  <div class='ocr_page' id='page_1' title='image "/cluster/home/n/w/nwhite01/storage/ocr_20150623/109/nnc1.0046979867/141.png"; bbox 0 0 4154 6446; ppageno 0'>
   <div class='ocr_carea' id='block_1_1' title="bbox 751 405 855 468">
    <p class='ocr_par' dir='ltr' id='par_1_1' title="bbox 751 405 855 468">
     <span class='ocr_line' id='line_1_1' title="bbox 751 405 855 468; baseline -0.01 0"><span class='ocrx_word' id='word_1_1' title='bbox 751 405 855 468; x_wconf 73' lang='lat'><strong>267</strong></span> 
     </span>
    </p>
   </div>
   <div class='ocr_carea' id='block_1_2' title="bbox 751 599 2327 673">
    <p class='ocr_par' dir='ltr' id='par_1_2' title="bbox 751 599 2327 673">
     <span class='ocr_line' id='line_1_2' title="bbox 751 599 2327 673; baseline -0.006 -10"><span class='ocrx_word' id='word_1_2' title='bbox 751 619 804 663; x_wconf 86' lang='lat' dir='ltr'><strong>et</strong></span> <span class='ocrx_word' id='word_1_3' title='bbox 834 605 1178 673; x_wconf 84' lang='lat' dir='ltr'><strong>deliciosum,</strong></span> <span class='ocrx_word' id='word_1_4' title='bbox 1212 612 1265 659; x_wconf 92' lang='lat' dir='ltr'><strong>et</strong></span> <span class='ocrx_word' id='word_1_5' title='bbox 1288 602 1673 667; x_wconf 79' lang='lat' dir='ltr'><strong>remissum,et</strong></span> <span class='ocrx_word' id='word_1_6' title='bbox 1699 600 1881 667; x_wconf 83' lang='lat' dir='ltr'><strong>molle,</strong></span> <span class='ocrx_word' id='word_1_7' title='bbox 1898 610 1952 655; x_wconf 91' lang='lat' dir='ltr'><strong>et</strong></span> <span class='ocrx_word' id='word_1_8' title='bbox 1987 599 2327 664; x_wconf 82' lang='lat' dir='ltr'><strong>indecorum,</strong></span> 
     </span>
    </p>
   </div>
   <div class='ocr_carea' id='block_1_3' title="bbox 749 691 2330 764">
    <p class='ocr_par' dir='ltr' id='par_1_3' title="bbox 749 691 2330 764">
     <span class='ocr_line' id='line_1_3' title="bbox 749 691 2330 764; baseline -0.006 -9"><span class='ocrx_word' id='word_1_9' title='bbox 749 717 811 755; x_wconf 74' lang='lat' dir='ltr'><strong>ex</strong></span> <span class='ocrx_word' id='word_1_10' title='bbox 840 699 1106 755; x_wconf 82' lang='lat' dir='ltr'><strong>ebrietate</strong></span> <span class='ocrx_word' id='word_1_11' title='bbox 1138 694 1373 752; x_wconf 82' lang='lat' dir='ltr'><strong>habebat</strong></span> <span class='ocrx_word' id='word_1_12' title='bbox 1401 693 1601 750; x_wconf 86' lang='lat' dir='ltr'><strong>Bacchi</strong></span> <span class='ocrx_word' id='word_1_13' title='bbox 1638 693 1939 764; x_wconf 74' lang='lat' dir='ltr'><strong>gratiarum</strong></span> <span class='ocrx_word' id='word_1_14' title='bbox 1961 691 2173 749; x_wconf 87' lang='lat' dir='ltr'><strong>datoris</strong></span> <span class='ocrx_word' id='word_1_15' title='bbox 2196 706 2330 763; x_wconf 69' lang='lat' dir='ltr'><strong>gau-</strong></span> 
     </span>
    </p>
   </div>
   <div class='ocr_carea' id='block_1_4' title="bbox 748 780 2329 859">
    <p class='ocr_par' dir='ltr' id='par_1_4' title="bbox 748 780 2329 859">
     <span class='ocr_line' id='line_1_4' title="bbox 748 780 2329 859; baseline -0.008 -15"><span class='ocrx_word' id='word_1_16' title='bbox 748 790 955 859; x_wconf 86' lang='lat' dir='ltr'><strong>diique,</strong></span> <span class='ocrx_word' id='word_1_17' title='bbox 997 800 1157 856; x_wconf 85' lang='lat' dir='ltr'><strong>quem</strong></span> <span class='ocrx_word' id='word_1_18' title='bbox 1182 800 1243 840; x_wconf 88' lang='lat' dir='ltr'><strong>se</strong></span> <span class='ocrx_word' id='word_1_19' title='bbox 1275 783 1547 839; x_wconf 86' lang='lat' dir='ltr'><strong>etimitari</strong></span> <span class='ocrx_word' id='word_1_20' title='bbox 1575 781 1875 851; x_wconf 90' lang='lat' dir='ltr'><strong>putabatet</strong></span> <span class='ocrx_word' id='word_1_21' title='bbox 1906 780 2202 844; x_wconf 85' lang='lat' dir='ltr'><strong>ambiebat,</strong></span> <span class='ocrx_word' id='word_1_22' title='bbox 2238 781 2329 835; x_wconf 81' lang='lat' dir='ltr'><strong>sed</strong></span> 
     </span>
    </p>
   </div>
   <div class='ocr_carea' id='block_1_5' title="bbox 747 873 2329 944">
    <p class='ocr_par' dir='ltr' id='par_1_5' title="bbox 747 873 2329 944">
     <span class='ocr_line' id='line_1_5' title="bbox 747 873 2329 944; baseline -0.007 -7"><span class='ocrx_word' id='word_1_23' title='bbox 747 897 941 937; x_wconf 82' lang='lat' dir='ltr'><strong>rursus</strong></span> <span class='ocrx_word' id='word_1_24' title='bbox 955 880 1118 935; x_wconf 89' lang='lat' dir='ltr'><strong>etiam</strong></span> <span class='ocrx_word' id='word_1_25' title='bbox 1138 879 1395 944; x_wconf 82' lang='lat' dir='ltr'><strong>crudelis,</strong></span> <span class='ocrx_word' id='word_1_26' title='bbox 1412 877 1557 931; x_wconf 89' lang='lat' dir='ltr'><strong>illius</strong></span> <span class='ocrx_word' id='word_1_27' title='bbox 1573 890 1746 939; x_wconf 88' lang='lat' dir='ltr'><strong>more,</strong></span> <span class='ocrx_word' id='word_1_28' title='bbox 1763 875 2032 931; x_wconf 88' lang='lat' dir='ltr'><strong>furiosum</strong></span> <span class='ocrx_word' id='word_1_29' title='bbox 2049 873 2329 944; x_wconf 74' lang='lat' dir='ltr'><strong>quidpiam</strong></span> 
     </span>
    </p>
   </div>
   <div class='ocr_carea' id='block_1_6' title="bbox 747 964 2333 1041">
    <p class='ocr_par' dir='ltr' id='par_1_6' title="bbox 747 964 2333 1041">
     <span class='ocr_line' id='line_1_6' title="bbox 747 964 2333 1041; baseline -0.004 -16"><span class='ocrx_word' id='word_1_30' title='bbox 747 971 1168 1041; x_wconf 87' lang='lat' dir='ltr'><strong>Titanicumque</strong></span> <span class='ocrx_word' id='word_1_31' title='bbox 1193 969 1543 1039; x_wconf 59' lang='lat' dir='ltr'><strong>praeferebat;</strong></span> <span class='ocrx_word' id='word_1_32' title='bbox 1574 982 1675 1021; x_wconf 86' lang='lat' dir='ltr'><strong>nec</strong></span> <span class='ocrx_word' id='word_1_33' title='bbox 1706 981 1832 1020; x_wconf 88' lang='lat' dir='ltr'><strong>raro</strong></span> <span class='ocrx_word' id='word_1_34' title='bbox 1856 966 2124 1019; x_wconf 86' lang='lat' dir='ltr'><strong>comicum</strong></span> <span class='ocrx_word' id='word_1_35' title='bbox 2154 964 2333 1035; x_wconf 88' lang='lat' dir='ltr'><strong>pervi-</strong></span> 
     </span>
    </p>
   </div>
   <div class='ocr_carea' id='block_1_7' title="bbox 744 1052 2333 1133">
    <p class='ocr_par' dir='ltr' id='par_1_7' title="bbox 744 1052 2333 1133">
     <span class='ocr_line' id='line_1_7' title="bbox 744 1052 2333 1133; baseline -0.005 -18"><span class='ocrx_word' id='word_1_36' title='bbox 744 1062 935 1133; x_wconf 80' lang='lat' dir='ltr'><strong>gilium</strong></span> <span class='ocrx_word' id='word_1_37' title='bbox 959 1062 1013 1115; x_wconf 92' lang='lat' dir='ltr'><strong>in</strong></span> <span class='ocrx_word' id='word_1_38' title='bbox 1035 1061 1303 1115; x_wconf 88' lang='lat' dir='ltr'><strong>malorum</strong></span> <span class='ocrx_word' id='word_1_39' title='bbox 1325 1057 1579 1119; x_wconf 89' lang='lat' dir='ltr'><strong>illidesiit</strong></span> <span class='ocrx_word' id='word_1_40' title='bbox 1601 1055 1944 1126; x_wconf 60' lang='lat' dir='ltr'><strong>tragoediam.</strong></span> <span class='ocrx_word' id='word_1_41' title='bbox 1966 1052 2042 1108; x_wconf 82' lang='lat' dir='ltr'><strong>Ex</strong></span> <span class='ocrx_word' id='word_1_42' title='bbox 2069 1054 2333 1108; x_wconf 87' lang='lat' dir='ltr'><strong>temulen-</strong></span> 
     </span>
    </p>
   </div>
   <div class='ocr_carea' id='block_1_8' title="bbox 747 1146 2332 1231">
    <p class='ocr_par' dir='ltr' id='par_1_8' title="bbox 747 1146 2332 1231">
     <span class='ocr_line' id='line_1_8' title="bbox 747 1146 2332 1231; baseline -0.006 -22"><span class='ocrx_word' id='word_1_43' title='bbox 747 1158 821 1209; x_wconf 92' lang='lat' dir='ltr'><strong>tia</strong></span> <span class='ocrx_word' id='word_1_44' title='bbox 858 1157 1003 1209; x_wconf 90' lang='lat' dir='ltr'><strong>enim</strong></span> <span class='ocrx_word' id='word_1_45' title='bbox 1030 1153 1379 1231; x_wconf 64' lang='lat' dir='ltr'><strong>debacclians</strong></span> <span class='ocrx_word' id='word_1_46' title='bbox 1412 1149 1771 1219; x_wconf 90' lang='lat' dir='ltr'><strong>felicioreque</strong></span> <span class='ocrx_word' id='word_1_47' title='bbox 1796 1146 2017 1202; x_wconf 89' lang='lat' dir='ltr'><strong>fortuna</strong></span> <span class='ocrx_word' id='word_1_48' title='bbox 2047 1147 2233 1202; x_wconf 89' lang='lat' dir='ltr'><strong>ebrius</strong></span> <span class='ocrx_word' id='word_1_49' title='bbox 2279 1146 2332 1200; x_wconf 91' lang='lat' dir='ltr'><strong>in</strong></span> 
     </span>
    </p>
   </div>
   <div class='ocr_carea' id='block_1_9' title="bbox 745 1239 2336 1313">
    <p class='ocr_par' dir='ltr' id='par_1_9' title="bbox 745 1239 2336 1313">
     <span class='ocr_line' id='line_1_9' title="bbox 745 1239 2336 1313; baseline -0.006 -10"><span class='ocrx_word' id='word_1_50' title='bbox 745 1262 965 1303; x_wconf 88' lang='lat' dir='ltr'><strong>omnem</strong></span> <span class='ocrx_word' id='word_1_51' title='bbox 1020 1246 1228 1301; x_wconf 77' lang='lat' dir='ltr'><strong>nefarie</strong></span> <span class='ocrx_word' id='word_1_52' title='bbox 1258 1244 1599 1313; x_wconf 80' lang='lat' dir='ltr'><strong>impietatem</strong></span> <span class='ocrx_word' id='word_1_53' title='bbox 1630 1242 1946 1311; x_wconf 86' lang='lat' dir='ltr'><strong>proruebat.</strong></span> <span class='ocrx_word' id='word_1_54' title='bbox 1980 1239 2115 1295; x_wconf 90' lang='lat' dir='ltr'><strong>Cum</strong></span> <span class='ocrx_word' id='word_1_55' title='bbox 2150 1239 2336 1309; x_wconf 90' lang='lat' dir='ltr'><strong>itaque</strong></span> 
     </span>
    </p>
   </div>
   <div class='ocr_carea' id='block_1_10' title="bbox 746 1332 2336 1400">
    <p class='ocr_par' dir='ltr' id='par_1_10' title="bbox 746 1332 2336 1400">
     <span class='ocr_line' id='line_1_10' title="bbox 746 1332 2336 1400; baseline -0.009 -6"><span class='ocrx_word' id='word_1_56' title='bbox 746 1349 897 1395; x_wconf 91' lang='lat' dir='ltr'><strong>totus</strong></span> <span class='ocrx_word' id='word_1_57' title='bbox 932 1352 1084 1393; x_wconf 87' lang='lat' dir='ltr'><strong>mero</strong></span> <span class='ocrx_word' id='word_1_58' title='bbox 1114 1335 1372 1391; x_wconf 88' lang='lat' dir='ltr'><strong>madidus</strong></span> <span class='ocrx_word' id='word_1_59' title='bbox 1419 1345 1474 1389; x_wconf 90' lang='lat' dir='ltr'><strong>et</strong></span> <span class='ocrx_word' id='word_1_60' title='bbox 1521 1333 1853 1388; x_wconf 87' lang='lat' dir='ltr'><strong>temulentus</strong></span> <span class='ocrx_word' id='word_1_61' title='bbox 1892 1340 2031 1397; x_wconf 73' lang='lat' dir='ltr'><strong>erat,</strong></span> <span class='ocrx_word' id='word_1_62' title='bbox 2070 1345 2133 1385; x_wconf 91' lang='lat' dir='ltr'><strong>ac</strong></span> <span class='ocrx_word' id='word_1_63' title='bbox 2174 1332 2336 1400; x_wconf 54' lang='lat' dir='ltr'><strong>quid;</strong></span> 
     </span>
    </p>
   </div>
   <div class='ocr_carea' id='block_1_11' title="bbox 744 1422 2335 1500">
    <p class='ocr_par' dir='ltr' id='par_1_11' title="bbox 744 1422 2335 1500">
     <span class='ocr_line' id='line_1_11' title="bbox 744 1422 2335 1500; baseline -0.004 -19"><span class='ocrx_word' id='word_1_64' title='bbox 744 1432 877 1500; x_wconf 78' lang='lat' dir='ltr'><strong>quid</strong></span> <span class='ocrx_word' id='word_1_65' title='bbox 945 1445 1174 1500; x_wconf 87' lang='lat' dir='ltr'><strong>prorsus</strong></span> <span class='ocrx_word' id='word_1_66' title='bbox 1238 1444 1381 1482; x_wconf 69' lang='lat' dir='ltr'><strong>sanas</strong></span> <span class='ocrx_word' id='word_1_67' title='bbox 1440 1426 1639 1480; x_wconf 87' lang='lat' dir='ltr'><strong>mentis</strong></span> <span class='ocrx_word' id='word_1_68' title='bbox 1719 1434 1803 1479; x_wconf 84' lang='lat' dir='ltr'><strong>est</strong></span> <span class='ocrx_word' id='word_1_69' title='bbox 1873 1431 2213 1484; x_wconf 81' lang='lat' dir='ltr'><strong>excusserat,</strong></span> <span class='ocrx_word' id='word_1_70' title='bbox 2268 1422 2335 1475; x_wconf 85' lang='lat' dir='ltr'><strong>ad</strong></span> 
     </span>
    </p>
   </div>
   <div class='ocr_carea' id='block_1_12' title="bbox 744 1513 2336 1587">
    <p class='ocr_par' dir='ltr' id='par_1_12' title="bbox 744 1513 2336 1587">
     <span class='ocr_line' id='line_1_12' title="bbox 744 1513 2336 1587; baseline -0.007 -11"><span class='ocrx_word' id='word_1_71' title='bbox 744 1522 921 1577; x_wconf 74' lang='lat' dir='ltr'><strong>caedes</strong></span> <span class='ocrx_word' id='word_1_72' title='bbox 981 1522 1227 1575; x_wconf 90' lang='lat' dir='ltr'><strong>animum</strong></span> <span class='ocrx_word' id='word_1_73' title='bbox 1281 1518 1574 1587; x_wconf 77' lang='lat' dir='ltr'><strong>adjiciebat</strong></span> <span class='ocrx_word' id='word_1_74' title='bbox 1631 1518 2096 1583; x_wconf 83' lang='lat' dir='ltr'><strong>innocentumque</strong></span> <span class='ocrx_word' id='word_1_75' title='bbox 2155 1513 2336 1566; x_wconf 72' lang='grc' dir='ltr'>Ιιοιιιίο</span> 
     </span>
    </p>
   </div>
   <div class='ocr_carea' id='block_1_13' title="bbox 747 1604 2338 1684">
    <p class='ocr_par' dir='ltr' id='par_1_13' title="bbox 747 1604 2338 1684">
     <span class='ocr_line' id='line_1_13' title="bbox 747 1604 2338 1684; baseline -0.006 -15"><span class='ocrx_word' id='word_1_76' title='bbox 747 1630 879 1669; x_wconf 91' lang='lat' dir='ltr'><strong>num</strong></span> <span class='ocrx_word' id='word_1_77' title='bbox 929 1626 1145 1669; x_wconf 76' lang='lat' dir='ltr'><strong>atroces</strong></span> <span class='ocrx_word' id='word_1_78' title='bbox 1180 1629 1371 1684; x_wconf 77' lang='lat' dir='ltr'><strong>pmnas</strong></span> <span class='ocrx_word' id='word_1_79' title='bbox 1417 1627 1481 1665; x_wconf 90' lang='lat' dir='ltr'><strong>ac</strong></span> <span class='ocrx_word' id='word_1_80' title='bbox 1513 1625 1672 1663; x_wconf 82' lang='lat' dir='ltr'><strong>neces</strong></span> <span class='ocrx_word' id='word_1_81' title='bbox 1715 1608 2041 1676; x_wconf 80' lang='lat' dir='ltr'><strong>imperabat.</strong></span> <span class='ocrx_word' id='word_1_82' title='bbox 2074 1605 2199 1660; x_wconf 73' lang='lat' dir='ltr'><strong>Ilzec</strong></span> <span class='ocrx_word' id='word_1_83' title='bbox 2226 1604 2338 1660; x_wconf 86' lang='lat' dir='ltr'><strong>fere</strong></span> 
     </span>
    </p>
   </div>
   <div class='ocr_carea' id='block_1_14' title="bbox 751 1700 2337 1772">
    <p class='ocr_par' dir='ltr' id='par_1_14' title="bbox 751 1700 2337 1772">
     <span class='ocr_line' id='line_1_14' title="bbox 751 1700 2337 1772; baseline -0.004 -13"><span class='ocrx_word' id='word_1_84' title='bbox 751 1709 900 1761; x_wconf 88' lang='lat' dir='ltr'><strong>illius</strong></span> <span class='ocrx_word' id='word_1_85' title='bbox 945 1710 1009 1760; x_wconf 88' lang='lat' dir='ltr'><strong>ad</strong></span> <span class='ocrx_word' id='word_1_86' title='bbox 1042 1707 1327 1761; x_wconf 89' lang='lat' dir='ltr'><strong>ministros</strong></span> <span class='ocrx_word' id='word_1_87' title='bbox 1365 1703 1517 1772; x_wconf 87' lang='lat' dir='ltr'><strong>jussa</strong></span> <span class='ocrx_word' id='word_1_88' title='bbox 1556 1719 1568 1755; x_wconf 90' lang='lat'><strong>:</strong></span> <span class='ocrx_word' id='word_1_89' title='bbox 1613 1701 1763 1755; x_wconf 81' lang='lat' dir='ltr'><strong>Hunc</strong></span> <span class='ocrx_word' id='word_1_90' title='bbox 1803 1701 2057 1770; x_wconf 81' lang='lat' dir='ltr'><strong>illumque</strong></span> <span class='ocrx_word' id='word_1_91' title='bbox 2101 1700 2337 1754; x_wconf 82' lang='lat' dir='ltr'><strong>tollentes</strong></span> 
     </span>
    </p>
   </div>
   <div class='ocr_carea' id='block_1_15' title="bbox 746 1791 2335 1860">
    <p class='ocr_par' dir='ltr' id='par_1_15' title="bbox 746 1791 2335 1860">
     <span class='ocr_line' id='line_1_15' title="bbox 746 1791 2335 1860; baseline -0.004 -11"><span class='ocrx_word' id='word_1_92' title='bbox 746 1798 921 1851; x_wconf 77' lang='lat' dir='ltr'><strong>lictori</strong></span> <span class='ocrx_word' id='word_1_93' title='bbox 952 1798 1166 1849; x_wconf 85' lang='lat' dir='ltr'><strong>tradite.</strong></span> <span class='ocrx_word' id='word_1_94' title='bbox 1223 1794 1397 1847; x_wconf 73' lang='lat' dir='ltr'><strong>Alteri</strong></span> <span class='ocrx_word' id='word_1_95' title='bbox 1448 1793 1627 1846; x_wconf 85' lang='lat' dir='ltr'><strong>oculos</strong></span> <span class='ocrx_word' id='word_1_96' title='bbox 1664 1792 1913 1860; x_wconf 75' lang='lat' dir='ltr'><strong>effodile;</strong></span> <span class='ocrx_word' id='word_1_97' title='bbox 1956 1791 2178 1845; x_wconf 85' lang='lat' dir='ltr'><strong>alterius</strong></span> <span class='ocrx_word' id='word_1_98' title='bbox 2224 1808 2335 1843; x_wconf 85' lang='lat' dir='ltr'><strong>ma-</strong></span> 
     </span>
    </p>
   </div>
   <div class='ocr_carea' id='block_1_16' title="bbox 1852 399 2951 461">
    <p class='ocr_par' dir='ltr' id='par_1_16' title="bbox 1852 399 2951 461">
     <span class='ocr_line' id='line_1_16' title="bbox 1852 399 2951 461; baseline -0.001 0"><span class='ocrx_word' id='word_1_99' title='bbox 1852 399 2361 461; x_wconf 72' lang='lat' dir='ltr'><strong>TllEOl’IlANES</strong></span> <span class='ocrx_word' id='word_1_100' title='bbox 2392 399 2951 461; x_wconf 72' lang='lat' dir='ltr'><strong>CUN&#39;l&#39;lNUATUS.</strong></span> 
     </span>
    </p>
   </div>
   <div class='ocr_carea' id='block_1_17' title="bbox 819 507 2399 584">
    <p class='ocr_par' dir='ltr' id='par_1_17' title="bbox 819 507 2399 584">
     <span class='ocr_line' id='line_1_17' title="bbox 819 507 2399 584; baseline -0.006 -13"><span class='ocrx_word' id='word_1_101' title='bbox 819 517 909 571; x_wconf 74' lang='lat'><strong>26.</strong></span> <span class='ocrx_word' id='word_1_102' title='bbox 952 512 1135 584; x_wconf 74' lang='lat' dir='ltr'><strong>Neque</strong></span> <span class='ocrx_word' id='word_1_103' title='bbox 1178 520 1357 567; x_wconf 86' lang='lat' dir='ltr'><strong>tamen</strong></span> <span class='ocrx_word' id='word_1_104' title='bbox 1392 508 1536 581; x_wconf 88' lang='lat' dir='ltr'><strong>quod</strong></span> <span class='ocrx_word' id='word_1_105' title='bbox 1564 522 1732 565; x_wconf 78' lang='lat' dir='ltr'><strong>suave</strong></span> <span class='ocrx_word' id='word_1_106' title='bbox 1766 508 1969 575; x_wconf 84' lang='lat' dir='ltr'><strong>solum,</strong></span> <span class='ocrx_word' id='word_1_107' title='bbox 2003 518 2056 563; x_wconf 92' lang='lat' dir='ltr'><strong>et</strong></span> <span class='ocrx_word' id='word_1_108' title='bbox 2084 507 2325 564; x_wconf 89' lang='lat' dir='ltr'><strong>solutum</strong></span> <span class='ocrx_word' id='word_1_109' title='bbox 2358 513 2399 568; x_wconf 78' lang='grc' dir='ltr'><strong>Α</strong></span> 
     </span>
    </p>
   </div>
   <div class='ocr_carea' id='block_1_18' title="bbox 3915 401 4017 463">
    <p class='ocr_par' dir='ltr' id='par_1_18' title="bbox 3915 401 4017 463">
     <span class='ocr_line' id='line_1_18' title="bbox 3915 401 4017 463; baseline 0 0"><span class='ocrx_word' id='word_1_110' title='bbox 3915 401 4017 463; x_wconf 71' lang='lat'><strong>268</strong></span> 
     </span>
    </p>
   </div>
   <div class='ocr_carea' id='block_1_19' title="bbox 2502 504 4015 580">
    <p class='ocr_par' dir='ltr' id='par_1_19' title="bbox 2502 504 4015 580">
     <span class='ocr_line' id='line_1_19' title="bbox 2502 504 4015 580; baseline 0.003 -20"><span class='ocrx_word' id='word_1_111' title='bbox 2502 513 2613 572; x_wconf 69' lang='lat' dir='ltr'><strong>xc&#39;.</strong></span> <span class='ocrx_word' id='word_1_112' title='bbox 2647 507 2794 577; x_wconf 66' lang='grc' dir='ltr'>Πλὴν</span> <span class='ocrx_word' id='word_1_113' title='bbox 2850 506 2910 561; x_wconf 82' lang='grc' dir='ltr'><strong>οὑ</strong></span> <span class='ocrx_word' id='word_1_114' title='bbox 2938 506 2999 561; x_wconf 71' lang='grc' dir='ltr'>τὸ</span> <span class='ocrx_word' id='word_1_115' title='bbox 3052 504 3316 579; x_wconf 74' lang='grc' dir='ltr'><strong>μειλίχιον</strong></span> <span class='ocrx_word' id='word_1_116' title='bbox 3358 507 3518 580; x_wconf 86' lang='grc' dir='ltr'>μόνον</span> <span class='ocrx_word' id='word_1_117' title='bbox 3582 509 3676 564; x_wconf 75' lang='grc' dir='ltr'>καὶ</span> <span class='ocrx_word' id='word_1_118' title='bbox 3708 509 3892 566; x_wconf 79' lang='grc' dir='ltr'>λυαίον</span> <span class='ocrx_word' id='word_1_119' title='bbox 3924 513 4015 565; x_wconf 65' lang='grc' dir='ltr'>καῒ</span> 
     </span>
    </p>
   </div>
   <div class='ocr_carea' id='block_1_20' title="bbox 2431 598 4008 675">
    <p class='ocr_par' dir='ltr' id='par_1_20' title="bbox 2431 598 4008 675">
     <span class='ocr_line' id='line_1_20' title="bbox 2431 598 4008 675; baseline 0.003 -23"><span class='ocrx_word' id='word_1_120' title='bbox 2431 598 2706 670; x_wconf 78' lang='grc' dir='ltr'>τρυφηλόν</span> <span class='ocrx_word' id='word_1_121' title='bbox 2738 615 2795 652; x_wconf 84' lang='grc' dir='ltr'><strong>τε</strong></span> <span class='ocrx_word' id='word_1_122' title='bbox 2819 600 2860 631; x_wconf 78' lang='grc'><strong>⁸⁷</strong></span> <span class='ocrx_word' id='word_1_123' title='bbox 2881 599 2974 654; x_wconf 70' lang='grc' dir='ltr'>καὶ</span> <span class='ocrx_word' id='word_1_124' title='bbox 2989 599 3276 670; x_wconf 78' lang='grc' dir='ltr'>ἀνειμένον</span> <span class='ocrx_word' id='word_1_125' title='bbox 3307 602 3398 656; x_wconf 67' lang='grc' dir='ltr'>καὶ</span> <span class='ocrx_word' id='word_1_126' title='bbox 3423 602 3631 657; x_wconf 79' lang='grc' dir='ltr'>ἁπαλὸν</span> <span class='ocrx_word' id='word_1_127' title='bbox 3650 604 3745 658; x_wconf 72' lang='grc' dir='ltr'>καὶ</span> <span class='ocrx_word' id='word_1_128' title='bbox 3772 620 4008 675; x_wconf 83' lang='grc' dir='ltr'>παρακε-</span> 
     </span>
    </p>
   </div>
   <div class='ocr_carea' id='block_1_21' title="bbox 2433 684 4018 762">
    <p class='ocr_par' dir='ltr' id='par_1_21' title="bbox 2433 684 4018 762">
     <span class='ocr_line' id='line_1_21' title="bbox 2433 684 4018 762; baseline 0.003 -22"><span class='ocrx_word' id='word_1_129' title='bbox 2433 688 2659 758; x_wconf 79' lang='grc' dir='ltr'>κινηκδς</span> <span class='ocrx_word' id='word_1_130' title='bbox 2689 688 2752 740; x_wconf 70' lang='grc' dir='ltr'><strong>ἐκ</strong></span> <span class='ocrx_word' id='word_1_131' title='bbox 2778 684 2880 756; x_wconf 81' lang='grc' dir='ltr'>τῆς</span> <span class='ocrx_word' id='word_1_132' title='bbox 2914 687 3086 760; x_wconf 77' lang='grc' dir='ltr'>μέθης</span> <span class='ocrx_word' id='word_1_133' title='bbox 3116 686 3380 759; x_wconf 69' lang='grc' dir='ltr'>ἐκέκτητο</span> <span class='ocrx_word' id='word_1_134' title='bbox 3416 688 3509 744; x_wconf 78' lang='grc' dir='ltr'><strong>τοῦ</strong></span> <span class='ocrx_word' id='word_1_135' title='bbox 3528 690 3813 762; x_wconf 85' lang='grc' dir='ltr'>χαριδότου</span> <span class='ocrx_word' id='word_1_136' title='bbox 3833 691 4018 747; x_wconf 84' lang='grc' dir='ltr'>Διονύ·</span> 
     </span>
    </p>
   </div>
   <div class='ocr_carea' id='block_1_22' title="bbox 2436 777 4019 851">
    <p class='ocr_par' dir='ltr' id='par_1_22' title="bbox 2436 777 4019 851">
     <span class='ocr_line' id='line_1_22' title="bbox 2436 777 4019 851; baseline 0.004 -20"><span class='ocrx_word' id='word_1_137' title='bbox 2436 794 2553 839; x_wconf 84' lang='grc' dir='ltr'>σου,</span> <span class='ocrx_word' id='word_1_138' title='bbox 2612 777 2671 832; x_wconf 87' lang='grc' dir='ltr'><strong>δν</strong></span> <span class='ocrx_word' id='word_1_139' title='bbox 2725 778 3014 849; x_wconf 80' lang='grc' dir='ltr'>μιμεῖσθαι</span> <span class='ocrx_word' id='word_1_140' title='bbox 3051 779 3189 851; x_wconf 80' lang='grc' dir='ltr'>ᾢετο</span> <span class='ocrx_word' id='word_1_141' title='bbox 3218 782 3313 835; x_wconf 67' lang='grc' dir='ltr'>καὶ</span> <span class='ocrx_word' id='word_1_142' title='bbox 3335 782 3667 847; x_wconf 69' lang='grc' dir='ltr'>δσπούδοζεν</span> <span class='ocrx_word' id='word_1_143' title='bbox 3694 798 3710 816; x_wconf 88' lang='grc'><strong>·</strong></span> <span class='ocrx_word' id='word_1_144' title='bbox 3746 784 3885 839; x_wconf 85' lang='grc' dir='ltr'><strong>ἀλλά</strong></span> <span class='ocrx_word' id='word_1_145' title='bbox 3922 789 4019 840; x_wconf 63' lang='grc' dir='ltr'><strong>καδ¹</strong></span> 
     </span>
    </p>
   </div>
   <div class='ocr_carea' id='block_1_23' title="bbox 2433 868 4016 947">
    <p class='ocr_par' dir='ltr' id='par_1_23' title="bbox 2433 868 4016 947">
     <span class='ocr_line' id='line_1_23' title="bbox 2433 868 4016 947; baseline 0.005 -26"><span class='ocrx_word' id='word_1_146' title='bbox 2433 868 2508 932; x_wconf 83' lang='grc' dir='ltr'>ὡς</span> <span class='ocrx_word' id='word_1_147' title='bbox 2531 869 2795 942; x_wconf 75' lang='grc' dir='ltr'><strong>ὠμηστὴς</strong></span> <span class='ocrx_word' id='word_1_148' title='bbox 2816 871 2863 901; x_wconf 77' lang='grc'><strong>³⁸</strong></span> <span class='ocrx_word' id='word_1_149' title='bbox 2896 871 3057 925; x_wconf 83' lang='grc' dir='ltr'>πάλιν</span> <span class='ocrx_word' id='word_1_150' title='bbox 3086 872 3208 926; x_wconf 80' lang='grc' dir='ltr'>κατ’</span> <span class='ocrx_word' id='word_1_151' title='bbox 3266 874 3430 928; x_wconf 68' lang='grc' dir='ltr'>αὑτὸν</span> <span class='ocrx_word' id='word_1_152' title='bbox 3478 878 3687 929; x_wconf 85' lang='grc' dir='ltr'>ἐκεῖνον</span> <span class='ocrx_word' id='word_1_153' title='bbox 3719 878 3763 909; x_wconf 72' lang='grc'><strong>’⁸</strong></span> <span class='ocrx_word' id='word_1_154' title='bbox 3794 872 3909 947; x_wconf 68' lang='grc' dir='ltr'>εἶχε</span> <span class='ocrx_word' id='word_1_155' title='bbox 3953 878 4016 929; x_wconf 71' lang='grc' dir='ltr'><strong>τὸ</strong></span> 
     </span>
    </p>
   </div>
   <div class='ocr_carea' id='block_1_24' title="bbox 2434 960 4015 1039">
    <p class='ocr_par' dir='ltr' id='par_1_24' title="bbox 2434 960 4015 1039">
     <span class='ocr_line' id='line_1_24' title="bbox 2434 960 4015 1039; baseline 0.007 -27"><span class='ocrx_word' id='word_1_156' title='bbox 2434 960 2724 1031; x_wconf 68' lang='grc' dir='ltr'>ἐρινυῶδες</span> <span class='ocrx_word' id='word_1_157' title='bbox 2776 978 2836 1015; x_wconf 87' lang='grc' dir='ltr'><strong>τε</strong></span> <span class='ocrx_word' id='word_1_158' title='bbox 2885 964 2991 1017; x_wconf 55' lang='grc' dir='ltr'>καὶο</span> <span class='ocrx_word' id='word_1_159' title='bbox 3021 966 3321 1028; x_wconf 74' lang='grc' dir='ltr'>τιτανικὸν.</span> <span class='ocrx_word' id='word_1_160' title='bbox 3356 968 3450 1021; x_wconf 78' lang='grc' dir='ltr'>καὶ</span> <span class='ocrx_word' id='word_1_161' title='bbox 3478 967 3741 1031; x_wconf 78' lang='grc' dir='ltr'><strong>πολλάκις</strong></span> <span class='ocrx_word' id='word_1_162' title='bbox 3788 971 4015 1039; x_wconf 78' lang='grc' dir='ltr'>κωμικὴ</span> 
     </span>
    </p>
   </div>
   <div class='ocr_carea' id='block_1_25' title="bbox 2436 1055 4013 1132">
    <p class='ocr_par' dir='ltr' id='par_1_25' title="bbox 2436 1055 4013 1132">
     <span class='ocr_line' id='line_1_25' title="bbox 2436 1055 4013 1132; baseline 0.006 -27"><span class='ocrx_word' id='word_1_163' title='bbox 2436 1055 2701 1123; x_wconf 70' lang='grc' dir='ltr'>παννυχὶς</span> <span class='ocrx_word' id='word_1_164' title='bbox 2727 1058 2807 1117; x_wconf 79' lang='grc' dir='ltr'>εἰς</span> <span class='ocrx_word' id='word_1_165' title='bbox 2835 1055 3143 1126; x_wconf 82' lang='grc' dir='ltr'>τραγῳδίαν</span> <span class='ocrx_word' id='word_1_166' title='bbox 3168 1059 3465 1130; x_wconf 79' lang='grc' dir='ltr'>συμφορῶν</span> <span class='ocrx_word' id='word_1_167' title='bbox 3493 1059 3871 1132; x_wconf 83' lang='grc' dir='ltr'>ἐτελεύτησεν.</span> <span class='ocrx_word' id='word_1_168' title='bbox 3907 1064 4013 1116; x_wconf 84' lang='grc' dir='ltr'>Ἐκ</span> 
     </span>
    </p>
   </div>
   <div class='ocr_carea' id='block_1_26' title="bbox 2435 1146 4019 1225">
    <p class='ocr_par' dir='ltr' id='par_1_26' title="bbox 2435 1146 4019 1225">
     <span class='ocr_line' id='line_1_26' title="bbox 2435 1146 4019 1225; baseline 0.005 -26"><span class='ocrx_word' id='word_1_169' title='bbox 2435 1164 2496 1199; x_wconf 87' lang='grc' dir='ltr'><strong>τε</strong></span> <span class='ocrx_word' id='word_1_170' title='bbox 2529 1146 2634 1217; x_wconf 86' lang='grc' dir='ltr'>γὰρ</span> <span class='ocrx_word' id='word_1_171' title='bbox 2683 1146 2785 1216; x_wconf 81' lang='grc' dir='ltr'>τῆς</span> <span class='ocrx_word' id='word_1_172' title='bbox 2837 1148 3009 1217; x_wconf 83' lang='grc' dir='ltr'>μέθης</span> <span class='ocrx_word' id='word_1_173' title='bbox 3062 1149 3340 1220; x_wconf 86' lang='grc' dir='ltr'>παροινῶν</span> <span class='ocrx_word' id='word_1_174' title='bbox 3372 1152 3465 1203; x_wconf 74' lang='grc' dir='ltr'>καὶ</span> <span class='ocrx_word' id='word_1_175' title='bbox 3504 1153 3568 1205; x_wconf 83' lang='grc' dir='ltr'><strong>ἐκ</strong></span> <span class='ocrx_word' id='word_1_176' title='bbox 3614 1155 3712 1223; x_wconf 85' lang='grc' dir='ltr'>τῆς</span> <span class='ocrx_word' id='word_1_177' title='bbox 3761 1154 4019 1225; x_wconf 71' lang='grc' dir='ltr'>εὐτυχίας</span> 
     </span>
    </p>
   </div>
   <div class='ocr_carea' id='block_1_27' title="bbox 2438 1237 4023 1309">
    <p class='ocr_par' dir='ltr' id='par_1_27' title="bbox 2438 1237 4023 1309">
     <span class='ocr_line' id='line_1_27' title="bbox 2438 1237 4023 1309; baseline 0.007 -21"><span class='ocrx_word' id='word_1_178' title='bbox 2438 1237 2774 1307; x_wconf 82' lang='grc' dir='ltr'><strong>παρανόμως</strong></span> <span class='ocrx_word' id='word_1_179' title='bbox 2798 1240 2880 1303; x_wconf 85' lang='grc' dir='ltr'><strong>είς</strong></span> <span class='ocrx_word' id='word_1_180' title='bbox 2908 1240 3055 1294; x_wconf 86' lang='grc' dir='ltr'>ἀπαν</span> <span class='ocrx_word' id='word_1_181' title='bbox 3111 1240 3368 1307; x_wconf 78' lang='grc' dir='ltr'>ἐξώκειλε</span> <span class='ocrx_word' id='word_1_182' title='bbox 3418 1243 3699 1309; x_wconf 77' lang='grc' dir='ltr'>δυσσεεές.</span> <span class='ocrx_word' id='word_1_183' title='bbox 3748 1247 3877 1300; x_wconf 87' lang='grc' dir='ltr'>ὀτε</span> <span class='ocrx_word' id='word_1_184' title='bbox 3927 1244 4023 1302; x_wconf 73' lang='grc' dir='ltr'>οὖν</span> 
     </span>
    </p>
   </div>
   <div class='ocr_carea' id='block_1_28' title="bbox 2438 1330 4019 1407">
    <p class='ocr_par' dir='ltr' id='par_1_28' title="bbox 2438 1330 4019 1407">
     <span class='ocr_line' id='line_1_28' title="bbox 2438 1330 4019 1407; baseline 0.005 -24"><span class='ocrx_word' id='word_1_185' title='bbox 2438 1331 2557 1393; x_wconf 82' lang='grc' dir='ltr'>ὅλος</span> <span class='ocrx_word' id='word_1_186' title='bbox 2579 1330 2671 1385; x_wconf 74' lang='grc' dir='ltr'>τοῦ</span> <span class='ocrx_word' id='word_1_187' title='bbox 2696 1332 2935 1401; x_wconf 81' lang='grc' dir='ltr'><strong>ἀκράτου</strong></span> <span class='ocrx_word' id='word_1_188' title='bbox 2968 1333 3186 1403; x_wconf 73' lang='grc' dir='ltr'>καὶτῆς</span> <span class='ocrx_word' id='word_1_189' title='bbox 3220 1333 3391 1405; x_wconf 85' lang='grc' dir='ltr'>μέθης</span> <span class='ocrx_word' id='word_1_190' title='bbox 3439 1335 3659 1402; x_wconf 79' lang='grc' dir='ltr'>ἐγένετο</span> <span class='ocrx_word' id='word_1_191' title='bbox 3695 1340 3788 1391; x_wconf 82' lang='grc' dir='ltr'>καὶ</span> <span class='ocrx_word' id='word_1_192' title='bbox 3838 1340 4019 1407; x_wconf 82' lang='grc' dir='ltr'>πάντη</span> 
     </span>
    </p>
   </div>
   <div class='ocr_carea' id='block_1_29' title="bbox 2438 1422 4024 1501">
    <p class='ocr_par' dir='ltr' id='par_1_29' title="bbox 2438 1422 4024 1501">
     <span class='ocr_line' id='line_1_29' title="bbox 2438 1422 4024 1501; baseline 0.004 -27"><span class='ocrx_word' id='word_1_193' title='bbox 2438 1422 2538 1483; x_wconf 78' lang='grc' dir='ltr'><strong>τάς</strong></span> <span class='ocrx_word' id='word_1_194' title='bbox 2594 1424 2801 1487; x_wconf 76' lang='grc' dir='ltr'>οἰκείας</span> <span class='ocrx_word' id='word_1_195' title='bbox 2862 1425 3069 1494; x_wconf 79' lang='grc' dir='ltr'>φρένας</span> <span class='ocrx_word' id='word_1_196' title='bbox 3117 1424 3389 1489; x_wconf 78' lang='grc' dir='ltr'><strong>ἀπώλεσε,</strong></span> <span class='ocrx_word' id='word_1_197' title='bbox 3424 1427 3560 1498; x_wconf 61' lang='grc' dir='ltr'>πρὸς</span> <span class='ocrx_word' id='word_1_198' title='bbox 3598 1428 3790 1495; x_wconf 76' lang='grc' dir='ltr'>φόνους</span> <span class='ocrx_word' id='word_1_199' title='bbox 3823 1430 4024 1501; x_wconf 77' lang='grc' dir='ltr'>ἐχώρει</span> 
     </span>
    </p>
   </div>
   <div class='ocr_carea' id='block_1_30' title="bbox 2440 1516 4024 1585">
    <p class='ocr_par' dir='ltr' id='par_1_30' title="bbox 2440 1516 4024 1585">
     <span class='ocr_line' id='line_1_30' title="bbox 2440 1516 4024 1585; baseline 0.003 -18"><span class='ocrx_word' id='word_1_200' title='bbox 2440 1516 2696 1585; x_wconf 73' lang='grc' dir='ltr'>καὶπρὸς</span> <span class='ocrx_word' id='word_1_201' title='bbox 2725 1518 2982 1570; x_wconf 82' lang='grc' dir='ltr'>ἀναιτίων</span> <span class='ocrx_word' id='word_1_202' title='bbox 3010 1516 3315 1585; x_wconf 76' lang='grc' dir='ltr'>ἀνθρώπων</span> <span class='ocrx_word' id='word_1_203' title='bbox 3348 1518 3675 1581; x_wconf 79' lang='grc' dir='ltr'><strong>ἀλλοκότους</strong></span> <span class='ocrx_word' id='word_1_204' title='bbox 3697 1520 3890 1581; x_wconf 73' lang='grc' dir='ltr'>ποινὰς</span> <span class='ocrx_word' id='word_1_205' title='bbox 3926 1523 4024 1573; x_wconf 71' lang='grc' dir='ltr'><strong>καὶ</strong></span> 
     </span>
    </p>
   </div>
   <div class='ocr_carea' id='block_1_31' title="bbox 2442 1608 4024 1679">
    <p class='ocr_par' dir='ltr' id='par_1_31' title="bbox 2442 1608 4024 1679">
     <span class='ocr_line' id='line_1_31' title="bbox 2442 1608 4024 1679; baseline 0.003 -20"><span class='ocrx_word' id='word_1_206' title='bbox 2442 1608 2678 1675; x_wconf 78' lang='grc' dir='ltr'>σφαγὰς,</span> <span class='ocrx_word' id='word_1_207' title='bbox 2709 1611 2804 1661; x_wconf 72' lang='grc' dir='ltr'>καὶ</span> <span class='ocrx_word' id='word_1_208' title='bbox 2826 1610 2937 1671; x_wconf 85' lang='grc' dir='ltr'>τοῖς</span> <span class='ocrx_word' id='word_1_209' title='bbox 2961 1609 3260 1679; x_wconf 80' lang='grc' dir='ltr'>ὑπηρέταις</span> <span class='ocrx_word' id='word_1_210' title='bbox 3280 1609 3627 1661; x_wconf 87' lang='grc' dir='ltr'>ἐνεκελεύετο</span> <span class='ocrx_word' id='word_1_211' title='bbox 3648 1626 3661 1639; x_wconf 85' lang='grc'><strong>·</strong></span> <span class='ocrx_word' id='word_1_212' title='bbox 3690 1609 3806 1663; x_wconf 80' lang='grc' dir='ltr'><em>Τὸν</em></span> <span class='ocrx_word' id='word_1_213' title='bbox 3827 1611 4024 1675; x_wconf 78' lang='grc' dir='ltr'>δεῖνα,</span> 
     </span>
    </p>
   </div>
   <div class='ocr_carea' id='block_1_32' title="bbox 2442 1699 4023 1770">
    <p class='ocr_par' dir='ltr' id='par_1_32' title="bbox 2442 1699 4023 1770">
     <span class='ocr_line' id='line_1_32' title="bbox 2442 1699 4023 1770; baseline 0.003 -20"><span class='ocrx_word' id='word_1_214' title='bbox 2442 1700 2594 1769; x_wconf 69' lang='grc' dir='ltr'>φησὶ,</span> <span class='ocrx_word' id='word_1_215' title='bbox 2632 1700 2728 1751; x_wconf 71' lang='grc' dir='ltr'>καὶ</span> <span class='ocrx_word' id='word_1_216' title='bbox 2796 1700 2964 1752; x_wconf 67' lang='grc' dir='ltr'>δεῖνα</span> <span class='ocrx_word' id='word_1_217' title='bbox 2999 1702 3293 1764; x_wconf 73' lang='grc' dir='ltr'>λαόόντες</span> <span class='ocrx_word' id='word_1_218' title='bbox 3328 1699 3406 1764; x_wconf 79' lang='grc' dir='ltr'>τῷ</span> <span class='ocrx_word' id='word_1_219' title='bbox 3438 1700 3629 1768; x_wconf 81' lang='grc' dir='ltr'>δημίῳ</span> <span class='ocrx_word' id='word_1_220' title='bbox 3684 1702 3987 1770; x_wconf 74' lang='grc' dir='ltr'>παράδοτε</span> <span class='ocrx_word' id='word_1_221' title='bbox 4009 1744 4023 1764; x_wconf 85' lang='grc'><strong>,</strong></span> 
     </span>
    </p>
   </div>
   <div class='ocr_carea' id='block_1_33' title="bbox 2443 1791 4023 1861">
    <p class='ocr_par' dir='ltr' id='par_1_33' title="bbox 2443 1791 4023 1861">
     <span class='ocr_line' id='line_1_33' title="bbox 2443 1791 4023 1861; baseline 0.001 -18"><span class='ocrx_word' id='word_1_222' title='bbox 2443 1791 2539 1843; x_wconf 77' lang='grc' dir='ltr'><strong>καί</strong></span> <span class='ocrx_word' id='word_1_223' title='bbox 2579 1791 2783 1857; x_wconf 75' lang='grc' dir='ltr'>ἐτέρου</span> <span class='ocrx_word' id='word_1_224' title='bbox 2823 1792 2963 1857; x_wconf 77' lang='grc' dir='ltr'>τοὺς</span> <span class='ocrx_word' id='word_1_225' title='bbox 2984 1792 3335 1859; x_wconf 61' lang='grc' dir='ltr'>ὀφθαλμοὺς</span> <span class='ocrx_word' id='word_1_226' title='bbox 3360 1792 3702 1861; x_wconf 78' lang='grc' dir='ltr'>ἐξορύξατε,</span> <span class='ocrx_word' id='word_1_227' title='bbox 3757 1794 3852 1846; x_wconf 81' lang='grc' dir='ltr'><strong>καί</strong></span> <span class='ocrx_word' id='word_1_228' title='bbox 3908 1794 4023 1847; x_wconf 68' lang='grc' dir='ltr'><strong>ἆλ-</strong></span> 
     </span>
    </p>
   </div>
   <div class='ocr_carea' id='block_1_34' title="bbox 748 1855 2338 1956">
    <p class='ocr_par' dir='ltr' id='par_1_34' title="bbox 748 1855 2333 1956">
     <span class='ocr_line' id='line_1_34' title="bbox 748 1855 2333 1956; baseline -0.004 -16"><span class='ocrx_word' id='word_1_229' title='bbox 748 1904 844 1941; x_wconf 80' lang='lat' dir='ltr'><strong>nus</strong></span> <span class='ocrx_word' id='word_1_230' title='bbox 884 1887 1138 1956; x_wconf 78' lang='lat' dir='ltr'><strong>pedesque</strong></span> <span class='ocrx_word' id='word_1_231' title='bbox 1176 1885 1530 1953; x_wconf 73' lang='lat' dir='ltr'><strong>prtcsciudite.</strong></span> <span class='ocrx_word' id='word_1_232' title='bbox 1567 1883 1670 1936; x_wconf 80' lang='lat' dir='ltr'><strong>llic</strong></span> <span class='ocrx_word' id='word_1_233' title='bbox 1694 1855 1875 1951; x_wconf 52' lang='lat' dir='ltr'><strong>rapite</strong></span> <span class='ocrx_word' id='word_1_234' title='bbox 1919 1883 2063 1947; x_wconf 84' lang='lat' dir='ltr'><strong>luat;</strong></span> <span class='ocrx_word' id='word_1_235' title='bbox 2097 1883 2187 1935; x_wconf 84' lang='lat' dir='ltr'><strong>illc</strong></span> <span class='ocrx_word' id='word_1_236' title='bbox 2219 1883 2333 1949; x_wconf 65' lang='lat' dir='ltr'><strong>igne</strong></span> 
     </span>
    </p>
   </div>
   <div class='ocr_carea' id='block_1_35' title="bbox 2442 1855 4021 1956">
    <p class='ocr_par' dir='ltr' id='par_1_35' title="bbox 2442 1855 4021 1952">
     <span class='ocr_line' id='line_1_35' title="bbox 2442 1855 4021 1952; baseline 0.002 -18"><span class='ocrx_word' id='word_1_237' title='bbox 2442 1885 2551 1935; x_wconf 68' lang='grc' dir='ltr'>λου</span> <span class='ocrx_word' id='word_1_238' title='bbox 2592 1855 2697 1946; x_wconf 62' lang='grc' dir='ltr'>τάξ</span> <span class='ocrx_word' id='word_1_239' title='bbox 2728 1855 3067 1950; x_wconf 15' lang='grc' dir='ltr'>χεῖραςήκέιὶ</span> <span class='ocrx_word' id='word_1_240' title='bbox 3107 1855 3253 1946; x_wconf 69' lang='grc' dir='ltr'><strong>τοὺς</strong></span> <span class='ocrx_word' id='word_1_241' title='bbox 3286 1855 3478 1949; x_wconf 61' lang='grc' dir='ltr'><strong>πόδαςζ</strong></span> <span class='ocrx_word' id='word_1_242' title='bbox 3529 1884 3847 1952; x_wconf 66' lang='grc' dir='ltr'>ἐκκόψατε.</span> <span class='ocrx_word' id='word_1_243' title='bbox 3910 1888 4021 1937; x_wconf 79' lang='lat' dir='ltr'><strong>Kal</strong></span> 
     </span>
    </p>
   </div>
   <div class='ocr_carea' id='block_1_36' title="bbox 750 1972 2332 2041">
    <p class='ocr_par' dir='ltr' id='par_1_36' title="bbox 750 1972 2332 2041">
     <span class='ocr_line' id='line_1_36' title="bbox 750 1972 2332 2041; baseline -0.007 -10"><span class='ocrx_word' id='word_1_244' title='bbox 750 1988 1033 2031; x_wconf 79' lang='lat' dir='ltr'><strong>torreatur.</strong></span> <span class='ocrx_word' id='word_1_245' title='bbox 1095 1975 1202 2028; x_wconf 84' lang='lat' dir='ltr'><strong>Eos</strong></span> <span class='ocrx_word' id='word_1_246' title='bbox 1265 1974 1499 2028; x_wconf 65' lang='lat' dir='ltr'><strong>ministri</strong></span> <span class='ocrx_word' id='word_1_247' title='bbox 1546 1972 1900 2041; x_wconf 74' lang='lat' dir='ltr'><strong>arripientes,</strong></span> <span class='ocrx_word' id='word_1_248' title='bbox 1954 1986 2078 2024; x_wconf 91' lang='lat' dir='ltr'><strong>cum</strong></span> <span class='ocrx_word' id='word_1_249' title='bbox 2129 1973 2332 2023; x_wconf 68' lang='grc' dir='ltr'>εαξη-ιιι</span> 
     </span>
    </p>
   </div>
   <div class='ocr_carea' id='block_1_37' title="bbox 748 2060 2331 2123">
    <p class='ocr_par' dir='ltr' id='par_1_37' title="bbox 748 2060 2331 2123">
     <span class='ocr_line' id='line_1_37' title="bbox 748 2060 2331 2123; baseline -0.006 -2"><span class='ocrx_word' id='word_1_250' title='bbox 748 2071 914 2122; x_wconf 78' lang='lat' dir='ltr'><strong>liaud&#39;</strong></span> <span class='ocrx_word' id='word_1_251' title='bbox 954 2080 1102 2121; x_wconf 65' lang='lat' dir='ltr'><strong>sanie</strong></span> <span class='ocrx_word' id='word_1_252' title='bbox 1155 2065 1355 2120; x_wconf 89' lang='lat' dir='ltr'><strong>mentis</strong></span> <span class='ocrx_word' id='word_1_253' title='bbox 1392 2064 1562 2118; x_wconf 72' lang='lat' dir='ltr'><strong>fuisse</strong></span> <span class='ocrx_word' id='word_1_254' title='bbox 1609 2077 1730 2115; x_wconf 89' lang='lat' dir='ltr'><strong>cum</strong></span> <span class='ocrx_word' id='word_1_255' title='bbox 1765 2060 2095 2116; x_wconf 86' lang='lat' dir='ltr'><strong>sententiam</strong></span> <span class='ocrx_word' id='word_1_256' title='bbox 2147 2060 2331 2123; x_wconf 83' lang='lat' dir='ltr'><strong>ferret,</strong></span> 
     </span>
    </p>
   </div>
   <div class='ocr_carea' id='block_1_38' title="bbox 752 2151 2306 2228">
    <p class='ocr_par' dir='ltr' id='par_1_38' title="bbox 752 2151 2306 2228">
     <span class='ocr_line' id='line_1_38' title="bbox 752 2151 2306 2228; baseline -0.008 -12"><span class='ocrx_word' id='word_1_257' title='bbox 752 2163 1027 2217; x_wconf 82' lang='lat' dir='ltr'><strong>dedebant</strong></span> <span class='ocrx_word' id='word_1_258' title='bbox 1084 2160 1159 2214; x_wconf 90' lang='lat' dir='ltr'><strong>illi</strong></span> <span class='ocrx_word' id='word_1_259' title='bbox 1195 2159 1417 2228; x_wconf 75' lang='lat' dir='ltr'><strong>quidem</strong></span> <span class='ocrx_word' id='word_1_260' title='bbox 1454 2156 1736 2219; x_wconf 63' lang='lat' dir='ltr'><strong>custodiae,</strong></span> <span class='ocrx_word' id='word_1_261' title='bbox 1779 2170 1885 2208; x_wconf 90' lang='lat' dir='ltr'><strong>non</strong></span> <span class='ocrx_word' id='word_1_262' title='bbox 1930 2163 2111 2208; x_wconf 86' lang='lat' dir='ltr'><strong>tamen</strong></span> <span class='ocrx_word' id='word_1_263' title='bbox 2142 2151 2306 2221; x_wconf 76' lang='lat'><strong>252</strong></span> 
     </span>
    </p>
   </div>
   <div class='ocr_carea' id='block_1_39' title="bbox 749 2246 2337 2324">
    <p class='ocr_par' dir='ltr' id='par_1_39' title="bbox 749 2246 2337 2324">
     <span class='ocr_line' id='line_1_39' title="bbox 749 2246 2337 2324; baseline -0.008 -16"><span class='ocrx_word' id='word_1_264' title='bbox 749 2256 925 2324; x_wconf 83' lang='lat' dir='ltr'><strong>pcenis</strong></span> <span class='ocrx_word' id='word_1_265' title='bbox 971 2251 1329 2306; x_wconf 88' lang='lat' dir='ltr'><strong>addicebant:</strong></span> <span class='ocrx_word' id='word_1_266' title='bbox 1365 2266 1505 2318; x_wconf 65' lang='lat' dir='ltr'><strong>saepe</strong></span> <span class='ocrx_word' id='word_1_267' title='bbox 1536 2264 1664 2302; x_wconf 87' lang='lat' dir='ltr'><strong>vero</strong></span> <span class='ocrx_word' id='word_1_268' title='bbox 1692 2288 1705 2310; x_wconf 91' lang='lat'><strong>,</strong></span> <span class='ocrx_word' id='word_1_269' title='bbox 1733 2263 1856 2301; x_wconf 89' lang='lat' dir='ltr'><strong>cum</strong></span> <span class='ocrx_word' id='word_1_270' title='bbox 1890 2246 2016 2316; x_wconf 81' lang='lat' dir='ltr'><strong>quis</strong></span> <span class='ocrx_word' id='word_1_271' title='bbox 2047 2256 2164 2300; x_wconf 88' lang='lat' dir='ltr'><strong>erat</strong></span> <span class='ocrx_word' id='word_1_272' title='bbox 2201 2260 2337 2315; x_wconf 82' lang='lat' dir='ltr'><strong>quo—</strong></span> 
     </span>
    </p>
   </div>
   <div class='ocr_carea' id='block_1_40' title="bbox 747 2338 2335 2410">
    <p class='ocr_par' dir='ltr' id='par_1_40' title="bbox 747 2338 2335 2410">
     <span class='ocr_line' id='line_1_40' title="bbox 747 2338 2335 2410; baseline -0.006 -11"><span class='ocrx_word' id='word_1_273' title='bbox 747 2360 875 2400; x_wconf 85' lang='lat' dir='ltr'><strong>cum</strong></span> <span class='ocrx_word' id='word_1_274' title='bbox 932 2358 1041 2398; x_wconf 91' lang='lat' dir='ltr'><strong>non</strong></span> <span class='ocrx_word' id='word_1_275' title='bbox 1097 2341 1233 2395; x_wconf 84' lang='lat' dir='ltr'><strong>satis</strong></span> <span class='ocrx_word' id='word_1_276' title='bbox 1291 2341 1426 2410; x_wconf 89' lang='lat' dir='ltr'><strong>ipsis</strong></span> <span class='ocrx_word' id='word_1_277' title='bbox 1475 2338 1835 2393; x_wconf 86' lang='lat' dir='ltr'><strong>conveniebat</strong></span> <span class='ocrx_word' id='word_1_278' title='bbox 1883 2338 2072 2407; x_wconf 79' lang='lat' dir='ltr'><strong>eisque</strong></span> <span class='ocrx_word' id='word_1_279' title='bbox 2135 2350 2335 2389; x_wconf 62' lang='lat' dir='ltr'><strong>exosus</strong></span> 
     </span>
    </p>
   </div>
   <div class='ocr_carea' id='block_1_41' title="bbox 748 2428 2333 2505">
    <p class='ocr_par' dir='ltr' id='par_1_41' title="bbox 748 2428 2333 2505">
     <span class='ocr_line' id='line_1_41' title="bbox 748 2428 2333 2505; baseline -0.006 -15"><span class='ocrx_word' id='word_1_280' title='bbox 748 2448 889 2502; x_wconf 89' lang='lat' dir='ltr'><strong>erat,</strong></span> <span class='ocrx_word' id='word_1_281' title='bbox 956 2433 1305 2505; x_wconf 82' lang='lat' dir='ltr'><strong>imperatoris</strong></span> <span class='ocrx_word' id='word_1_282' title='bbox 1366 2434 1623 2485; x_wconf 91' lang='lat' dir='ltr'><strong>mandato</strong></span> <span class='ocrx_word' id='word_1_283' title='bbox 1687 2430 1974 2484; x_wconf 84' lang='lat' dir='ltr'><strong>abutentes</strong></span> <span class='ocrx_word' id='word_1_284' title='bbox 2026 2443 2175 2493; x_wconf 86' lang='lat' dir='ltr'><strong>eum,</strong></span> <span class='ocrx_word' id='word_1_285' title='bbox 2232 2428 2333 2481; x_wconf 90' lang='lat' dir='ltr'><strong>etsi</strong></span> 
     </span>
    </p>
   </div>
   <div class='ocr_carea' id='block_1_42' title="bbox 751 2520 2333 2590">
    <p class='ocr_par' dir='ltr' id='par_1_42' title="bbox 751 2520 2333 2590">
     <span class='ocr_line' id='line_1_42' title="bbox 751 2520 2333 2590; baseline -0.004 -11"><span class='ocrx_word' id='word_1_286' title='bbox 751 2528 1125 2588; x_wconf 88' lang='lat' dir='ltr'><strong>innocentem,</strong></span> <span class='ocrx_word' id='word_1_287' title='bbox 1161 2523 1326 2581; x_wconf 80' lang='lat' dir='ltr'><strong>veluti</strong></span> <span class='ocrx_word' id='word_1_288' title='bbox 1378 2522 1588 2590; x_wconf 82' lang='lat' dir='ltr'><strong>judicio</strong></span> <span class='ocrx_word' id='word_1_289' title='bbox 1626 2521 1946 2575; x_wconf 89' lang='lat' dir='ltr'><strong>damnatum</strong></span> <span class='ocrx_word' id='word_1_290' title='bbox 1998 2520 2053 2574; x_wconf 92' lang='lat' dir='ltr'><strong>in</strong></span> <span class='ocrx_word' id='word_1_291' title='bbox 2117 2535 2333 2589; x_wconf 64' lang='lat' dir='ltr'><strong>pinnam</strong></span> 
     </span>
    </p>
   </div>
   <div class='ocr_carea' id='block_1_43' title="bbox 751 2614 2336 2689">
    <p class='ocr_par' dir='ltr' id='par_1_43' title="bbox 751 2614 2336 2689">
     <span class='ocr_line' id='line_1_43' title="bbox 751 2614 2336 2689; baseline -0.004 -16"><span class='ocrx_word' id='word_1_292' title='bbox 751 2619 1061 2689; x_wconf 86' lang='lat' dir='ltr'><strong>rapiebant.</strong></span> <span class='ocrx_word' id='word_1_293' title='bbox 1110 2616 1249 2670; x_wconf 89' lang='lat' dir='ltr'><strong>llinc</strong></span> <span class='ocrx_word' id='word_1_294' title='bbox 1303 2615 1471 2670; x_wconf 79' lang='lat' dir='ltr'><strong>miser</strong></span> <span class='ocrx_word' id='word_1_295' title='bbox 1521 2615 1632 2681; x_wconf 85' lang='lat' dir='ltr'><strong>ille,</strong></span> <span class='ocrx_word' id='word_1_296' title='bbox 1688 2630 1756 2669; x_wconf 88' lang='lat' dir='ltr'><strong>ne</strong></span> <span class='ocrx_word' id='word_1_297' title='bbox 1814 2624 1945 2668; x_wconf 91' lang='lat' dir='ltr'><strong>tunc</strong></span> <span class='ocrx_word' id='word_1_298' title='bbox 1994 2614 2215 2683; x_wconf 80' lang='lat' dir='ltr'><strong>quidem</strong></span> <span class='ocrx_word' id='word_1_299' title='bbox 2280 2614 2336 2667; x_wconf 91' lang='lat' dir='ltr'><strong>in</strong></span> 
     </span>
    </p>
   </div>
   <div class='ocr_carea' id='block_1_44' title="bbox 749 2706 2335 2783">
    <p class='ocr_par' dir='ltr' id='par_1_44' title="bbox 749 2706 2335 2783">
     <span class='ocr_line' id='line_1_44' title="bbox 749 2706 2335 2783; baseline -0.006 -17"><span class='ocrx_word' id='word_1_300' title='bbox 749 2712 951 2783; x_wconf 87' lang='lat' dir='ltr'><strong>quibus</strong></span> <span class='ocrx_word' id='word_1_301' title='bbox 1001 2717 1318 2765; x_wconf 79' lang='lat' dir='ltr'><strong>versaretur</strong></span> <span class='ocrx_word' id='word_1_302' title='bbox 1385 2709 1718 2778; x_wconf 79' lang='lat' dir='ltr'><strong>intelligens,</strong></span> <span class='ocrx_word' id='word_1_303' title='bbox 1778 2723 1809 2761; x_wconf 75' lang='grc' dir='ltr'><strong>ιι</strong></span> <span class='ocrx_word' id='word_1_304' title='bbox 1873 2707 2225 2762; x_wconf 84' lang='lat' dir='ltr'><strong>cubiculariis</strong></span> <span class='ocrx_word' id='word_1_305' title='bbox 2280 2706 2335 2759; x_wconf 90' lang='lat' dir='ltr'><strong>in</strong></span> 
     </span>
    </p>
   </div>
   <div class='ocr_carea' id='block_1_45' title="bbox 750 2798 2336 2875">
    <p class='ocr_par' dir='ltr' id='par_1_45' title="bbox 750 2798 2336 2875">
     <span class='ocr_line' id='line_1_45' title="bbox 750 2798 2336 2875; baseline -0.005 -16"><span class='ocrx_word' id='word_1_306' title='bbox 750 2800 1105 2875; x_wconf 87' lang='lat' dir='ltr'><strong>imperatorio</strong></span> <span class='ocrx_word' id='word_1_307' title='bbox 1137 2801 1335 2855; x_wconf 89' lang='lat' dir='ltr'><strong>lectulo</strong></span> <span class='ocrx_word' id='word_1_308' title='bbox 1379 2800 1676 2855; x_wconf 83' lang='lat' dir='ltr'><strong>reclinatus</strong></span> <span class='ocrx_word' id='word_1_309' title='bbox 1705 2799 1887 2853; x_wconf 74' lang='lat' dir='ltr'><strong>vicino</strong></span> <span class='ocrx_word' id='word_1_310' title='bbox 1917 2798 2114 2853; x_wconf 90' lang='lat' dir='ltr'><strong>mortis</strong></span> <span class='ocrx_word' id='word_1_311' title='bbox 2143 2812 2336 2853; x_wconf 80' lang='lat' dir='ltr'><strong>somno</strong></span> 
     </span>
    </p>
   </div>
   <div class='ocr_carea' id='block_1_46' title="bbox 750 2893 2335 2964">
    <p class='ocr_par' dir='ltr' id='par_1_46' title="bbox 750 2893 2335 2964">
     <span class='ocr_line' id='line_1_46' title="bbox 750 2893 2335 2964; baseline -0.004 -13"><span class='ocrx_word' id='word_1_312' title='bbox 750 2896 919 2951; x_wconf 88' lang='lat' dir='ltr'><strong>veluti</strong></span> <span class='ocrx_word' id='word_1_313' title='bbox 956 2895 1289 2964; x_wconf 88' lang='lat' dir='ltr'><strong>mancipium</strong></span> <span class='ocrx_word' id='word_1_314' title='bbox 1336 2893 1785 2963; x_wconf 86' lang='lat' dir='ltr'><strong>opprimebatur;</strong></span> <span class='ocrx_word' id='word_1_315' title='bbox 1825 2908 1987 2947; x_wconf 85' lang='lat' dir='ltr'><strong>mane</strong></span> <span class='ocrx_word' id='word_1_316' title='bbox 2028 2906 2177 2955; x_wconf 80' lang='lat' dir='ltr'><strong>vero,</strong></span> <span class='ocrx_word' id='word_1_317' title='bbox 2213 2907 2335 2944; x_wconf 88' lang='lat' dir='ltr'><strong>cum</strong></span> 
     </span>
    </p>
   </div>
   <div class='ocr_carea' id='block_1_47' title="bbox 752 2983 2336 3055">
    <p class='ocr_par' dir='ltr' id='par_1_47' title="bbox 752 2983 2336 3055">
     <span class='ocr_line' id='line_1_47' title="bbox 752 2983 2336 3055; baseline -0.004 -12"><span class='ocrx_word' id='word_1_318' title='bbox 752 3003 982 3043; x_wconf 84' lang='lat' dir='ltr'><strong>somnus</strong></span> <span class='ocrx_word' id='word_1_319' title='bbox 1031 3001 1258 3055; x_wconf 83' lang='lat' dir='ltr'><strong>vapores</strong></span> <span class='ocrx_word' id='word_1_320' title='bbox 1291 2986 1403 3038; x_wconf 87' lang='lat' dir='ltr'><strong>vini</strong></span> <span class='ocrx_word' id='word_1_321' title='bbox 1452 2999 1806 3054; x_wconf 87' lang='lat' dir='ltr'><strong>crassamque</strong></span> <span class='ocrx_word' id='word_1_322' title='bbox 1849 2986 1995 3038; x_wconf 88' lang='lat' dir='ltr'><strong>illam</strong></span> <span class='ocrx_word' id='word_1_323' title='bbox 2048 2983 2336 3053; x_wconf 75' lang='lat' dir='ltr'><strong>caliginem</strong></span> 
     </span>
    </p>
   </div>
   <div class='ocr_carea' id='block_1_48' title="bbox 750 3074 2337 3145">
    <p class='ocr_par' dir='ltr' id='par_1_48' title="bbox 750 3074 2337 3145">
     <span class='ocr_line' id='line_1_48' title="bbox 750 3074 2337 3145; baseline -0.002 -14"><span class='ocrx_word' id='word_1_324' title='bbox 750 3084 844 3135; x_wconf 73' lang='lat' dir='ltr'><strong>vix</strong></span> <span class='ocrx_word' id='word_1_325' title='bbox 927 3078 1145 3134; x_wconf 88' lang='lat' dir='ltr'><strong>tandem</strong></span> <span class='ocrx_word' id='word_1_326' title='bbox 1227 3078 1603 3140; x_wconf 87' lang='lat' dir='ltr'><strong>discussisset,</strong></span> <span class='ocrx_word' id='word_1_327' title='bbox 1677 3077 2063 3145; x_wconf 75' lang='lat' dir='ltr'><strong>expergisccns</strong></span> <span class='ocrx_word' id='word_1_328' title='bbox 2133 3074 2337 3128; x_wconf 89' lang='lat' dir='ltr'><strong>nullius</strong></span> 
     </span>
    </p>
   </div>
   <div class='ocr_carea' id='block_1_49' title="bbox 2436 1971 4026 2046">
    <p class='ocr_par' dir='ltr' id='par_1_49' title="bbox 2436 1971 4026 2046">
     <span class='ocr_line' id='line_1_49' title="bbox 2436 1971 4026 2046; baseline 0.001 -19"><span class='ocrx_word' id='word_1_329' title='bbox 2436 1971 2618 2039; x_wconf 79' lang='grc' dir='ltr'>οὗτος</span> <span class='ocrx_word' id='word_1_330' title='bbox 2666 1974 2938 2043; x_wconf 64' lang='grc' dir='ltr'>κεφαλῆς</span> <span class='ocrx_word' id='word_1_331' title='bbox 2997 1978 3381 2045; x_wconf 74' lang='grc' dir='ltr'>τιμωρείσθω,</span> <span class='ocrx_word' id='word_1_332' title='bbox 3430 1976 3713 2042; x_wconf 73' lang='grc' dir='ltr'>κάκεῖνος</span> <span class='ocrx_word' id='word_1_333' title='bbox 3762 1977 4026 2046; x_wconf 73' lang='grc' dir='ltr'>γινέσθω</span> 
     </span>
    </p>
   </div>
   <div class='ocr_carea' id='block_1_50' title="bbox 2436 2068 4027 2141">
    <p class='ocr_par' dir='ltr' id='par_1_50' title="bbox 2436 2068 4027 2141">
     <span class='ocr_line' id='line_1_50' title="bbox 2436 2068 4027 2141; baseline 0 -20"><span class='ocrx_word' id='word_1_334' title='bbox 2436 2071 2867 2136; x_wconf 75' lang='grc' dir='ltr'>πυρίκαυστος.</span> <span class='ocrx_word' id='word_1_335' title='bbox 2921 2068 3028 2132; x_wconf 78' lang='grc' dir='ltr'><strong>Οὓς</strong></span> <span class='ocrx_word' id='word_1_336' title='bbox 3071 2070 3328 2133; x_wconf 74' lang='grc' dir='ltr'>λαϐόντες</span> <span class='ocrx_word' id='word_1_337' title='bbox 3374 2071 3424 2123; x_wconf 86' lang='grc' dir='ltr'>οἱ</span> <span class='ocrx_word' id='word_1_338' title='bbox 3462 2070 3768 2141; x_wconf 77' lang='grc' dir='ltr'>ὑπηρέται,</span> <span class='ocrx_word' id='word_1_339' title='bbox 3807 2072 3903 2124; x_wconf 78' lang='grc' dir='ltr'>καὶ</span> <span class='ocrx_word' id='word_1_340' title='bbox 3942 2072 4027 2139; x_wconf 52' lang='lat' dir='ltr'><strong>Ir?)</strong></span> 
     </span>
    </p>
   </div>
   <div class='ocr_carea' id='block_1_51' title="bbox 2436 2159 4027 2231">
    <p class='ocr_par' dir='ltr' id='par_1_51' title="bbox 2436 2159 4027 2231">
     <span class='ocr_line' id='line_1_51' title="bbox 2436 2159 4027 2231; baseline 0.003 -20"><span class='ocrx_word' id='word_1_341' title='bbox 2436 2159 2538 2224; x_wconf 77' lang='grc' dir='ltr'><strong>ἔξω</strong></span> <span class='ocrx_word' id='word_1_342' title='bbox 2566 2160 2675 2212; x_wconf 86' lang='grc' dir='ltr'><strong>τῶν</strong></span> <span class='ocrx_word' id='word_1_343' title='bbox 2707 2160 2921 2230; x_wconf 79' lang='grc' dir='ltr'>φρενῶν</span> <span class='ocrx_word' id='word_1_344' title='bbox 2972 2161 3134 2214; x_wconf 68' lang='grc' dir='ltr'>αὑτὸν</span> <span class='ocrx_word' id='word_1_345' title='bbox 3185 2164 3501 2231; x_wconf 80' lang='grc' dir='ltr'>τυγχάνειν,</span> <span class='ocrx_word' id='word_1_346' title='bbox 3534 2165 3664 2217; x_wconf 80' lang='grc' dir='ltr'>ὅταν</span> <span class='ocrx_word' id='word_1_347' title='bbox 3709 2164 3870 2231; x_wconf 75' lang='grc' dir='ltr'>ἐξῆγε</span> <span class='ocrx_word' id='word_1_348' title='bbox 3924 2164 4027 2226; x_wconf 76' lang='grc' dir='ltr'>τὰς</span> 
     </span>
    </p>
   </div>
   <div class='ocr_carea' id='block_1_52' title="bbox 2436 2252 4029 2328">
    <p class='ocr_par' dir='ltr' id='par_1_52' title="bbox 2436 2252 4029 2328">
     <span class='ocr_line' id='line_1_52' title="bbox 2436 2252 4029 2328; baseline 0.003 -24"><span class='ocrx_word' id='word_1_349' title='bbox 2436 2254 2764 2321; x_wconf 63' lang='grc' dir='ltr'>ἀποφάσεις,</span> <span class='ocrx_word' id='word_1_350' title='bbox 2809 2252 3190 2321; x_wconf 78' lang='grc' dir='ltr'>γινώσκοντες,</span> <span class='ocrx_word' id='word_1_351' title='bbox 3245 2256 3589 2325; x_wconf 75' lang='grc' dir='ltr'>ἐμφρούρους</span> <span class='ocrx_word' id='word_1_352' title='bbox 3635 2256 3720 2328; x_wconf 77' lang='grc'><strong>[1³.</strong></span> <span class='ocrx_word' id='word_1_353' title='bbox 3758 2257 3885 2326; x_wconf 74' lang='grc'><strong>157]</strong></span> <span class='ocrx_word' id='word_1_354' title='bbox 3923 2259 4029 2327; x_wconf 82' lang='grc' dir='ltr'>μὲν</span> 
     </span>
    </p>
   </div>
   <div class='ocr_carea' id='block_1_53' title="bbox 2439 2346 4025 2412">
    <p class='ocr_par' dir='ltr' id='par_1_53' title="bbox 2439 2346 4025 2412">
     <span class='ocr_line' id='line_1_53' title="bbox 2439 2346 4025 2412; baseline 0.004 -15"><span class='ocrx_word' id='word_1_355' title='bbox 2439 2346 2636 2408; x_wconf 81' lang='grc' dir='ltr'>αὐτοὺς</span> <span class='ocrx_word' id='word_1_356' title='bbox 2673 2348 2908 2412; x_wconf 81' lang='grc' dir='ltr'>ἐποίουν,</span> <span class='ocrx_word' id='word_1_357' title='bbox 2963 2350 3083 2410; x_wconf 79' lang='grc' dir='ltr'>ταῖς</span> <span class='ocrx_word' id='word_1_358' title='bbox 3118 2351 3333 2411; x_wconf 81' lang='grc' dir='ltr'>ποιναῖς</span> <span class='ocrx_word' id='word_1_359' title='bbox 3386 2348 3443 2401; x_wconf 80' lang='grc' dir='ltr'>δὲ</span> <span class='ocrx_word' id='word_1_360' title='bbox 3490 2349 3550 2401; x_wconf 89' lang='grc' dir='ltr'><strong>οὑ</strong></span> <span class='ocrx_word' id='word_1_361' title='bbox 3583 2349 4025 2403; x_wconf 77' lang='grc' dir='ltr'>καθυπέϐαλλον.</span> 
     </span>
    </p>
   </div>
   <div class='ocr_carea' id='block_1_54' title="bbox 2438 2438 4028 2514">
    <p class='ocr_par' dir='ltr' id='par_1_54' title="bbox 2438 2438 4028 2514">
     <span class='ocr_line' id='line_1_54' title="bbox 2438 2438 4028 2514; baseline 0.003 -24"><span class='ocrx_word' id='word_1_362' title='bbox 2438 2438 2706 2501; x_wconf 77' lang='grc' dir='ltr'>Πολλάκις</span> <span class='ocrx_word' id='word_1_363' title='bbox 2736 2439 2815 2503; x_wconf 81' lang='grc' dir='ltr'>δὲ,</span> <span class='ocrx_word' id='word_1_364' title='bbox 2849 2441 2897 2491; x_wconf 81' lang='grc' dir='ltr'>εξ</span> <span class='ocrx_word' id='word_1_365' title='bbox 2923 2439 3111 2509; x_wconf 86' lang='grc' dir='ltr'>ἔτυχέν</span> <span class='ocrx_word' id='word_1_366' title='bbox 3145 2457 3229 2503; x_wconf 91' lang='grc' dir='ltr'><strong>τις</strong></span> <span class='ocrx_word' id='word_1_367' title='bbox 3260 2443 3397 2511; x_wconf 85' lang='grc' dir='ltr'>πρὸς</span> <span class='ocrx_word' id='word_1_368' title='bbox 3441 2441 3500 2494; x_wconf 87' lang='grc' dir='ltr'><strong>δν</strong></span> <span class='ocrx_word' id='word_1_369' title='bbox 3524 2442 3624 2495; x_wconf 85' lang='grc' dir='ltr'><strong>οὑκ</strong></span> <span class='ocrx_word' id='word_1_370' title='bbox 3654 2438 3799 2514; x_wconf 75' lang='grc' dir='ltr'>εἶχον</span> <span class='ocrx_word' id='word_1_371' title='bbox 3826 2443 4028 2513; x_wconf 76' lang='grc' dir='ltr'>ἡδέως,</span> 
     </span>
    </p>
   </div>
   <div class='ocr_carea' id='block_1_55' title="bbox 2435 2529 4031 2603">
    <p class='ocr_par' dir='ltr' id='par_1_55' title="bbox 2435 2529 4031 2603">
     <span class='ocr_line' id='line_1_55' title="bbox 2435 2529 4031 2603; baseline 0.002 -22"><span class='ocrx_word' id='word_1_372' title='bbox 2435 2529 2553 2582; x_wconf 78' lang='grc' dir='ltr'>ἀλλ’</span> <span class='ocrx_word' id='word_1_373' title='bbox 2583 2529 2859 2599; x_wconf 81' lang='grc' dir='ltr'>ἀπεχθῶς,</span> <span class='ocrx_word' id='word_1_374' title='bbox 2894 2530 3219 2599; x_wconf 76' lang='grc' dir='ltr'>ἀπεχρῶντο</span> <span class='ocrx_word' id='word_1_375' title='bbox 3252 2534 3317 2601; x_wconf 83' lang='grc' dir='ltr'>τῇ</span> <span class='ocrx_word' id='word_1_376' title='bbox 3352 2531 3606 2603; x_wconf 78' lang='grc' dir='ltr'>βασιλικῇ</span> <span class='ocrx_word' id='word_1_377' title='bbox 3632 2532 3907 2593; x_wconf 83' lang='grc' dir='ltr'>κελεύσει,</span> <span class='ocrx_word' id='word_1_378' title='bbox 3932 2536 4031 2585; x_wconf 77' lang='grc' dir='ltr'>καὶ</span> 
     </span>
    </p>
   </div>
   <div class='ocr_carea' id='block_1_56' title="bbox 2437 2620 4031 2695">
    <p class='ocr_par' dir='ltr' id='par_1_56' title="bbox 2437 2620 4031 2695">
     <span class='ocr_line' id='line_1_56' title="bbox 2437 2620 4031 2695; baseline -0.003 -17"><span class='ocrx_word' id='word_1_379' title='bbox 2437 2627 2503 2695; x_wconf 80' lang='grc' dir='ltr'><strong>τῇ</strong></span> <span class='ocrx_word' id='word_1_380' title='bbox 2530 2624 2777 2695; x_wconf 73' lang='grc' dir='ltr'>τιμωρίᾳ</span> <span class='ocrx_word' id='word_1_381' title='bbox 2808 2624 2899 2677; x_wconf 82' lang='grc' dir='ltr'>τὸν</span> <span class='ocrx_word' id='word_1_382' title='bbox 2958 2624 3133 2677; x_wconf 87' lang='grc' dir='ltr'>ἀθῶον</span> <span class='ocrx_word' id='word_1_383' title='bbox 3183 2623 3457 2687; x_wconf 79' lang='grc' dir='ltr'>ἐξεδίκουν</span> <span class='ocrx_word' id='word_1_384' title='bbox 3486 2625 3795 2679; x_wconf 85' lang='grc' dir='ltr'>κατάδικον.</span> <span class='ocrx_word' id='word_1_385' title='bbox 3837 2620 3971 2676; x_wconf 77' lang='grc' dir='ltr'>Εἶτα</span> <span class='ocrx_word' id='word_1_386' title='bbox 3999 2624 4031 2673; x_wconf 89' lang='grc' dir='ltr'><strong>ὁ</strong></span> 
     </span>
    </p>
   </div>
   <div class='ocr_carea' id='block_1_57' title="bbox 2435 2704 4031 2779">
    <p class='ocr_par' dir='ltr' id='par_1_57' title="bbox 2435 2704 4031 2779">
     <span class='ocr_line' id='line_1_57' title="bbox 2435 2704 4031 2779; baseline -0.001 -18"><span class='ocrx_word' id='word_1_387' title='bbox 2435 2709 2667 2771; x_wconf 77' lang='grc' dir='ltr'>δείλαιος</span> <span class='ocrx_word' id='word_1_388' title='bbox 2716 2712 2923 2771; x_wconf 83' lang='grc' dir='ltr'>ἐκεῖνος</span> <span class='ocrx_word' id='word_1_389' title='bbox 2976 2709 3071 2762; x_wconf 75' lang='grc' dir='ltr'>καὶ</span> <span class='ocrx_word' id='word_1_390' title='bbox 3116 2710 3301 2770; x_wconf 80' lang='grc' dir='ltr'>ἄθλιος</span> <span class='ocrx_word' id='word_1_391' title='bbox 3340 2710 3385 2741; x_wconf 78' lang='grc'>³⁸</span> <span class='ocrx_word' id='word_1_392' title='bbox 3441 2711 3563 2762; x_wconf 87' lang='grc' dir='ltr'>τότε</span> <span class='ocrx_word' id='word_1_393' title='bbox 3594 2712 3692 2779; x_wconf 75' lang='grc' dir='ltr'>μὲν</span> <span class='ocrx_word' id='word_1_394' title='bbox 3712 2710 3821 2763; x_wconf 80' lang='grc' dir='ltr'>οὐδ’</span> <span class='ocrx_word' id='word_1_395' title='bbox 3851 2712 3913 2761; x_wconf 85' lang='grc' dir='ltr'><strong>ἐν</strong></span> <span class='ocrx_word' id='word_1_396' title='bbox 3944 2704 4031 2771; x_wconf 74' lang='grc' dir='ltr'>οἷς</span> 
     </span>
    </p>
   </div>
   <div class='ocr_carea' id='block_1_58' title="bbox 2438 2799 4032 2871">
    <p class='ocr_par' dir='ltr' id='par_1_58' title="bbox 2438 2799 4032 2871">
     <span class='ocr_line' id='line_1_58' title="bbox 2438 2799 4032 2871; baseline 0 -19"><span class='ocrx_word' id='word_1_397' title='bbox 2438 2802 2587 2853; x_wconf 80' lang='grc' dir='ltr'>ἐστιν</span> <span class='ocrx_word' id='word_1_398' title='bbox 2625 2799 2804 2863; x_wconf 84' lang='grc' dir='ltr'>εἰδὼς,</span> <span class='ocrx_word' id='word_1_399' title='bbox 2856 2800 3006 2871; x_wconf 78' lang='grc' dir='ltr'>παρὰ</span> <span class='ocrx_word' id='word_1_400' title='bbox 3059 2799 3170 2853; x_wconf 82' lang='grc' dir='ltr'><strong>τῶν</strong></span> <span class='ocrx_word' id='word_1_401' title='bbox 3219 2801 3603 2854; x_wconf 80' lang='grc' dir='ltr'>κατευναστῶν</span> <span class='ocrx_word' id='word_1_402' title='bbox 3630 2802 3710 2871; x_wconf 82' lang='grc' dir='ltr'><strong>τῷ</strong></span> <span class='ocrx_word' id='word_1_403' title='bbox 3755 2800 4032 2869; x_wconf 81' lang='grc' dir='ltr'>βασιλικῷ</span> 
     </span>
    </p>
   </div>
   <div class='ocr_carea' id='block_1_59' title="bbox 2439 2890 4030 2961">
    <p class='ocr_par' dir='ltr' id='par_1_59' title="bbox 2439 2890 4030 2961">
     <span class='ocr_line' id='line_1_59' title="bbox 2439 2890 4030 2961; baseline -0.001 -17"><span class='ocrx_word' id='word_1_404' title='bbox 2439 2890 2894 2961; x_wconf 83' lang='grc' dir='ltr'>προσανεκλίνετο</span> <span class='ocrx_word' id='word_1_405' title='bbox 2922 2890 3182 2959; x_wconf 85' lang='grc' dir='ltr'>σκίμποδι</span> <span class='ocrx_word' id='word_1_406' title='bbox 3212 2891 3305 2943; x_wconf 80' lang='grc' dir='ltr'>καὶ</span> <span class='ocrx_word' id='word_1_407' title='bbox 3335 2891 3412 2960; x_wconf 83' lang='grc' dir='ltr'>τῷ</span> <span class='ocrx_word' id='word_1_408' title='bbox 3433 2891 3636 2960; x_wconf 87' lang='grc' dir='ltr'>γείτονι</span> <span class='ocrx_word' id='word_1_409' title='bbox 3661 2890 3758 2945; x_wconf 81' lang='grc' dir='ltr'>τοῦ</span> <span class='ocrx_word' id='word_1_410' title='bbox 3789 2891 4030 2944; x_wconf 89' lang='grc' dir='ltr'>θανάτου</span> 
     </span>
    </p>
   </div>
   <div class='ocr_carea' id='block_1_60' title="bbox 2441 2982 4032 3055">
    <p class='ocr_par' dir='ltr' id='par_1_60' title="bbox 2441 2982 4032 3055">
     <span class='ocr_line' id='line_1_60' title="bbox 2441 2982 4032 3055; baseline -0.003 -17"><span class='ocrx_word' id='word_1_411' title='bbox 2441 2986 2595 3055; x_wconf 77' lang='grc' dir='ltr'>ὕπνῳ</span> <span class='ocrx_word' id='word_1_412' title='bbox 2642 2984 2718 3047; x_wconf 85' lang='grc' dir='ltr'>ὡς</span> <span class='ocrx_word' id='word_1_413' title='bbox 2772 2984 3109 3054; x_wconf 84' lang='grc' dir='ltr'>ἀνδράποδον</span> <span class='ocrx_word' id='word_1_414' title='bbox 3162 2983 3466 3048; x_wconf 71' lang='grc' dir='ltr'>ἐξεδίδοτο*</span> <span class='ocrx_word' id='word_1_415' title='bbox 3521 2983 3728 3037; x_wconf 72' lang='grc' dir='ltr'>ἔσωθεν</span> <span class='ocrx_word' id='word_1_416' title='bbox 3784 2983 3861 3047; x_wconf 81' lang='grc' dir='ltr'>δὲ,</span> <span class='ocrx_word' id='word_1_417' title='bbox 3928 2982 4032 3034; x_wconf 77' lang='grc' dir='ltr'>τοῦ</span> 
     </span>
    </p>
   </div>
   <div class='ocr_carea' id='block_1_61' title="bbox 2440 3076 4033 3147">
    <p class='ocr_par' dir='ltr' id='par_1_61' title="bbox 2440 3076 4033 3147">
     <span class='ocr_line' id='line_1_61' title="bbox 2440 3076 4033 3147; baseline -0.004 -15"><span class='ocrx_word' id='word_1_418' title='bbox 2440 3078 2608 3132; x_wconf 84' lang='grc' dir='ltr'>ὑπνου</span> <span class='ocrx_word' id='word_1_419' title='bbox 2663 3078 2790 3141; x_wconf 70' lang='grc' dir='ltr'>τοὺς</span> <span class='ocrx_word' id='word_1_420' title='bbox 2839 3080 2905 3130; x_wconf 89' lang='grc' dir='ltr'><strong>ἐκ</strong></span> <span class='ocrx_word' id='word_1_421' title='bbox 2957 3076 3052 3129; x_wconf 84' lang='grc' dir='ltr'>τοῦ</span> <span class='ocrx_word' id='word_1_422' title='bbox 3079 3078 3225 3130; x_wconf 78' lang='grc' dir='ltr'>οῐνου</span> <span class='ocrx_word' id='word_1_423' title='bbox 3277 3078 3487 3147; x_wconf 79' lang='grc' dir='ltr'>ἀτμοὺς</span> <span class='ocrx_word' id='word_1_424' title='bbox 3516 3077 3611 3130; x_wconf 77' lang='grc' dir='ltr'>καὶ</span> <span class='ocrx_word' id='word_1_425' title='bbox 3654 3076 3753 3146; x_wconf 81' lang='grc' dir='ltr'>τὴν</span> <span class='ocrx_word' id='word_1_426' title='bbox 3788 3078 4033 3145; x_wconf 83' lang='grc' dir='ltr'>παχεῖαν</span> 
     </span>
    </p>
   </div>
   <div class='ocr_carea' id='block_1_62' title="bbox 752 3166 2338 3244">
    <p class='ocr_par' dir='ltr' id='par_1_62' title="bbox 752 3168 2334 3242">
     <span class='ocr_line' id='line_1_62' title="bbox 752 3168 2334 3242; baseline -0.004 -15"><span class='ocrx_word' id='word_1_427' title='bbox 752 3188 945 3227; x_wconf 84' lang='lat' dir='ltr'><strong>corum</strong></span> <span class='ocrx_word' id='word_1_428' title='bbox 986 3186 1109 3242; x_wconf 69' lang='lat' dir='ltr'><strong>quae</strong></span> <span class='ocrx_word' id='word_1_429' title='bbox 1146 3170 1322 3241; x_wconf 83' lang='lat' dir='ltr'><strong>pridie</strong></span> <span class='ocrx_word' id='word_1_430' title='bbox 1352 3169 1566 3240; x_wconf 82' lang='lat' dir='ltr'><strong>vesperi</strong></span> <span class='ocrx_word' id='word_1_431' title='bbox 1597 3168 1739 3223; x_wconf 87' lang='lat' dir='ltr'><strong>facta</strong></span> <span class='ocrx_word' id='word_1_432' title='bbox 1769 3177 1956 3224; x_wconf 89' lang='lat' dir='ltr'><strong>essent</strong></span> <span class='ocrx_word' id='word_1_433' title='bbox 1987 3168 2334 3230; x_wconf 89' lang='lat' dir='ltr'><strong>meminerat,</strong></span> 
     </span>
    </p>
   </div>
   <div class='ocr_carea' id='block_1_63' title="bbox 2442 3166 4035 3244">
    <p class='ocr_par' dir='ltr' id='par_1_63' title="bbox 2442 3166 4035 3237">
     <span class='ocr_line' id='line_1_63' title="bbox 2442 3166 4035 3237; baseline 0.001 -18"><span class='ocrx_word' id='word_1_434' title='bbox 2442 3167 2653 3235; x_wconf 81' lang='grc' dir='ltr'>ἐκείνην</span> <span class='ocrx_word' id='word_1_435' title='bbox 2693 3167 2861 3237; x_wconf 84' lang='grc' dir='ltr'>ἀχλὺν</span> <span class='ocrx_word' id='word_1_436' title='bbox 2898 3167 3053 3237; x_wconf 84' lang='grc' dir='ltr'>μόλις</span> <span class='ocrx_word' id='word_1_437' title='bbox 3093 3168 3204 3221; x_wconf 82' lang='grc' dir='ltr'>ἀπὸ</span> <span class='ocrx_word' id='word_1_438' title='bbox 3243 3168 3338 3221; x_wconf 79' lang='grc' dir='ltr'><strong>τοῦ</strong></span> <span class='ocrx_word' id='word_1_439' title='bbox 3397 3168 3701 3237; x_wconf 79' lang='grc' dir='ltr'>ἐγκεφάλου</span> <span class='ocrx_word' id='word_1_440' title='bbox 3735 3166 4035 3221; x_wconf 84' lang='grc' dir='ltr'>διασκεδά-</span> 
     </span>
    </p>
   </div>
   <div class='ocr_carea' id='block_1_64' title="bbox 754 3261 2337 3336">
    <p class='ocr_par' dir='ltr' id='par_1_64' title="bbox 754 3261 2337 3336">
     <span class='ocr_line' id='line_1_64' title="bbox 754 3261 2337 3336; baseline -0.005 -16"><span class='ocrx_word' id='word_1_441' title='bbox 754 3267 1069 3336; x_wconf 66' lang='lat' dir='ltr'><strong>smpiusquc</strong></span> <span class='ocrx_word' id='word_1_442' title='bbox 1106 3263 1403 3317; x_wconf 81' lang='lat' dir='ltr'><strong>nonnullos</strong></span> <span class='ocrx_word' id='word_1_443' title='bbox 1437 3277 1503 3315; x_wconf 78' lang='lat' dir='ltr'><strong>ex</strong></span> <span class='ocrx_word' id='word_1_444' title='bbox 1542 3262 1648 3316; x_wconf 91' lang='lat' dir='ltr'><strong>illis</strong></span> <span class='ocrx_word' id='word_1_445' title='bbox 1674 3261 1954 3330; x_wconf 64' lang='lat' dir='ltr'><strong>quaerebat</strong></span> <span class='ocrx_word' id='word_1_446' title='bbox 1985 3276 2129 3331; x_wconf 89' lang='lat' dir='ltr'><strong>quos</strong></span> <span class='ocrx_word' id='word_1_447' title='bbox 2161 3270 2337 3314; x_wconf 90' lang='lat' dir='ltr'><strong>temu-</strong></span> 
     </span>
    </p>
   </div>
   <div class='ocr_carea' id='block_1_65' title="bbox 756 3352 2339 3422">
    <p class='ocr_par' dir='ltr' id='par_1_65' title="bbox 756 3352 2339 3422">
     <span class='ocr_line' id='line_1_65' title="bbox 756 3352 2339 3422; baseline -0.003 -11"><span class='ocrx_word' id='word_1_448' title='bbox 756 3360 937 3413; x_wconf 68' lang='lat' dir='ltr'><strong>lentus</strong></span> <span class='ocrx_word' id='word_1_449' title='bbox 986 3357 1345 3410; x_wconf 84' lang='lat' dir='ltr'><strong>damnaverat</strong></span> <span class='ocrx_word' id='word_1_450' title='bbox 1398 3353 1676 3422; x_wconf 88' lang='lat' dir='ltr'><strong>mortique</strong></span> <span class='ocrx_word' id='word_1_451' title='bbox 1733 3352 2037 3407; x_wconf 83' lang='lat' dir='ltr'><strong>addixerat.</strong></span> <span class='ocrx_word' id='word_1_452' title='bbox 2098 3352 2339 3406; x_wconf 86' lang='lat' dir='ltr'><strong>Audiens</strong></span> 
     </span>
    </p>
   </div>
   <div class='ocr_carea' id='block_1_66' title="bbox 754 3444 2338 3516">
    <p class='ocr_par' dir='ltr' id='par_1_66' title="bbox 754 3444 2338 3516">
     <span class='ocr_line' id='line_1_66' title="bbox 754 3444 2338 3516; baseline -0.005 -14"><span class='ocrx_word' id='word_1_453' title='bbox 754 3463 887 3503; x_wconf 81' lang='lat' dir='ltr'><strong>vero</strong></span> <span class='ocrx_word' id='word_1_454' title='bbox 927 3464 957 3500; x_wconf 87' lang='lat' dir='ltr'><strong>a</strong></span> <span class='ocrx_word' id='word_1_455' title='bbox 988 3446 1349 3516; x_wconf 89' lang='lat' dir='ltr'><strong>stipatoribus</strong></span> <span class='ocrx_word' id='word_1_456' title='bbox 1390 3454 1444 3499; x_wconf 92' lang='lat' dir='ltr'><strong>et</strong></span> <span class='ocrx_word' id='word_1_457' title='bbox 1498 3444 1766 3498; x_wconf 88' lang='lat' dir='ltr'><strong>ministris</strong></span> <span class='ocrx_word' id='word_1_458' title='bbox 1804 3458 1968 3513; x_wconf 86' lang='lat' dir='ltr'><strong>quam</strong></span> <span class='ocrx_word' id='word_1_459' title='bbox 2002 3444 2057 3495; x_wconf 90' lang='lat' dir='ltr'><strong>in</strong></span> <span class='ocrx_word' id='word_1_460' title='bbox 2107 3456 2202 3497; x_wconf 88' lang='lat' dir='ltr'><strong>eos</strong></span> <span class='ocrx_word' id='word_1_461' title='bbox 2245 3455 2338 3494; x_wconf 75' lang='lat' dir='ltr'><strong>ve-</strong></span> 
     </span>
    </p>
   </div>
   <div class='ocr_carea' id='block_1_67' title="bbox 754 3533 2341 3608">
    <p class='ocr_par' dir='ltr' id='par_1_67' title="bbox 754 3533 2341 3608">
     <span class='ocr_line' id='line_1_67' title="bbox 754 3533 2341 3608; baseline -0.005 -15"><span class='ocrx_word' id='word_1_462' title='bbox 754 3539 899 3608; x_wconf 85' lang='lat' dir='ltr'><strong>speri</strong></span> <span class='ocrx_word' id='word_1_463' title='bbox 942 3538 1269 3592; x_wconf 84' lang='lat' dir='ltr'><strong>sententiam</strong></span> <span class='ocrx_word' id='word_1_464' title='bbox 1328 3536 1547 3600; x_wconf 87' lang='lat' dir='ltr'><strong>tulerat,</strong></span> <span class='ocrx_word' id='word_1_465' title='bbox 1582 3535 1760 3603; x_wconf 89' lang='lat' dir='ltr'><strong>ipsum</strong></span> <span class='ocrx_word' id='word_1_466' title='bbox 1790 3533 1918 3588; x_wconf 90' lang='lat' dir='ltr'><strong>facti</strong></span> <span class='ocrx_word' id='word_1_467' title='bbox 1950 3533 2246 3604; x_wconf 62' lang='lat' dir='ltr'><strong>paenitebat</strong></span> <span class='ocrx_word' id='word_1_468' title='bbox 2276 3546 2341 3585; x_wconf 90' lang='lat' dir='ltr'><strong>ac</strong></span> 
     </span>
    </p>
   </div>
   <div class='ocr_carea' id='block_1_68' title="bbox 752 3624 2337 3702">
    <p class='ocr_par' dir='ltr' id='par_1_68' title="bbox 752 3624 2337 3702">
     <span class='ocr_line' id='line_1_68' title="bbox 752 3624 2337 3702; baseline -0.006 -16"><span class='ocrx_word' id='word_1_469' title='bbox 752 3627 1167 3702; x_wconf 74' lang='lat' dir='ltr'><strong>ingemiscebat.</strong></span> <span class='ocrx_word' id='word_1_470' title='bbox 1214 3630 1282 3683; x_wconf 90' lang='lat' dir='ltr'><strong>Et</strong></span> <span class='ocrx_word' id='word_1_471' title='bbox 1332 3626 1627 3697; x_wconf 85' lang='lat' dir='ltr'><strong>aliquando</strong></span> <span class='ocrx_word' id='word_1_472' title='bbox 1668 3626 1889 3695; x_wconf 88' lang='lat' dir='ltr'><strong>quidem</strong></span> <span class='ocrx_word' id='word_1_473' title='bbox 1933 3625 2149 3694; x_wconf 74' lang='lat' dir='ltr'><strong>quaesiti</strong></span> <span class='ocrx_word' id='word_1_474' title='bbox 2184 3624 2337 3677; x_wconf 89' lang='lat' dir='ltr'><strong>iuve-</strong></span> 
     </span>
    </p>
   </div>
   <div class='ocr_carea' id='block_1_69' title="bbox 753 3716 2337 3789">
    <p class='ocr_par' dir='ltr' id='par_1_69' title="bbox 753 3716 2337 3789">
     <span class='ocr_line' id='line_1_69' title="bbox 753 3716 2337 3789; baseline -0.006 -11"><span class='ocrx_word' id='word_1_475' title='bbox 753 3724 1066 3784; x_wconf 85' lang='lat' dir='ltr'><strong>niebantur,</strong></span> <span class='ocrx_word' id='word_1_476' title='bbox 1115 3719 1411 3789; x_wconf 87' lang='lat' dir='ltr'><strong>aliquando</strong></span> <span class='ocrx_word' id='word_1_477' title='bbox 1438 3733 1567 3773; x_wconf 88' lang='lat' dir='ltr'><strong>vero</strong></span> <span class='ocrx_word' id='word_1_478' title='bbox 1600 3716 1810 3771; x_wconf 88' lang='lat' dir='ltr'><strong>inutilis</strong></span> <span class='ocrx_word' id='word_1_479' title='bbox 1836 3726 1953 3771; x_wconf 84' lang='lat' dir='ltr'><strong>erat</strong></span> <span class='ocrx_word' id='word_1_480' title='bbox 1979 3730 2078 3786; x_wconf 90' lang='lat' dir='ltr'><strong>pro</strong></span> <span class='ocrx_word' id='word_1_481' title='bbox 2109 3716 2178 3769; x_wconf 91' lang='lat' dir='ltr'><strong>iis</strong></span> <span class='ocrx_word' id='word_1_482' title='bbox 2212 3729 2337 3785; x_wconf 67' lang='lat' dir='ltr'><strong>quae</strong></span> 
     </span>
    </p>
   </div>
   <div class='ocr_carea' id='block_1_70' title="bbox 756 3807 2337 3883">
    <p class='ocr_par' dir='ltr' id='par_1_70' title="bbox 756 3807 2337 3883">
     <span class='ocr_line' id='line_1_70' title="bbox 756 3807 2337 3883; baseline -0.006 -14"><span class='ocrx_word' id='word_1_483' title='bbox 756 3814 963 3871; x_wconf 76' lang='lat' dir='ltr'><strong>nefarie</strong></span> <span class='ocrx_word' id='word_1_484' title='bbox 1007 3813 1084 3868; x_wconf 92' lang='lat' dir='ltr'><strong>illi</strong></span> <span class='ocrx_word' id='word_1_485' title='bbox 1126 3820 1274 3883; x_wconf 77' lang='lat' dir='ltr'><strong>gesta</strong></span> <span class='ocrx_word' id='word_1_486' title='bbox 1324 3819 1482 3867; x_wconf 90' lang='lat' dir='ltr'><strong>erant</strong></span> <span class='ocrx_word' id='word_1_487' title='bbox 1508 3808 1847 3879; x_wconf 66' lang='lat' dir='ltr'><strong>poenitentia,</strong></span> <span class='ocrx_word' id='word_1_488' title='bbox 1873 3808 1984 3865; x_wconf 86' lang='lat' dir='ltr'><strong>illis</strong></span> <span class='ocrx_word' id='word_1_489' title='bbox 2023 3807 2252 3863; x_wconf 87' lang='lat' dir='ltr'><strong>sublatis</strong></span> <span class='ocrx_word' id='word_1_490' title='bbox 2284 3808 2337 3861; x_wconf 91' lang='lat' dir='ltr'><strong>in</strong></span> 
     </span>
    </p>
   </div>
   <div class='ocr_carea' id='block_1_71' title="bbox 754 3898 2335 3977">
    <p class='ocr_par' dir='ltr' id='par_1_71' title="bbox 754 3898 2335 3977">
     <span class='ocr_line' id='line_1_71' title="bbox 754 3898 2335 3977; baseline -0.007 -15"><span class='ocrx_word' id='word_1_491' title='bbox 754 3922 894 3977; x_wconf 87' lang='lat' dir='ltr'><strong>quos</strong></span> <span class='ocrx_word' id='word_1_492' title='bbox 953 3904 1278 3961; x_wconf 87' lang='lat' dir='ltr'><strong>sententiam</strong></span> <span class='ocrx_word' id='word_1_493' title='bbox 1334 3902 1568 3957; x_wconf 77' lang='lat' dir='ltr'><strong>dixerat.</strong></span> <span class='ocrx_word' id='word_1_494' title='bbox 1619 3898 1835 3956; x_wconf 79' lang='lat' dir='ltr'><strong>Rursus</strong></span> <span class='ocrx_word' id='word_1_495' title='bbox 1898 3900 2093 3955; x_wconf 90' lang='lat' dir='ltr'><strong>iterum</strong></span> <span class='ocrx_word' id='word_1_496' title='bbox 2155 3912 2335 3960; x_wconf 88' lang='lat' dir='ltr'><strong>mane,</strong></span> 
     </span>
    </p>
   </div>
   <div class='ocr_carea' id='block_1_72' title="bbox 754 3991 2340 4070">
    <p class='ocr_par' dir='ltr' id='par_1_72' title="bbox 754 3991 2340 4070">
     <span class='ocr_line' id='line_1_72' title="bbox 754 3991 2340 4070; baseline -0.008 -14"><span class='ocrx_word' id='word_1_497' title='bbox 754 4000 977 4070; x_wconf 75' lang='lat' dir='ltr'><strong>vinique</strong></span> <span class='ocrx_word' id='word_1_498' title='bbox 1010 4004 1142 4069; x_wconf 84' lang='lat' dir='ltr'><strong>potu</strong></span> <span class='ocrx_word' id='word_1_499' title='bbox 1176 3997 1228 4051; x_wconf 88' lang='lat' dir='ltr'><strong>in</strong></span> <span class='ocrx_word' id='word_1_500' title='bbox 1269 3994 1538 4066; x_wconf 78' lang='lat' dir='ltr'><strong>prolixam</strong></span> <span class='ocrx_word' id='word_1_501' title='bbox 1570 4000 1783 4049; x_wconf 82' lang='lat' dir='ltr'><strong>noctem</strong></span> <span class='ocrx_word' id='word_1_502' title='bbox 1814 4008 1938 4049; x_wconf 89' lang='lat' dir='ltr'><strong>cum</strong></span> <span class='ocrx_word' id='word_1_503' title='bbox 1987 3991 2340 4061; x_wconf 83' lang='lat' dir='ltr'><strong>nequissimis</strong></span> 
     </span>
    </p>
   </div>
   <div class='ocr_carea' id='block_1_73' title="bbox 754 4082 2337 4161">
    <p class='ocr_par' dir='ltr' id='par_1_73' title="bbox 754 4082 2337 4161">
     <span class='ocr_line' id='line_1_73' title="bbox 754 4082 2337 4161; baseline -0.003 -20"><span class='ocrx_word' id='word_1_504' title='bbox 754 4092 918 4148; x_wconf 86' lang='lat' dir='ltr'><strong>dictis</strong></span> <span class='ocrx_word' id='word_1_505' title='bbox 967 4090 1237 4161; x_wconf 87' lang='lat' dir='ltr'><strong>factisque</strong></span> <span class='ocrx_word' id='word_1_506' title='bbox 1272 4095 1495 4143; x_wconf 86' lang='lat' dir='ltr'><strong>strenue</strong></span> <span class='ocrx_word' id='word_1_507' title='bbox 1522 4094 1821 4156; x_wconf 90' lang='lat' dir='ltr'><strong>protracto,</strong></span> <span class='ocrx_word' id='word_1_508' title='bbox 1852 4084 2040 4140; x_wconf 87' lang='lat' dir='ltr'><strong>eadem</strong></span> <span class='ocrx_word' id='word_1_509' title='bbox 2067 4082 2337 4153; x_wconf 89' lang='lat' dir='ltr'><strong>patrabat.</strong></span> 
     </span>
    </p>
   </div>
   <div class='ocr_carea' id='block_1_74' title="bbox 756 4172 2337 4247">
    <p class='ocr_par' dir='ltr' id='par_1_74' title="bbox 756 4172 2337 4247">
     <span class='ocr_line' id='line_1_74' title="bbox 756 4172 2337 4247; baseline -0.007 -14"><span class='ocrx_word' id='word_1_510' title='bbox 756 4180 881 4235; x_wconf 57' lang='lat' dir='ltr'><strong>llaec</strong></span> <span class='ocrx_word' id='word_1_511' title='bbox 909 4194 1039 4233; x_wconf 85' lang='lat' dir='ltr'><strong>vero</strong></span> <span class='ocrx_word' id='word_1_512' title='bbox 1073 4180 1326 4247; x_wconf 87' lang='lat' dir='ltr'><strong>quisnam</strong></span> <span class='ocrx_word' id='word_1_513' title='bbox 1361 4175 1549 4230; x_wconf 87' lang='lat' dir='ltr'><strong>audiat</strong></span> <span class='ocrx_word' id='word_1_514' title='bbox 1578 4174 1891 4243; x_wconf 77' lang='lat' dir='ltr'><strong>videatque,</strong></span> <span class='ocrx_word' id='word_1_515' title='bbox 1919 4172 2003 4226; x_wconf 91' lang='lat' dir='ltr'><strong>vel</strong></span> <span class='ocrx_word' id='word_1_516' title='bbox 2039 4174 2083 4226; x_wconf 86' lang='lat' dir='ltr'><strong>si</strong></span> <span class='ocrx_word' id='word_1_517' title='bbox 2115 4186 2337 4225; x_wconf 77' lang='lat' dir='ltr'><strong>saxeum</strong></span> 
     </span>
    </p>
   </div>
   <div class='ocr_carea' id='block_1_75' title="bbox 757 4265 2342 4341">
    <p class='ocr_par' dir='ltr' id='par_1_75' title="bbox 757 4265 2342 4341">
     <span class='ocr_line' id='line_1_75' title="bbox 757 4265 2342 4341; baseline -0.006 -17"><span class='ocrx_word' id='word_1_518' title='bbox 757 4275 831 4327; x_wconf 77' lang='lat' dir='ltr'><strong>illi</strong></span> <span class='ocrx_word' id='word_1_519' title='bbox 884 4285 1074 4341; x_wconf 84' lang='lat' dir='ltr'><strong>pectus</strong></span> <span class='ocrx_word' id='word_1_520' title='bbox 1105 4285 1279 4339; x_wconf 81' lang='lat' dir='ltr'><strong>exque</strong></span> <span class='ocrx_word' id='word_1_521' title='bbox 1326 4270 1523 4323; x_wconf 85' lang='lat' dir='ltr'><strong>robore</strong></span> <span class='ocrx_word' id='word_1_522' title='bbox 1568 4267 1805 4331; x_wconf 88' lang='lat' dir='ltr'><strong>animus,</strong></span> <span class='ocrx_word' id='word_1_523' title='bbox 1837 4267 1929 4335; x_wconf 93' lang='lat' dir='ltr'><strong>qui</strong></span> <span class='ocrx_word' id='word_1_524' title='bbox 1961 4280 2068 4319; x_wconf 88' lang='lat' dir='ltr'><strong>non</strong></span> <span class='ocrx_word' id='word_1_525' title='bbox 2104 4265 2182 4317; x_wconf 88' lang='lat' dir='ltr'><strong>ira</strong></span> <span class='ocrx_word' id='word_1_526' title='bbox 2210 4278 2342 4317; x_wconf 89' lang='lat' dir='ltr'><strong>con-</strong></span> 
     </span>
    </p>
   </div>
   <div class='ocr_carea' id='block_1_76' title="bbox 755 4356 2341 4431">
    <p class='ocr_par' dir='ltr' id='par_1_76' title="bbox 755 4356 2341 4431">
     <span class='ocr_line' id='line_1_76' title="bbox 755 4356 2341 4431; baseline -0.008 -11"><span class='ocrx_word' id='word_1_527' title='bbox 755 4369 977 4428; x_wconf 85' lang='lat' dir='ltr'><strong>citetur,</strong></span> <span class='ocrx_word' id='word_1_528' title='bbox 1035 4379 1135 4418; x_wconf 90' lang='lat' dir='ltr'><strong>nec</strong></span> <span class='ocrx_word' id='word_1_529' title='bbox 1202 4362 1500 4431; x_wconf 88' lang='lat' dir='ltr'><strong>aliquando</strong></span> <span class='ocrx_word' id='word_1_530' title='bbox 1563 4362 1633 4414; x_wconf 90' lang='lat' dir='ltr'><strong>ad</strong></span> <span class='ocrx_word' id='word_1_531' title='bbox 1692 4374 1790 4413; x_wconf 92' lang='lat' dir='ltr'><strong>eos</strong></span> <span class='ocrx_word' id='word_1_532' title='bbox 1843 4359 2191 4413; x_wconf 90' lang='lat' dir='ltr'><strong>ulciscendos</strong></span> <span class='ocrx_word' id='word_1_533' title='bbox 2246 4356 2341 4425; x_wconf 90' lang='lat' dir='ltr'><strong>qui</strong></span> 
     </span>
    </p>
   </div>
   <div class='ocr_carea' id='block_1_77' title="bbox 754 4449 2342 4523">
    <p class='ocr_par' dir='ltr' id='par_1_77' title="bbox 754 4449 2342 4523">
     <span class='ocr_line' id='line_1_77' title="bbox 754 4449 2342 4523; baseline -0.008 -12"><span class='ocrx_word' id='word_1_534' title='bbox 754 4457 976 4511; x_wconf 80' lang='lat' dir='ltr'><strong>innoxie</strong></span> <span class='ocrx_word' id='word_1_535' title='bbox 1027 4464 1251 4523; x_wconf 84' lang='lat' dir='ltr'><strong>pereant</strong></span> <span class='ocrx_word' id='word_1_536' title='bbox 1304 4452 1643 4507; x_wconf 87' lang='lat' dir='ltr'><strong>incalescat?</strong></span> <span class='ocrx_word' id='word_1_537' title='bbox 1684 4450 1794 4505; x_wconf 87' lang='lat' dir='ltr'><strong>Nec</strong></span> <span class='ocrx_word' id='word_1_538' title='bbox 1849 4449 2163 4503; x_wconf 89' lang='lat' dir='ltr'><strong>mortalium</strong></span> <span class='ocrx_word' id='word_1_539' title='bbox 2219 4461 2342 4499; x_wconf 91' lang='lat' dir='ltr'><strong>om-</strong></span> 
     </span>
    </p>
   </div>
   <div class='ocr_carea' id='block_1_78' title="bbox 2441 3258 4036 3329">
    <p class='ocr_par' dir='ltr' id='par_1_78' title="bbox 2441 3258 4036 3329">
     <span class='ocr_line' id='line_1_78' title="bbox 2441 3258 4036 3329; baseline -0.002 -16"><span class='ocrx_word' id='word_1_540' title='bbox 2441 3276 2653 3324; x_wconf 82' lang='grc' dir='ltr'>σαντος,</span> <span class='ocrx_word' id='word_1_541' title='bbox 2686 3259 3097 3329; x_wconf 80' lang='grc' dir='ltr'>ἐξεγειρόμενος</span> <span class='ocrx_word' id='word_1_542' title='bbox 3123 3258 3280 3312; x_wconf 85' lang='grc' dir='ltr'>οὐδὲν</span> <span class='ocrx_word' id='word_1_543' title='bbox 3310 3258 3419 3312; x_wconf 91' lang='grc' dir='ltr'><strong>τῶν</strong></span> <span class='ocrx_word' id='word_1_544' title='bbox 3460 3259 3517 3312; x_wconf 85' lang='grc' dir='ltr'><strong>ἐν</strong></span> <span class='ocrx_word' id='word_1_545' title='bbox 3550 3262 3616 3328; x_wconf 79' lang='grc' dir='ltr'>τῇ</span> <span class='ocrx_word' id='word_1_546' title='bbox 3660 3260 3867 3329; x_wconf 74' lang='grc' dir='ltr'>ἑσπέρα</span> <span class='ocrx_word' id='word_1_547' title='bbox 3896 3258 4036 3326; x_wconf 83' lang='grc' dir='ltr'>ἐμέ-</span> 
     </span>
    </p>
   </div>
   <div class='ocr_carea' id='block_1_79' title="bbox 2444 3344 4034 3422">
    <p class='ocr_par' dir='ltr' id='par_1_79' title="bbox 2444 3344 4034 3422">
     <span class='ocr_line' id='line_1_79' title="bbox 2444 3344 4034 3422; baseline -0.001 -20"><span class='ocrx_word' id='word_1_548' title='bbox 2444 3368 2639 3422; x_wconf 90' lang='grc' dir='ltr'>μνητο,</span> <span class='ocrx_word' id='word_1_549' title='bbox 2680 3350 2777 3403; x_wconf 75' lang='grc' dir='ltr'>καὶ</span> <span class='ocrx_word' id='word_1_550' title='bbox 2830 3350 3013 3420; x_wconf 77' lang='grc' dir='ltr'>ἐζήτει</span> <span class='ocrx_word' id='word_1_551' title='bbox 3051 3349 3314 3412; x_wconf 75' lang='grc' dir='ltr'>πολλάκις</span> <span class='ocrx_word' id='word_1_552' title='bbox 3360 3349 3515 3411; x_wconf 84' lang='grc' dir='ltr'>τινὰς</span> <span class='ocrx_word' id='word_1_553' title='bbox 3553 3350 3647 3419; x_wconf 83' lang='grc' dir='ltr'>ἀφ’</span> <span class='ocrx_word' id='word_1_554' title='bbox 3691 3344 3765 3403; x_wconf 86' lang='grc' dir='ltr'><strong>ῶν</strong></span> <span class='ocrx_word' id='word_1_555' title='bbox 3787 3352 3844 3402; x_wconf 79' lang='grc' dir='ltr'><strong>ἐν</strong></span> <span class='ocrx_word' id='word_1_556' title='bbox 3876 3350 3922 3381; x_wconf 79' lang='grc'><strong>³⁸</strong></span> <span class='ocrx_word' id='word_1_557' title='bbox 3962 3354 4034 3419; x_wconf 83' lang='grc' dir='ltr'><strong>τῇ</strong></span> 
     </span>
    </p>
   </div>
   <div class='ocr_carea' id='block_1_80' title="bbox 2442 3440 4039 3515">
    <p class='ocr_par' dir='ltr' id='par_1_80' title="bbox 2442 3440 4039 3515">
     <span class='ocr_line' id='line_1_80' title="bbox 2442 3440 4039 3515; baseline -0.001 -21"><span class='ocrx_word' id='word_1_558' title='bbox 2442 3442 2582 3513; x_wconf 81' lang='grc' dir='ltr'>μέθῃ</span> <span class='ocrx_word' id='word_1_559' title='bbox 2635 3440 3049 3511; x_wconf 81' lang='grc' dir='ltr'>κατεψηφίσατο</span> <span class='ocrx_word' id='word_1_560' title='bbox 3081 3441 3177 3494; x_wconf 77' lang='grc' dir='ltr'>καὶ</span> <span class='ocrx_word' id='word_1_561' title='bbox 3226 3441 3304 3511; x_wconf 82' lang='grc' dir='ltr'><strong>τῷ</strong></span> <span class='ocrx_word' id='word_1_562' title='bbox 3354 3440 3570 3511; x_wconf 85' lang='grc' dir='ltr'>θανάτῳ</span> <span class='ocrx_word' id='word_1_563' title='bbox 3595 3441 3847 3515; x_wconf 77' lang='grc' dir='ltr'>ἐξέδωκε,</span> <span class='ocrx_word' id='word_1_564' title='bbox 3889 3460 4039 3510; x_wconf 85' lang='grc' dir='ltr'>μαν-</span> 
     </span>
    </p>
   </div>
   <div class='ocr_carea' id='block_1_81' title="bbox 2442 3533 4041 3604">
    <p class='ocr_par' dir='ltr' id='par_1_81' title="bbox 2442 3533 4041 3604">
     <span class='ocr_line' id='line_1_81' title="bbox 2442 3533 4041 3604; baseline 0.001 -19"><span class='ocrx_word' id='word_1_565' title='bbox 2442 3533 2619 3587; x_wconf 86' lang='grc' dir='ltr'>θάνων</span> <span class='ocrx_word' id='word_1_566' title='bbox 2649 3533 2707 3586; x_wconf 76' lang='grc' dir='ltr'>δὲ</span> <span class='ocrx_word' id='word_1_567' title='bbox 2738 3534 2888 3603; x_wconf 80' lang='grc' dir='ltr'><strong>παρά</strong></span> <span class='ocrx_word' id='word_1_568' title='bbox 2914 3534 3022 3585; x_wconf 88' lang='grc' dir='ltr'><strong>τῶν</strong></span> <span class='ocrx_word' id='word_1_569' title='bbox 3046 3534 3363 3604; x_wconf 83' lang='grc' dir='ltr'>δορυφόρων</span> <span class='ocrx_word' id='word_1_570' title='bbox 3390 3550 3447 3586; x_wconf 91' lang='grc' dir='ltr'><strong>τε</strong></span> <span class='ocrx_word' id='word_1_571' title='bbox 3478 3534 3572 3587; x_wconf 73' lang='grc' dir='ltr'>καὶ</span> <span class='ocrx_word' id='word_1_572' title='bbox 3593 3533 3883 3604; x_wconf 77' lang='grc' dir='ltr'>ὑπηρετῶν</span> <span class='ocrx_word' id='word_1_573' title='bbox 3904 3533 3943 3587; x_wconf 80' lang='grc' dir='ltr'><strong>ἃ.</strong></span> <span class='ocrx_word' id='word_1_574' title='bbox 3973 3536 4041 3587; x_wconf 85' lang='grc' dir='ltr'><strong>ἐν</strong></span> 
     </span>
    </p>
   </div>
   <div class='ocr_carea' id='block_1_82' title="bbox 2439 3624 4040 3696">
    <p class='ocr_par' dir='ltr' id='par_1_82' title="bbox 2439 3624 4040 3696">
     <span class='ocr_line' id='line_1_82' title="bbox 2439 3624 4040 3696; baseline 0.001 -21"><span class='ocrx_word' id='word_1_575' title='bbox 2439 3626 2504 3694; x_wconf 84' lang='grc' dir='ltr'>τῇ</span> <span class='ocrx_word' id='word_1_576' title='bbox 2536 3624 2749 3695; x_wconf 75' lang='grc' dir='ltr'>ἑσπέρᾳ</span> <span class='ocrx_word' id='word_1_577' title='bbox 2779 3625 2899 3676; x_wconf 79' lang='grc' dir='ltr'>κατ’</span> <span class='ocrx_word' id='word_1_578' title='bbox 2956 3624 3140 3678; x_wconf 88' lang='grc' dir='ltr'>αὑτῶν</span> <span class='ocrx_word' id='word_1_579' title='bbox 3187 3625 3513 3694; x_wconf 72' lang='grc' dir='ltr'>ἐψηφίσατο,</span> <span class='ocrx_word' id='word_1_580' title='bbox 3542 3625 3900 3696; x_wconf 79' lang='grc' dir='ltr'>μετεμελείτο</span> <span class='ocrx_word' id='word_1_581' title='bbox 3932 3626 4040 3677; x_wconf 70' lang='grc' dir='ltr'><strong>καὶ</strong></span> 
     </span>
    </p>
   </div>
   <div class='ocr_carea' id='block_1_83' title="bbox 2441 3716 4037 3789">
    <p class='ocr_par' dir='ltr' id='par_1_83' title="bbox 2441 3716 4037 3789">
     <span class='ocr_line' id='line_1_83' title="bbox 2441 3716 4037 3789; baseline 0 -21"><span class='ocrx_word' id='word_1_582' title='bbox 2441 3716 2675 3769; x_wconf 78' lang='grc' dir='ltr'>ἔστενεν.</span> <span class='ocrx_word' id='word_1_583' title='bbox 2716 3716 2826 3770; x_wconf 79' lang='grc' dir='ltr'><strong>Καὶ</strong></span> <span class='ocrx_word' id='word_1_584' title='bbox 2874 3716 3063 3771; x_wconf 81' lang='grc' dir='ltr'>ἄλλοτε</span> <span class='ocrx_word' id='word_1_585' title='bbox 3114 3719 3211 3787; x_wconf 84' lang='grc' dir='ltr'>μὲν</span> <span class='ocrx_word' id='word_1_586' title='bbox 3246 3718 3563 3789; x_wconf 82' lang='grc' dir='ltr'>εὑρίσκοντο</span> <span class='ocrx_word' id='word_1_587' title='bbox 3592 3719 3641 3772; x_wconf 88' lang='grc' dir='ltr'>οἰ</span> <span class='ocrx_word' id='word_1_588' title='bbox 3677 3718 4037 3788; x_wconf 79' lang='grc' dir='ltr'>ζητούμενοι,</span> 
     </span>
    </p>
   </div>
   <div class='ocr_carea' id='block_1_84' title="bbox 2440 3803 4043 3879">
    <p class='ocr_par' dir='ltr' id='par_1_84' title="bbox 2440 3803 4043 3879">
     <span class='ocr_line' id='line_1_84' title="bbox 2440 3803 4043 3879; baseline 0.001 -17"><span class='ocrx_word' id='word_1_589' title='bbox 2440 3808 2630 3862; x_wconf 73' lang='grc' dir='ltr'>ἄλλοτε</span> <span class='ocrx_word' id='word_1_590' title='bbox 2662 3808 2719 3861; x_wconf 74' lang='grc' dir='ltr'>δὲ</span> <span class='ocrx_word' id='word_1_591' title='bbox 2748 3807 3008 3877; x_wconf 85' lang='grc' dir='ltr'>ἀνόνητος</span> <span class='ocrx_word' id='word_1_592' title='bbox 3031 3803 3100 3879; x_wconf 71' lang='grc' dir='ltr'>ἦν</span> <span class='ocrx_word' id='word_1_593' title='bbox 3133 3810 3282 3879; x_wconf 85' lang='grc' dir='ltr'>αὑτῷ</span> <span class='ocrx_word' id='word_1_594' title='bbox 3314 3812 3347 3879; x_wconf 79' lang='grc' dir='ltr'>ἡ</span> <span class='ocrx_word' id='word_1_595' title='bbox 3386 3810 3479 3863; x_wconf 76' lang='grc' dir='ltr'>ἐπὶ</span> <span class='ocrx_word' id='word_1_596' title='bbox 3512 3803 3626 3873; x_wconf 70' lang='grc' dir='ltr'>τοῖς</span> <span class='ocrx_word' id='word_1_597' title='bbox 3654 3811 3891 3873; x_wconf 77' lang='grc' dir='ltr'>ἀνοσίοις</span> <span class='ocrx_word' id='word_1_598' title='bbox 3921 3812 4043 3863; x_wconf 86' lang='grc' dir='ltr'><strong>τῶν</strong></span> 
     </span>
    </p>
   </div>
   <div class='ocr_carea' id='block_1_85' title="bbox 2442 3900 4044 3975">
    <p class='ocr_par' dir='ltr' id='par_1_85' title="bbox 2442 3900 4044 3975">
     <span class='ocr_line' id='line_1_85' title="bbox 2442 3900 4044 3975; baseline 0.003 -22"><span class='ocrx_word' id='word_1_599' title='bbox 2442 3900 2622 3972; x_wconf 69' lang='grc' dir='ltr'>ἔργων</span> <span class='ocrx_word' id='word_1_600' title='bbox 2659 3902 2939 3971; x_wconf 81' lang='grc' dir='ltr'>μετάνοια,</span> <span class='ocrx_word' id='word_1_601' title='bbox 2971 3901 3081 3956; x_wconf 92' lang='grc' dir='ltr'><strong>τῶν</strong></span> <span class='ocrx_word' id='word_1_602' title='bbox 3136 3901 3467 3957; x_wconf 72' lang='grc' dir='ltr'>ἐκδοθέντων</span> <span class='ocrx_word' id='word_1_603' title='bbox 3501 3902 3884 3975; x_wconf 78' lang='grc' dir='ltr'>ἀνῃρημένων.</span> <span class='ocrx_word' id='word_1_604' title='bbox 3919 3905 4044 3958; x_wconf 82' lang='grc' dir='ltr'><strong>Πά-</strong></span> 
     </span>
    </p>
   </div>
   <div class='ocr_carea' id='block_1_86' title="bbox 2441 3992 4043 4065">
    <p class='ocr_par' dir='ltr' id='par_1_86' title="bbox 2441 3992 4043 4065">
     <span class='ocr_line' id='line_1_86' title="bbox 2441 3992 4043 4065; baseline 0 -18"><span class='ocrx_word' id='word_1_605' title='bbox 2441 3994 2524 4047; x_wconf 85' lang='grc' dir='ltr'><strong>λιν</strong></span> <span class='ocrx_word' id='word_1_606' title='bbox 2546 3993 2603 4047; x_wconf 70' lang='grc' dir='ltr'>δὶ</span> <span class='ocrx_word' id='word_1_607' title='bbox 2629 3994 2725 4064; x_wconf 81' lang='grc' dir='ltr'>τῆς</span> <span class='ocrx_word' id='word_1_608' title='bbox 2761 3994 3004 4065; x_wconf 75' lang='grc' dir='ltr'>ἑσπέρας</span> <span class='ocrx_word' id='word_1_609' title='bbox 3031 3992 3473 4064; x_wconf 79' lang='grc' dir='ltr'>καταλασούσης,</span> <span class='ocrx_word' id='word_1_610' title='bbox 3505 3995 3600 4048; x_wconf 80' lang='grc' dir='ltr'>καὶ</span> <span class='ocrx_word' id='word_1_611' title='bbox 3630 3994 3895 4056; x_wconf 83' lang='grc' dir='ltr'>νεανικῶς</span> <span class='ocrx_word' id='word_1_612' title='bbox 3935 3994 4043 4047; x_wconf 73' lang='grc' dir='ltr'>τοῦ</span> 
     </span>
    </p>
   </div>
   <div class='ocr_carea' id='block_1_87' title="bbox 2444 4084 4044 4157">
    <p class='ocr_par' dir='ltr' id='par_1_87' title="bbox 2444 4084 4044 4157">
     <span class='ocr_line' id='line_1_87' title="bbox 2444 4084 4044 4157; baseline -0.001 -18"><span class='ocrx_word' id='word_1_613' title='bbox 2444 4084 2610 4139; x_wconf 84' lang='grc' dir='ltr'>πότου</span> <span class='ocrx_word' id='word_1_614' title='bbox 2643 4084 2835 4156; x_wconf 75' lang='grc' dir='ltr'>πόρῤω</span> <span class='ocrx_word' id='word_1_615' title='bbox 2877 4087 2977 4157; x_wconf 85' lang='grc' dir='ltr'>τῆς</span> <span class='ocrx_word' id='word_1_616' title='bbox 3016 4085 3214 4148; x_wconf 78' lang='grc' dir='ltr'>νυκτὸς</span> <span class='ocrx_word' id='word_1_617' title='bbox 3266 4086 3405 4155; x_wconf 83' lang='grc' dir='ltr'>μετὰ</span> <span class='ocrx_word' id='word_1_618' title='bbox 3450 4085 3560 4138; x_wconf 89' lang='grc' dir='ltr'><strong>τῶν</strong></span> <span class='ocrx_word' id='word_1_619' title='bbox 3593 4084 3913 4155; x_wconf 80' lang='grc' dir='ltr'>ἀλαστόρων</span> <span class='ocrx_word' id='word_1_620' title='bbox 3943 4085 4044 4156; x_wconf 80' lang='grc' dir='ltr'>ιρ.</span> 
     </span>
    </p>
   </div>
   <div class='ocr_carea' id='block_1_88' title="bbox 2443 4177 4044 4246">
    <p class='ocr_par' dir='ltr' id='par_1_88' title="bbox 2443 4177 4044 4246">
     <span class='ocr_line' id='line_1_88' title="bbox 2443 4177 4044 4246; baseline -0.002 -17"><span class='ocrx_word' id='word_1_621' title='bbox 2443 4194 2557 4244; x_wconf 90' lang='grc' dir='ltr'><strong>γων</strong></span> <span class='ocrx_word' id='word_1_622' title='bbox 2587 4178 2679 4229; x_wconf 76' lang='grc' dir='ltr'>καὶ</span> <span class='ocrx_word' id='word_1_623' title='bbox 2707 4177 2883 4243; x_wconf 86' lang='grc' dir='ltr'>λόγων</span> <span class='ocrx_word' id='word_1_624' title='bbox 2942 4178 3372 4242; x_wconf 85' lang='grc' dir='ltr'>προκόπτοντος,</span> <span class='ocrx_word' id='word_1_625' title='bbox 3411 4179 3469 4229; x_wconf 81' lang='grc' dir='ltr'><strong>ἐν</strong></span> <span class='ocrx_word' id='word_1_626' title='bbox 3514 4178 3626 4239; x_wconf 82' lang='grc' dir='ltr'>τοῖς</span> <span class='ocrx_word' id='word_1_627' title='bbox 3676 4177 3883 4246; x_wconf 84' lang='grc' dir='ltr'>ὁμοίοις</span> <span class='ocrx_word' id='word_1_628' title='bbox 3913 4178 4044 4244; x_wconf 89' lang='grc' dir='ltr'>ἐγί-</span> 
     </span>
    </p>
   </div>
   <div class='ocr_carea' id='block_1_89' title="bbox 2445 4268 4044 4339">
    <p class='ocr_par' dir='ltr' id='par_1_89' title="bbox 2445 4268 4044 4339">
     <span class='ocr_line' id='line_1_89' title="bbox 2445 4268 4044 4339; baseline 0.001 -20"><span class='ocrx_word' id='word_1_629' title='bbox 2445 4284 2585 4320; x_wconf 84' lang='grc' dir='ltr'>νετο.</span> <span class='ocrx_word' id='word_1_630' title='bbox 2621 4272 2687 4323; x_wconf 73' lang='grc' dir='ltr'>Ἀ</span> <span class='ocrx_word' id='word_1_631' title='bbox 2744 4270 2830 4331; x_wconf 87' lang='grc' dir='ltr'><strong>τίς</strong></span> <span class='ocrx_word' id='word_1_632' title='bbox 2866 4268 3082 4322; x_wconf 86' lang='grc' dir='ltr'>ἀκούων</span> <span class='ocrx_word' id='word_1_633' title='bbox 3123 4286 3182 4321; x_wconf 84' lang='grc' dir='ltr'><strong>τε</strong></span> <span class='ocrx_word' id='word_1_634' title='bbox 3242 4270 3336 4321; x_wconf 80' lang='grc' dir='ltr'>καὶ</span> <span class='ocrx_word' id='word_1_635' title='bbox 3382 4269 3544 4339; x_wconf 81' lang='grc' dir='ltr'>ὁρῶν,</span> <span class='ocrx_word' id='word_1_636' title='bbox 3580 4272 3629 4321; x_wconf 83' lang='grc' dir='ltr'><strong>εί</strong></span> <span class='ocrx_word' id='word_1_637' title='bbox 3678 4269 3771 4323; x_wconf 71' lang='grc' dir='ltr'>καὶ</span> <span class='ocrx_word' id='word_1_638' title='bbox 3816 4268 4044 4339; x_wconf 82' lang='grc' dir='ltr'>λιθίνην</span> 
     </span>
    </p>
   </div>
   <div class='ocr_carea' id='block_1_90' title="bbox 2448 4358 4043 4433">
    <p class='ocr_par' dir='ltr' id='par_1_90' title="bbox 2448 4358 4043 4433">
     <span class='ocr_line' id='line_1_90' title="bbox 2448 4358 4043 4433; baseline 0 -21"><span class='ocrx_word' id='word_1_639' title='bbox 2448 4360 2671 4429; x_wconf 84' lang='grc' dir='ltr'>καρδίαν</span> <span class='ocrx_word' id='word_1_640' title='bbox 2699 4361 2965 4430; x_wconf 76' lang='grc' dir='ltr'>ἐκέκτητο</span> <span class='ocrx_word' id='word_1_641' title='bbox 3003 4364 3035 4433; x_wconf 84' lang='grc' dir='ltr'>ἢ</span> <span class='ocrx_word' id='word_1_642' title='bbox 3072 4361 3419 4415; x_wconf 84' lang='grc' dir='ltr'>παντάπασιν</span> <span class='ocrx_word' id='word_1_643' title='bbox 3451 4361 3776 4429; x_wconf 80' lang='grc' dir='ltr'>ἀναίσθητος</span> <span class='ocrx_word' id='word_1_644' title='bbox 3819 4358 3911 4432; x_wconf 78' lang='grc' dir='ltr'><strong>ἦν,</strong></span> <span class='ocrx_word' id='word_1_645' title='bbox 3958 4364 4043 4432; x_wconf 79' lang='grc' dir='ltr'>μὴ</span> 
     </span>
    </p>
   </div>
   <div class='ocr_carea' id='block_1_91' title="bbox 2443 4452 4043 4522">
    <p class='ocr_par' dir='ltr' id='par_1_91' title="bbox 2443 4452 4043 4522">
     <span class='ocr_line' id='line_1_91' title="bbox 2443 4452 4043 4522; baseline 0.001 -20"><span class='ocrx_word' id='word_1_646' title='bbox 2443 4452 2586 4521; x_wconf 67' lang='grc' dir='ltr'>’πρὸς</span> <span class='ocrx_word' id='word_1_647' title='bbox 2620 4452 2790 4521; x_wconf 80' lang='grc' dir='ltr'>ὀργὴν</span> <span class='ocrx_word' id='word_1_648' title='bbox 2821 4452 3047 4521; x_wconf 68' lang='grc' dir='ltr'>ἐκινήθη</span> <span class='ocrx_word' id='word_1_649' title='bbox 3078 4452 3173 4504; x_wconf 73' lang='grc' dir='ltr'>καὶ</span> <span class='ocrx_word' id='word_1_650' title='bbox 3204 4452 3571 4522; x_wconf 74' lang='grc' dir='ltr'>διεθερμάνθη</span> <span class='ocrx_word' id='word_1_651' title='bbox 3599 4456 3729 4504; x_wconf 84' lang='grc' dir='ltr'>ποτὲ</span> <span class='ocrx_word' id='word_1_652' title='bbox 3763 4452 3902 4520; x_wconf 75' lang='grc' dir='ltr'>πρὸς</span> <span class='ocrx_word' id='word_1_653' title='bbox 3934 4454 4043 4521; x_wconf 76' lang='grc' dir='ltr'>τὴν</span> 
     </span>
    </p>
   </div>
   <div class='ocr_carea' id='block_1_92' title="bbox 758 4539 2338 4611">
    <p class='ocr_par' dir='ltr' id='par_1_92' title="bbox 758 4540 2338 4610">
     <span class='ocr_line' id='line_1_92' title="bbox 758 4540 2338 4610; baseline -0.004 -6"><span class='ocrx_word' id='word_1_654' title='bbox 758 4553 907 4604; x_wconf 90' lang='lat' dir='ltr'><strong>nium</strong></span> <span class='ocrx_word' id='word_1_655' title='bbox 940 4548 1267 4602; x_wconf 86' lang='lat' dir='ltr'><strong>mitissimus</strong></span> <span class='ocrx_word' id='word_1_656' title='bbox 1300 4546 1490 4610; x_wconf 85' lang='lat' dir='ltr'><strong>David,</strong></span> <span class='ocrx_word' id='word_1_657' title='bbox 1522 4556 1581 4599; x_wconf 92' lang='lat' dir='ltr'><strong>ut</strong></span> <span class='ocrx_word' id='word_1_658' title='bbox 1613 4546 1871 4606; x_wconf 88' lang='lat' dir='ltr'><strong>arbitror,</strong></span> <span class='ocrx_word' id='word_1_659' title='bbox 1898 4552 2107 4597; x_wconf 86' lang='lat' dir='ltr'><strong>tantam</strong></span> <span class='ocrx_word' id='word_1_660' title='bbox 2141 4540 2338 4610; x_wconf 89' lang='lat' dir='ltr'><strong>piaculi</strong></span> 
     </span>
    </p>
   </div>
   <div class='ocr_carea' id='block_1_93' title="bbox 2442 4539 4045 4611">
    <p class='ocr_par' dir='ltr' id='par_1_93' title="bbox 2453 4542 4045 4611">
     <span class='ocr_line' id='line_1_93' title="bbox 2453 4542 4045 4611; baseline 0.001 -17"><span class='ocrx_word' id='word_1_661' title='bbox 2453 4543 2563 4594; x_wconf 90' lang='grc' dir='ltr'><strong>τῶν</strong></span> <span class='ocrx_word' id='word_1_662' title='bbox 2620 4542 2882 4604; x_wconf 84' lang='grc' dir='ltr'>ἀναιτίως</span> <span class='ocrx_word' id='word_1_663' title='bbox 2927 4542 3320 4611; x_wconf 84' lang='grc' dir='ltr'>ἀπολλυμένων</span> <span class='ocrx_word' id='word_1_664' title='bbox 3379 4542 3690 4609; x_wconf 65' lang='grc' dir='ltr'>ἐκδίκησιν;</span> <span class='ocrx_word' id='word_1_665' title='bbox 3744 4542 3897 4610; x_wconf 76' lang='grc' dir='ltr'>Μηδὲ</span> <span class='ocrx_word' id='word_1_666' title='bbox 3946 4545 4045 4595; x_wconf 67' lang='grc' dir='ltr'><strong>τὸν</strong></span> 
     </span>
    </p>
   </div>
   <div class='ocr_carea' id='block_1_94' title="bbox 756 4633 2347 4712">
    <p class='ocr_par' dir='ltr' id='par_1_94' title="bbox 756 4633 2347 4712">
     <span class='ocr_line' id='line_1_94' title="bbox 756 4633 2347 4712; baseline -0.006 -19"><span class='ocrx_word' id='word_1_667' title='bbox 756 4638 1110 4712; x_wconf 83' lang='lat' dir='ltr'><strong>petulantiam</strong></span> <span class='ocrx_word' id='word_1_668' title='bbox 1165 4636 1344 4691; x_wconf 84' lang='lat' dir='ltr'><strong>lenius</strong></span> <span class='ocrx_word' id='word_1_669' title='bbox 1409 4636 1702 4690; x_wconf 88' lang='lat' dir='ltr'><strong>sustineat.</strong></span> <span class='ocrx_word' id='word_1_670' title='bbox 1746 4634 2035 4689; x_wconf 89' lang='lat' dir='ltr'><strong>Stoliditas</strong></span> <span class='ocrx_word' id='word_1_671' title='bbox 2090 4633 2237 4687; x_wconf 89' lang='lat' dir='ltr'><strong>enim</strong></span> <span class='ocrx_word' id='word_1_672' title='bbox 2292 4638 2347 4685; x_wconf 89' lang='lat' dir='ltr'><strong>et</strong></span> 
     </span>
    </p>
   </div>
   <div class='ocr_carea' id='block_1_95' title="bbox 754 4724 2346 4802">
    <p class='ocr_par' dir='ltr' id='par_1_95' title="bbox 754 4724 2346 4802">
     <span class='ocr_line' id='line_1_95' title="bbox 754 4724 2346 4802; baseline -0.006 -15"><span class='ocrx_word' id='word_1_673' title='bbox 754 4745 944 4802; x_wconf 86' lang='lat' dir='ltr'><strong>stupor</strong></span> <span class='ocrx_word' id='word_1_674' title='bbox 970 4740 1073 4796; x_wconf 90' lang='lat' dir='ltr'><strong>est,</strong></span> <span class='ocrx_word' id='word_1_675' title='bbox 1111 4746 1217 4783; x_wconf 92' lang='lat' dir='ltr'><strong>non</strong></span> <span class='ocrx_word' id='word_1_676' title='bbox 1244 4730 1443 4784; x_wconf 90' lang='lat' dir='ltr'><strong>lenitas</strong></span> <span class='ocrx_word' id='word_1_677' title='bbox 1472 4737 1566 4782; x_wconf 91' lang='lat' dir='ltr'><strong>aut</strong></span> <span class='ocrx_word' id='word_1_678' title='bbox 1593 4728 1824 4797; x_wconf 69' lang='lat' dir='ltr'><strong>mquitas</strong></span> <span class='ocrx_word' id='word_1_679' title='bbox 1857 4724 2191 4794; x_wconf 79' lang='lat' dir='ltr'><strong>indulgentia</strong></span> <span class='ocrx_word' id='word_1_680' title='bbox 2233 4724 2346 4777; x_wconf 65' lang='lat' dir='ltr'><strong>haec</strong></span> 
     </span>
    </p>
   </div>
   <div class='ocr_carea' id='block_1_96' title="bbox 755 4808 2322 4888">
    <p class='ocr_par' dir='ltr' id='par_1_96' title="bbox 755 4808 2322 4888">
     <span class='ocr_line' id='line_1_96' title="bbox 755 4808 2322 4888; baseline -0.01 -8"><span class='ocrx_word' id='word_1_681' title='bbox 755 4842 851 4879; x_wconf 85' lang='lat' dir='ltr'><strong>seu</strong></span> <span class='ocrx_word' id='word_1_682' title='bbox 888 4821 1185 4877; x_wconf 87' lang='lat' dir='ltr'><strong>ulciscendi</strong></span> <span class='ocrx_word' id='word_1_683' title='bbox 1228 4821 1544 4873; x_wconf 84' lang='lat' dir='ltr'><strong>subtractus</strong></span> <span class='ocrx_word' id='word_1_684' title='bbox 1578 4820 1750 4888; x_wconf 79' lang='lat' dir='ltr'><strong>vigor.</strong></span> <span class='ocrx_word' id='word_1_685' title='bbox 2318 4808 2322 4813; x_wconf 75' lang='grc'><strong>’</strong></span> 
     </span>
    </p>
   </div>
   <div class='ocr_carea' id='block_1_97' title="bbox 825 4996 2346 5072">
    <p class='ocr_par' dir='ltr' id='par_1_97' title="bbox 825 4996 2346 5072">
     <span class='ocr_line' id='line_1_97' title="bbox 825 4996 2346 5072; baseline -0.004 -16"><span class='ocrx_word' id='word_1_686' title='bbox 825 5001 984 5072; x_wconf 71' lang='lat'><strong>253</strong></span> <span class='ocrx_word' id='word_1_687' title='bbox 1017 5002 1103 5055; x_wconf 72' lang='lat'><strong>27.</strong></span> <span class='ocrx_word' id='word_1_688' title='bbox 1139 4999 1259 5054; x_wconf 84' lang='lat' dir='ltr'><strong>Jam</strong></span> <span class='ocrx_word' id='word_1_689' title='bbox 1307 5015 1433 5054; x_wconf 82' lang='lat' dir='ltr'><strong>vero</strong></span> <span class='ocrx_word' id='word_1_690' title='bbox 1464 5000 1613 5053; x_wconf 88' lang='lat' dir='ltr'><strong>omni</strong></span> <span class='ocrx_word' id='word_1_691' title='bbox 1648 5014 1783 5067; x_wconf 85' lang='lat' dir='ltr'><strong>pene</strong></span> <span class='ocrx_word' id='word_1_692' title='bbox 1833 4999 2102 5052; x_wconf 77' lang='lat' dir='ltr'><strong>exhausto</strong></span> <span class='ocrx_word' id='word_1_693' title='bbox 2132 4996 2346 5060; x_wconf 63' lang='lat' dir='ltr'><strong>aerario,</strong></span> 
     </span>
    </p>
   </div>
   <div class='ocr_carea' id='block_1_98' title="bbox 756 5088 2348 5163">
    <p class='ocr_par' dir='ltr' id='par_1_98' title="bbox 756 5088 2348 5163">
     <span class='ocr_line' id='line_1_98' title="bbox 756 5088 2348 5163; baseline -0.003 -19"><span class='ocrx_word' id='word_1_694' title='bbox 756 5094 876 5162; x_wconf 66' lang='lat' dir='ltr'><strong>ejus</strong></span> <span class='ocrx_word' id='word_1_695' title='bbox 931 5094 1146 5149; x_wconf 86' lang='lat' dir='ltr'><strong>scilicet</strong></span> <span class='ocrx_word' id='word_1_696' title='bbox 1183 5094 1379 5163; x_wconf 81' lang='lat' dir='ltr'><strong>Opibus</strong></span> <span class='ocrx_word' id='word_1_697' title='bbox 1420 5094 1473 5145; x_wconf 90' lang='lat' dir='ltr'><strong>in</strong></span> <span class='ocrx_word' id='word_1_698' title='bbox 1522 5090 1720 5147; x_wconf 86' lang='lat' dir='ltr'><strong>studiis</strong></span> <span class='ocrx_word' id='word_1_699' title='bbox 1765 5091 2038 5159; x_wconf 86' lang='lat' dir='ltr'><strong>rebusque</strong></span> <span class='ocrx_word' id='word_1_700' title='bbox 2079 5088 2348 5159; x_wconf 86' lang='lat' dir='ltr'><strong>ejusmodi</strong></span> 
     </span>
    </p>
   </div>
   <div class='ocr_carea' id='block_1_99' title="bbox 761 5182 2349 5255">
    <p class='ocr_par' dir='ltr' id='par_1_99' title="bbox 761 5182 2349 5255">
     <span class='ocr_line' id='line_1_99' title="bbox 761 5182 2349 5255; baseline -0.003 -16"><span class='ocrx_word' id='word_1_701' title='bbox 761 5184 902 5239; x_wconf 69' lang='grc' dir='ltr'>[ωδε</span> <span class='ocrx_word' id='word_1_702' title='bbox 946 5186 1263 5255; x_wconf 88' lang='lat' dir='ltr'><strong>dilapidatis</strong></span> <span class='ocrx_word' id='word_1_703' title='bbox 1322 5186 1635 5239; x_wconf 85' lang='lat' dir='ltr'><strong>necessario</strong></span> <span class='ocrx_word' id='word_1_704' title='bbox 1679 5182 2005 5237; x_wconf 72' lang='lat' dir='ltr'><strong>meinebat</strong></span> <span class='ocrx_word' id='word_1_705' title='bbox 2060 5197 2349 5252; x_wconf 82' lang='lat' dir='ltr'><strong>procerum</strong></span> 
     </span>
    </p>
   </div>
   <div class='ocr_carea' id='block_1_100' title="bbox 758 5275 2351 5350">
    <p class='ocr_par' dir='ltr' id='par_1_100' title="bbox 758 5275 2351 5350">
     <span class='ocr_line' id='line_1_100' title="bbox 758 5275 2351 5350; baseline -0.002 -19"><span class='ocrx_word' id='word_1_706' title='bbox 758 5280 1002 5334; x_wconf 82' lang='lat' dir='ltr'><strong>omnium</strong></span> <span class='ocrx_word' id='word_1_707' title='bbox 1038 5280 1418 5350; x_wconf 89' lang='lat' dir='ltr'><strong>(patriciorum</strong></span> <span class='ocrx_word' id='word_1_708' title='bbox 1474 5279 1683 5333; x_wconf 88' lang='lat' dir='ltr'><strong>scilicet</strong></span> <span class='ocrx_word' id='word_1_709' title='bbox 1716 5287 1814 5333; x_wconf 85' lang='lat' dir='ltr'><strong>aut</strong></span> <span class='ocrx_word' id='word_1_710' title='bbox 1859 5275 2199 5347; x_wconf 83' lang='lat' dir='ltr'><strong>senatorum)</strong></span> <span class='ocrx_word' id='word_1_711' title='bbox 2245 5291 2351 5329; x_wconf 90' lang='lat' dir='ltr'><strong>una</strong></span> 
     </span>
    </p>
   </div>
   <div class='ocr_carea' id='block_1_101' title="bbox 761 5368 2352 5441">
    <p class='ocr_par' dir='ltr' id='par_1_101' title="bbox 761 5368 2352 5441">
     <span class='ocr_line' id='line_1_101' title="bbox 761 5368 2352 5441; baseline -0.002 -17"><span class='ocrx_word' id='word_1_712' title='bbox 761 5370 1050 5425; x_wconf 84' lang='lat' dir='ltr'><strong>manifeste</strong></span> <span class='ocrx_word' id='word_1_713' title='bbox 1080 5380 1394 5441; x_wconf 85' lang='lat' dir='ltr'><strong>exspectata</strong></span> <span class='ocrx_word' id='word_1_714' title='bbox 1424 5370 1597 5425; x_wconf 65' lang='lat' dir='ltr'><strong>caedes</strong></span> <span class='ocrx_word' id='word_1_715' title='bbox 1623 5370 2006 5437; x_wconf 89' lang='lat' dir='ltr'><strong>bonorumque</strong></span> <span class='ocrx_word' id='word_1_716' title='bbox 2030 5368 2352 5439; x_wconf 89' lang='lat' dir='ltr'><strong>publicatio,</strong></span> 
     </span>
    </p>
   </div>
   <div class='ocr_carea' id='block_1_102' title="bbox 762 5462 2350 5534">
    <p class='ocr_par' dir='ltr' id='par_1_102' title="bbox 762 5462 2350 5534">
     <span class='ocr_line' id='line_1_102' title="bbox 762 5462 2350 5534; baseline -0.002 -18"><span class='ocrx_word' id='word_1_717' title='bbox 762 5474 822 5517; x_wconf 92' lang='lat' dir='ltr'><strong>ut</strong></span> <span class='ocrx_word' id='word_1_718' title='bbox 870 5480 977 5518; x_wconf 91' lang='lat' dir='ltr'><strong>non</strong></span> <span class='ocrx_word' id='word_1_719' title='bbox 1013 5466 1269 5519; x_wconf 78' lang='lat' dir='ltr'><strong>deessent</strong></span> <span class='ocrx_word' id='word_1_720' title='bbox 1316 5463 1632 5534; x_wconf 86' lang='lat' dir='ltr'><strong>imperatori</strong></span> <span class='ocrx_word' id='word_1_721' title='bbox 1690 5471 1965 5531; x_wconf 91' lang='lat' dir='ltr'><strong>sumptus,</strong></span> <span class='ocrx_word' id='word_1_722' title='bbox 2014 5462 2213 5531; x_wconf 90' lang='lat' dir='ltr'><strong>quibus</strong></span> <span class='ocrx_word' id='word_1_723' title='bbox 2248 5476 2350 5514; x_wconf 87' lang='lat' dir='ltr'><strong>au-</strong></span> 
     </span>
    </p>
   </div>
   <div class='ocr_carea' id='block_1_103' title="bbox 762 5553 2351 5627">
    <p class='ocr_par' dir='ltr' id='par_1_103' title="bbox 762 5553 2351 5627">
     <span class='ocr_line' id='line_1_103' title="bbox 762 5553 2351 5627; baseline -0.003 -18"><span class='ocrx_word' id='word_1_724' title='bbox 762 5556 914 5627; x_wconf 70' lang='lat' dir='ltr'><strong>rigis,</strong></span> <span class='ocrx_word' id='word_1_725' title='bbox 955 5556 1360 5623; x_wconf 89' lang='lat' dir='ltr'><strong>meretricibus,</strong></span> <span class='ocrx_word' id='word_1_726' title='bbox 1384 5556 1616 5624; x_wconf 90' lang='lat' dir='ltr'><strong>aliisque</strong></span> <span class='ocrx_word' id='word_1_727' title='bbox 1646 5554 1877 5625; x_wconf 86' lang='lat' dir='ltr'><strong>impuris</strong></span> <span class='ocrx_word' id='word_1_728' title='bbox 1928 5553 2245 5607; x_wconf 85' lang='lat' dir='ltr'><strong>hominibus</strong></span> <span class='ocrx_word' id='word_1_729' title='bbox 2288 5568 2351 5605; x_wconf 86' lang='lat' dir='ltr'><strong>ac</strong></span> 
     </span>
    </p>
   </div>
   <div class='ocr_carea' id='block_1_104' title="bbox 2455 4633 4044 4704">
    <p class='ocr_par' dir='ltr' id='par_1_104' title="bbox 2455 4633 4044 4704">
     <span class='ocr_line' id='line_1_104' title="bbox 2455 4633 4044 4704; baseline 0.001 -18"><span class='ocrx_word' id='word_1_730' title='bbox 2455 4636 2761 4703; x_wconf 75' lang='grc' dir='ltr'>πραότατον</span> <span class='ocrx_word' id='word_1_731' title='bbox 2798 4635 3014 4687; x_wconf 81' lang='grc' dir='ltr'>πάντων</span> <span class='ocrx_word' id='word_1_732' title='bbox 3042 4634 3346 4703; x_wconf 79' lang='grc' dir='ltr'>ἀνθρώπων</span> <span class='ocrx_word' id='word_1_733' title='bbox 3376 4634 3541 4687; x_wconf 78' lang='grc' dir='ltr'>Δα6“ιδ</span> <span class='ocrx_word' id='word_1_734' title='bbox 3573 4635 3906 4704; x_wconf 82' lang='grc' dir='ltr'>ἀνασχέσθαι</span> <span class='ocrx_word' id='word_1_735' title='bbox 3957 4633 4044 4688; x_wconf 81' lang='grc' dir='ltr'><strong>οἷ-</strong></span> 
     </span>
    </p>
   </div>
   <div class='ocr_carea' id='block_1_105' title="bbox 2457 4726 4045 4798">
    <p class='ocr_par' dir='ltr' id='par_1_105' title="bbox 2457 4726 4045 4798">
     <span class='ocr_line' id='line_1_105' title="bbox 2457 4726 4045 4798; baseline 0 -19"><span class='ocrx_word' id='word_1_736' title='bbox 2457 4746 2555 4797; x_wconf 89' lang='grc' dir='ltr'><strong>μαι</strong></span> <span class='ocrx_word' id='word_1_737' title='bbox 2578 4730 2676 4798; x_wconf 77' lang='grc' dir='ltr'>τὴν</span> <span class='ocrx_word' id='word_1_738' title='bbox 2701 4728 2969 4797; x_wconf 83' lang='grc' dir='ltr'>τοσαύτην</span> <span class='ocrx_word' id='word_1_739' title='bbox 3018 4727 3115 4779; x_wconf 79' lang='grc' dir='ltr'>τοῦ</span> <span class='ocrx_word' id='word_1_740' title='bbox 3168 4726 3524 4796; x_wconf 77' lang='grc' dir='ltr'>καθάρματος</span> <span class='ocrx_word' id='word_1_741' title='bbox 3560 4728 3847 4796; x_wconf 68' lang='grc' dir='ltr'>παροινίαν</span> <span class='ocrx_word' id='word_1_742' title='bbox 3867 4742 3884 4758; x_wconf 82' lang='grc'><em>’</em></span> <span class='ocrx_word' id='word_1_743' title='bbox 3912 4729 4045 4796; x_wconf 64' lang='grc' dir='ltr'>ἡλι-</span> 
     </span>
    </p>
   </div>
   <div class='ocr_carea' id='block_1_106' title="bbox 2455 4819 4046 4890">
    <p class='ocr_par' dir='ltr' id='par_1_106' title="bbox 2455 4819 4046 4890">
     <span class='ocr_line' id='line_1_106' title="bbox 2455 4819 4046 4890; baseline 0.002 -19"><span class='ocrx_word' id='word_1_744' title='bbox 2455 4820 2637 4890; x_wconf 81' lang='grc' dir='ltr'>θιότης</span> <span class='ocrx_word' id='word_1_745' title='bbox 2662 4821 2770 4889; x_wconf 71' lang='grc' dir='ltr'><strong>γὰρ</strong></span> <span class='ocrx_word' id='word_1_746' title='bbox 2793 4819 2889 4877; x_wconf 74' lang='grc' dir='ltr'><strong>καὶ</strong></span> <span class='ocrx_word' id='word_1_747' title='bbox 2920 4819 3250 4888; x_wconf 81' lang='grc' dir='ltr'>ἀναλγησία,</span> <span class='ocrx_word' id='word_1_748' title='bbox 3296 4821 3358 4871; x_wconf 85' lang='grc' dir='ltr'>οὐ</span> <span class='ocrx_word' id='word_1_749' title='bbox 3405 4819 3760 4890; x_wconf 78' lang='grc' dir='ltr'>μακροθυμία</span> <span class='ocrx_word' id='word_1_750' title='bbox 3798 4820 4046 4875; x_wconf 68' lang='grc' dir='ltr'>ὲνταῦἰια</span> 
     </span>
    </p>
   </div>
   <div class='ocr_carea' id='block_1_107' title="bbox 2450 4912 3013 4981">
    <p class='ocr_par' dir='ltr' id='par_1_107' title="bbox 2450 4912 3013 4981">
     <span class='ocr_line' id='line_1_107' title="bbox 2450 4912 3013 4981; baseline 0.007 -18"><span class='ocrx_word' id='word_1_751' title='bbox 2450 4912 2726 4979; x_wconf 71' lang='grc' dir='ltr'>λογίζεται</span> <span class='ocrx_word' id='word_1_752' title='bbox 2762 4914 2795 4981; x_wconf 78' lang='grc' dir='ltr'><strong>ἡ</strong></span> <span class='ocrx_word' id='word_1_753' title='bbox 2826 4912 3013 4980; x_wconf 80' lang='grc' dir='ltr'>φειδώ.</span> 
     </span>
    </p>
   </div>
   <div class='ocr_carea' id='block_1_108' title="bbox 2527 5005 4045 5077">
    <p class='ocr_par' dir='ltr' id='par_1_108' title="bbox 2527 5005 4045 5077">
     <span class='ocr_line' id='line_1_108' title="bbox 2527 5005 4045 5077; baseline 0.001 -19"><span class='ocrx_word' id='word_1_754' title='bbox 2527 5005 2634 5069; x_wconf 78' lang='grc' dir='ltr'><strong>κζ’.</strong></span> <span class='ocrx_word' id='word_1_755' title='bbox 2668 5007 2807 5075; x_wconf 81' lang='grc' dir='ltr'><strong>Ἤδη</strong></span> <span class='ocrx_word' id='word_1_756' title='bbox 2854 5008 2911 5060; x_wconf 80' lang='grc' dir='ltr'>δὲ</span> <span class='ocrx_word' id='word_1_757' title='bbox 2972 5009 3191 5061; x_wconf 88' lang='grc' dir='ltr'>πάντων</span> <span class='ocrx_word' id='word_1_758' title='bbox 3225 5008 3409 5077; x_wconf 74' lang='grc' dir='ltr'>σχεδον</span> <span class='ocrx_word' id='word_1_759' title='bbox 3448 5007 3555 5060; x_wconf 90' lang='grc' dir='ltr'><strong>τῶν</strong></span> <span class='ocrx_word' id='word_1_760' title='bbox 3588 5007 3867 5060; x_wconf 84' lang='grc' dir='ltr'>ἀποθέτων</span> <span class='ocrx_word' id='word_1_761' title='bbox 3904 5026 4045 5077; x_wconf 58' lang='grc' dir='ltr'>χρῃ-</span> 
     </span>
    </p>
   </div>
   <div class='ocr_carea' id='block_1_109' title="bbox 2459 5097 4047 5164">
    <p class='ocr_par' dir='ltr' id='par_1_109' title="bbox 2459 5097 4047 5164">
     <span class='ocr_line' id='line_1_109' title="bbox 2459 5097 4047 5164; baseline 0 -15"><span class='ocrx_word' id='word_1_762' title='bbox 2459 5098 2643 5164; x_wconf 83' lang='grc' dir='ltr'>μάτων</span> <span class='ocrx_word' id='word_1_763' title='bbox 2687 5097 3047 5151; x_wconf 81' lang='grc' dir='ltr'>ἐπιλιπόντων</span> <span class='ocrx_word' id='word_1_764' title='bbox 3067 5098 3132 5161; x_wconf 82' lang='grc'><strong>³³,</strong></span> <span class='ocrx_word' id='word_1_765' title='bbox 3160 5099 3218 5150; x_wconf 87' lang='grc' dir='ltr'>ὲν</span> <span class='ocrx_word' id='word_1_766' title='bbox 3236 5100 3349 5159; x_wconf 87' lang='grc' dir='ltr'>τοῖς</span> <span class='ocrx_word' id='word_1_767' title='bbox 3370 5097 3631 5160; x_wconf 83' lang='grc' dir='ltr'>τοιούτοις</span> <span class='ocrx_word' id='word_1_768' title='bbox 3648 5098 4047 5151; x_wconf 63' lang='grc' dir='ltr'>ἀναλωθέντ,..ν</span> 
     </span>
    </p>
   </div>
   <div class='ocr_carea' id='block_1_110' title="bbox 2456 5187 4045 5259">
    <p class='ocr_par' dir='ltr' id='par_1_110' title="bbox 2456 5187 4045 5259">
     <span class='ocr_line' id='line_1_110' title="bbox 2456 5187 4045 5259; baseline 0.003 -22"><span class='ocrx_word' id='word_1_769' title='bbox 2456 5187 2660 5249; x_wconf 81' lang='grc' dir='ltr'>αὐτῶν,</span> <span class='ocrx_word' id='word_1_770' title='bbox 2694 5188 2910 5257; x_wconf 78' lang='grc' dir='ltr'>ἀνάγκη</span> <span class='ocrx_word' id='word_1_771' title='bbox 2940 5190 3221 5259; x_wconf 79' lang='grc' dir='ltr'>ἐπήρτητο</span> <span class='ocrx_word' id='word_1_772' title='bbox 3251 5190 3377 5251; x_wconf 72' lang='grc' dir='ltr'>τοὺς</span> <span class='ocrx_word' id='word_1_773' title='bbox 3416 5192 3474 5243; x_wconf 90' lang='grc' dir='ltr'><strong>ἐν</strong></span> <span class='ocrx_word' id='word_1_774' title='bbox 3513 5189 3655 5242; x_wconf 83' lang='grc' dir='ltr'>τέλει</span> <span class='ocrx_word' id='word_1_775' title='bbox 3684 5190 3898 5253; x_wconf 83' lang='grc' dir='ltr'>πάντας</span> <span class='ocrx_word' id='word_1_776' title='bbox 3936 5210 4045 5257; x_wconf 70' lang='grc' dir='ltr'>ςα-</span> 
     </span>
    </p>
   </div>
   <div class='ocr_carea' id='block_1_111' title="bbox 2456 5279 4045 5352">
    <p class='ocr_par' dir='ltr' id='par_1_111' title="bbox 2456 5279 4045 5352">
     <span class='ocr_line' id='line_1_111' title="bbox 2456 5279 4045 5352; baseline 0.003 -22"><span class='ocrx_word' id='word_1_777' title='bbox 2456 5279 2628 5347; x_wconf 84' lang='grc' dir='ltr'>νερῶς</span> <span class='ocrx_word' id='word_1_778' title='bbox 2668 5281 3113 5348; x_wconf 69' lang='grc' dir='ltr'>ἀποσφάττεσθαι</span> <span class='ocrx_word' id='word_1_779' title='bbox 3174 5281 3267 5334; x_wconf 76' lang='grc' dir='ltr'>καὶ</span> <span class='ocrx_word' id='word_1_780' title='bbox 3327 5281 3661 5352; x_wconf 85' lang='grc' dir='ltr'>δημεύεσθαι</span> <span class='ocrx_word' id='word_1_781' title='bbox 3698 5282 3800 5345; x_wconf 82' lang='grc' dir='ltr'>τὰς</span> <span class='ocrx_word' id='word_1_782' title='bbox 3848 5285 4045 5346; x_wconf 64' lang='grc' dir='ltr'>οὐσίας</span> 
     </span>
    </p>
   </div>
   <div class='ocr_carea' id='block_1_112' title="bbox 2454 5372 4043 5445">
    <p class='ocr_par' dir='ltr' id='par_1_112' title="bbox 2454 5372 4043 5445">
     <span class='ocr_line' id='line_1_112' title="bbox 2454 5372 4043 5445; baseline 0.003 -23"><span class='ocrx_word' id='word_1_783' title='bbox 2454 5372 2653 5435; x_wconf 66' lang='grc' dir='ltr'>αὐτῶν,</span> <span class='ocrx_word' id='word_1_784' title='bbox 2705 5372 2770 5424; x_wconf 82' lang='grc' dir='ltr'><strong>ἶν’</strong></span> <span class='ocrx_word' id='word_1_785' title='bbox 2820 5372 2934 5441; x_wconf 76' lang='grc' dir='ltr'>ἔχοι</span> <span class='ocrx_word' id='word_1_786' title='bbox 2972 5374 3135 5445; x_wconf 83' lang='grc' dir='ltr'>πόρον</span> <span class='ocrx_word' id='word_1_787' title='bbox 3158 5374 3187 5425; x_wconf 88' lang='grc' dir='ltr'>ὁ</span> <span class='ocrx_word' id='word_1_788' title='bbox 3216 5374 3471 5443; x_wconf 73' lang='grc' dir='ltr'>βασιλεὺς</span> <span class='ocrx_word' id='word_1_789' title='bbox 3502 5375 3741 5443; x_wconf 77' lang='grc' dir='ltr'>ἡνιόχοις</span> <span class='ocrx_word' id='word_1_790' title='bbox 3769 5378 3865 5427; x_wconf 79' lang='grc' dir='ltr'>καὶ</span> <span class='ocrx_word' id='word_1_791' title='bbox 3899 5377 4043 5445; x_wconf 80' lang='grc' dir='ltr'>πόρ-</span> 
     </span>
    </p>
   </div>
   <div class='ocr_carea' id='block_1_113' title="bbox 2455 5466 4047 5539">
    <p class='ocr_par' dir='ltr' id='par_1_113' title="bbox 2455 5466 4047 5539">
     <span class='ocr_line' id='line_1_113' title="bbox 2455 5466 4047 5539; baseline 0.004 -24"><span class='ocrx_word' id='word_1_792' title='bbox 2455 5482 2572 5527; x_wconf 79' lang='grc' dir='ltr'>ναις</span> <span class='ocrx_word' id='word_1_793' title='bbox 2604 5466 2694 5520; x_wconf 69' lang='grc' dir='ltr'>καὶ</span> <span class='ocrx_word' id='word_1_794' title='bbox 2732 5466 3019 5533; x_wconf 80' lang='grc' dir='ltr'>ἀσελγὲσιν</span> <span class='ocrx_word' id='word_1_795' title='bbox 3046 5466 3361 5535; x_wconf 85' lang='grc' dir='ltr'>ἀνθρώποις</span> <span class='ocrx_word' id='word_1_796' title='bbox 3388 5467 3734 5537; x_wconf 76' lang='grc' dir='ltr'>χαρίζεσθαι.</span> <span class='ocrx_word' id='word_1_797' title='bbox 3769 5468 4047 5539; x_wconf 75' lang='grc' dir='ltr'>Ἐὁδομήο</span> 
     </span>
    </p>
   </div>
   <div class='ocr_carea' id='block_1_114' title="bbox 2457 5556 4046 5630">
    <p class='ocr_par' dir='ltr' id='par_1_114' title="bbox 2457 5556 4046 5630">
     <span class='ocr_line' id='line_1_114' title="bbox 2457 5556 4046 5630; baseline 0.004 -23"><span class='ocrx_word' id='word_1_798' title='bbox 2457 5573 2620 5608; x_wconf 80' lang='grc' dir='ltr'>κοντα</span> <span class='ocrx_word' id='word_1_799' title='bbox 2646 5556 2752 5627; x_wconf 80' lang='grc' dir='ltr'><strong>γάρ</strong></span> <span class='ocrx_word' id='word_1_800' title='bbox 2778 5558 2873 5610; x_wconf 77' lang='grc' dir='ltr'>καὶ</span> <span class='ocrx_word' id='word_1_801' title='bbox 2894 5557 3183 5611; x_wconf 85' lang='grc' dir='ltr'>ἐννακόσια</span> <span class='ocrx_word' id='word_1_802' title='bbox 3238 5559 3576 5630; x_wconf 87' lang='grc' dir='ltr'>κεντηνάρια</span> <span class='ocrx_word' id='word_1_803' title='bbox 3616 5560 4046 5630; x_wconf 70' lang='grc' dir='ltr'>κεχαραγμένοι)</span> 
     </span>
    </p>
   </div>
   <div class='ocr_carea' id='block_1_115' title="bbox 2021 5666 2724 5724">
    <p class='ocr_par' dir='ltr' id='par_1_115' title="bbox 2021 5666 2724 5724">
     <span class='ocr_line' id='line_1_115' title="bbox 2021 5666 2724 5724; baseline 0 -2"><span class='ocrx_word' id='word_1_804' title='bbox 2021 5666 2259 5724; x_wconf 62' lang='lat' dir='ltr'><strong>VARUS</strong></span> <span class='ocrx_word' id='word_1_805' title='bbox 2317 5668 2724 5723; x_wconf 69' lang='lat' dir='ltr'><strong>LElI&#39;l‘lONES.</strong></span> 
     </span>
    </p>
   </div>
   <div class='ocr_carea' id='block_1_116' title="bbox 830 5765 1204 5822">
    <p class='ocr_par' dir='ltr' id='par_1_116' title="bbox 830 5765 1204 5822">
     <span class='ocr_line' id='line_1_116' title="bbox 830 5765 1204 5822; baseline -0.003 0"><span class='ocrx_word' id='word_1_806' title='bbox 830 5765 873 5796; x_wconf 82' lang='lat'>&quot;</span> <span class='ocrx_word' id='word_1_807' title='bbox 897 5781 957 5818; x_wconf 87' lang='grc' dir='ltr'><strong>τε</strong></span> <span class='ocrx_word' id='word_1_808' title='bbox 987 5783 1099 5822; x_wconf 91' lang='lat' dir='ltr'><strong>om.</strong></span> <span class='ocrx_word' id='word_1_809' title='bbox 1145 5767 1204 5821; x_wconf 74' lang='lat' dir='ltr'><strong>l’.</strong></span> 
     </span>
    </p>
   </div>
   <div class='ocr_carea' id='block_1_117' title="bbox 901 5764 2361 5888">
    <p class='ocr_par' dir='ltr' id='par_1_117' title="bbox 901 5764 2361 5888">
     <span class='ocr_line' id='line_1_117' title="bbox 901 5764 2361 5888; baseline 0.001 -71"><span class='ocrx_word' id='word_1_810' title='bbox 901 5781 957 5888; x_wconf 48' lang='lat' dir='ltr'><strong>is</strong></span> <span class='ocrx_word' id='word_1_811' title='bbox 987 5783 1099 5822; x_wconf 90' lang='lat' dir='ltr'><strong>om.</strong></span> <span class='ocrx_word' id='word_1_812' title='bbox 1145 5767 1204 5821; x_wconf 77' lang='lat' dir='ltr'><strong>l’.</strong></span> <span class='ocrx_word' id='word_1_813' title='bbox 1312 5768 1358 5799; x_wconf 78' lang='grc'><strong>³⁵</strong></span> <span class='ocrx_word' id='word_1_814' title='bbox 1383 5765 1532 5837; x_wconf 82' lang='grc' dir='ltr'>ὠμός</span> <span class='ocrx_word' id='word_1_815' title='bbox 1555 5781 1637 5829; x_wconf 86' lang='grc' dir='ltr'><strong>τις</strong></span> <span class='ocrx_word' id='word_1_816' title='bbox 1680 5765 1739 5818; x_wconf 83' lang='grc' dir='ltr'><strong>Ρ.</strong></span> <span class='ocrx_word' id='word_1_817' title='bbox 1817 5767 1863 5798; x_wconf 82' lang='grc'><strong>¹⁹</strong></span> <span class='ocrx_word' id='word_1_818' title='bbox 1891 5765 2098 5819; x_wconf 87' lang='grc' dir='ltr'>ἐκεῖνον</span> <span class='ocrx_word' id='word_1_819' title='bbox 2158 5782 2265 5819; x_wconf 75' lang='lat' dir='ltr'><strong>otii.</strong></span> <span class='ocrx_word' id='word_1_820' title='bbox 2302 5764 2361 5819; x_wconf 76' lang='grc' dir='ltr'><strong>ι’.</strong></span> 
     </span>
    </p>
   </div>
   <div class='ocr_carea' id='block_1_118' title="bbox 764 5850 968 5891">
    <p class='ocr_par' dir='ltr' id='par_1_118' title="bbox 764 5850 968 5891">
     <span class='ocr_line' id='line_1_118' title="bbox 764 5850 968 5891; baseline 0.015 -3"><span class='ocrx_word' id='word_1_821' title='bbox 764 5850 877 5888; x_wconf 77' lang='lat' dir='ltr'><strong>Olli.</strong></span> <span class='ocrx_word' id='word_1_822' title='bbox 901 5850 968 5891; x_wconf 73' lang='grc' dir='ltr'><strong>Α.</strong></span> 
     </span>
    </p>
   </div>
   <div class='ocr_carea' id='block_1_119' title="bbox 2439 5763 4043 5827">
    <p class='ocr_par' dir='ltr' id='par_1_119' title="bbox 2439 5763 4043 5827">
     <span class='ocr_line' id='line_1_119' title="bbox 2439 5763 4043 5827; baseline 0 -9"><span class='ocrx_word' id='word_1_823' title='bbox 2439 5767 2483 5797; x_wconf 77' lang='grc' dir='ltr'><strong>³ο</strong></span> <span class='ocrx_word' id='word_1_824' title='bbox 2508 5764 2597 5818; x_wconf 77' lang='grc' dir='ltr'>καὶ</span> <span class='ocrx_word' id='word_1_825' title='bbox 2624 5764 2806 5827; x_wconf 74' lang='grc' dir='ltr'>ἄθλιος</span> <span class='ocrx_word' id='word_1_826' title='bbox 2845 5779 2956 5819; x_wconf 93' lang='lat' dir='ltr'><strong>om.</strong></span> <span class='ocrx_word' id='word_1_827' title='bbox 2984 5763 3042 5817; x_wconf 85' lang='lat' dir='ltr'><strong>P.</strong></span> <span class='ocrx_word' id='word_1_828' title='bbox 3120 5766 3160 5797; x_wconf 87' lang='grc'><strong>³¹</strong></span> <span class='ocrx_word' id='word_1_829' title='bbox 3196 5765 3254 5819; x_wconf 87' lang='grc' dir='ltr'><strong>ἐν</strong></span> <span class='ocrx_word' id='word_1_830' title='bbox 3282 5780 3390 5820; x_wconf 92' lang='lat' dir='ltr'><strong>om.</strong></span> <span class='ocrx_word' id='word_1_831' title='bbox 3427 5763 3488 5820; x_wconf 83' lang='grc' dir='ltr'><strong>Ρ.</strong></span> <span class='ocrx_word' id='word_1_832' title='bbox 3597 5766 3641 5797; x_wconf 82' lang='grc'><strong>³³</strong></span> <span class='ocrx_word' id='word_1_833' title='bbox 3666 5763 4043 5818; x_wconf 70' lang='grc' dir='ltr'>ἐπιλιπόντων</span> 
     </span>
    </p>
   </div>
  </div>
