  <div class='ocr_page' id='page_1' title='image "/cluster/home/n/w/nwhite01/storage/ocr_20150623/109/nnc1.0046979867/142.png"; bbox 0 0 4154 6446; ppageno 0'>
   <div class='ocr_carea' id='block_1_1' title="bbox 168 400 260 463">
    <p class='ocr_par' dir='ltr' id='par_1_1' title="bbox 168 400 260 463">
     <span class='ocr_line' id='line_1_1' title="bbox 168 400 260 463; baseline -0.022 0"><span class='ocrx_word' id='word_1_1' title='bbox 168 400 260 463; x_wconf 67' lang='lat'><strong>269</strong></span> 
     </span>
    </p>
   </div>
   <div class='ocr_carea' id='block_1_2' title="bbox 1250 385 2358 450">
    <p class='ocr_par' dir='ltr' id='par_1_2' title="bbox 1250 385 2358 450">
     <span class='ocr_line' id='line_1_2' title="bbox 1250 385 2358 450; baseline -0.002 0"><span class='ocrx_word' id='word_1_2' title='bbox 1250 392 1397 450; x_wconf 75' lang='lat' dir='ltr'><strong>LIB.</strong></span> <span class='ocrx_word' id='word_1_3' title='bbox 1437 390 1500 447; x_wconf 63' lang='grc' dir='ltr'><strong>Υ.</strong></span> <span class='ocrx_word' id='word_1_4' title='bbox 1533 411 1598 422; x_wconf 86' lang='grc'><strong>-·-</strong></span> <span class='ocrx_word' id='word_1_5' title='bbox 1636 385 1994 445; x_wconf 65' lang='lat' dir='ltr'><strong>BASILIUS</strong></span> <span class='ocrx_word' id='word_1_6' title='bbox 2034 388 2358 448; x_wconf 66' lang='lat' dir='ltr'><strong>MACEDO.</strong></span> 
     </span>
    </p>
   </div>
   <div class='ocr_carea' id='block_1_3' title="bbox 3320 395 3428 460">
    <p class='ocr_par' dir='ltr' id='par_1_3' title="bbox 3320 395 3428 460">
     <span class='ocr_line' id='line_1_3' title="bbox 3320 395 3428 460; baseline 0.028 -3"><span class='ocrx_word' id='word_1_7' title='bbox 3320 395 3428 460; x_wconf 65' lang='grc' dir='ltr'><strong>εὶἿο</strong></span> 
     </span>
    </p>
   </div>
   <div class='ocr_carea' id='block_1_4' title="bbox 166 500 1742 580">
    <p class='ocr_par' dir='ltr' id='par_1_4' title="bbox 166 501 1727 580">
     <span class='ocr_line' id='line_1_4' title="bbox 166 501 1727 580; baseline -0.008 -18"><span class='ocrx_word' id='word_1_8' title='bbox 166 506 370 580; x_wconf 75' lang='grc' dir='ltr'>χρυσοῦ.</span> <span class='ocrx_word' id='word_1_9' title='bbox 404 505 572 576; x_wconf 67' lang='grc' dir='ltr'>χωρὶς</span> <span class='ocrx_word' id='word_1_10' title='bbox 595 505 840 574; x_wconf 70' lang='grc' dir='ltr'>ἀργύρου</span> <span class='ocrx_word' id='word_1_11' title='bbox 868 502 961 557; x_wconf 72' lang='grc' dir='ltr'>τοῦ</span> <span class='ocrx_word' id='word_1_12' title='bbox 986 520 1042 554; x_wconf 82' lang='grc' dir='ltr'><strong>τε</strong></span> <span class='ocrx_word' id='word_1_13' title='bbox 1071 503 1288 573; x_wconf 67' lang='grc' dir='ltr'>ἀσήμου</span> <span class='ocrx_word' id='word_1_14' title='bbox 1313 504 1406 554; x_wconf 70' lang='grc' dir='ltr'><strong>καὶ</strong></span> <span class='ocrx_word' id='word_1_15' title='bbox 1431 501 1727 569; x_wconf 73' lang='grc' dir='ltr'>ἐπισήμου,</span> 
     </span>
    </p>
   </div>
   <div class='ocr_carea' id='block_1_5' title="bbox 1848 500 3429 580">
    <p class='ocr_par' dir='ltr' id='par_1_5' title="bbox 1848 500 3429 576">
     <span class='ocr_line' id='line_1_5' title="bbox 1848 500 3429 576; baseline 0.006 -25"><span class='ocrx_word' id='word_1_16' title='bbox 1848 500 2181 567; x_wconf 62' lang='grc' dir='ltr'>μαιιοοιιίιιιιε</span> <span class='ocrx_word' id='word_1_17' title='bbox 2263 500 2685 571; x_wconf 65' lang='lat' dir='ltr'><strong>gratiﬁcaretur.</strong></span> <span class='ocrx_word' id='word_1_18' title='bbox 2754 505 3105 573; x_wconf 67' lang='lat' dir='ltr'><strong>Sz-ptuaginta</strong></span> <span class='ocrx_word' id='word_1_19' title='bbox 3191 519 3429 576; x_wconf 79' lang='lat' dir='ltr'><strong>namque</strong></span> 
     </span>
    </p>
   </div>
   <div class='ocr_carea' id='block_1_6' title="bbox 167 593 1731 665">
    <p class='ocr_par' dir='ltr' id='par_1_6' title="bbox 167 593 1731 665">
     <span class='ocr_line' id='line_1_6' title="bbox 167 593 1731 665; baseline -0.008 -13"><span class='ocrx_word' id='word_1_20' title='bbox 167 598 544 659; x_wconf 68' lang='grc' dir='ltr'><strong>καταλιπόντος</strong></span> <span class='ocrx_word' id='word_1_21' title='bbox 607 596 868 663; x_wconf 57' lang='grc' dir='ltr'>Θεοφίλου</span> <span class='ocrx_word' id='word_1_22' title='bbox 921 596 1015 648; x_wconf 80' lang='grc' dir='ltr'>τοῦ</span> <span class='ocrx_word' id='word_1_23' title='bbox 1076 595 1283 665; x_wconf 70' lang='grc' dir='ltr'>πατρὸς</span> <span class='ocrx_word' id='word_1_24' title='bbox 1342 594 1508 646; x_wconf 73' lang='grc' dir='ltr'>αὑτοῦ</span> <span class='ocrx_word' id='word_1_25' title='bbox 1544 596 1601 645; x_wconf 85' lang='grc' dir='ltr'><strong>ἐν</strong></span> <span class='ocrx_word' id='word_1_26' title='bbox 1655 593 1731 660; x_wconf 76' lang='grc' dir='ltr'>τῷ</span> 
     </span>
    </p>
   </div>
   <div class='ocr_carea' id='block_1_7' title="bbox 165 685 1730 759">
    <p class='ocr_par' dir='ltr' id='par_1_7' title="bbox 165 685 1730 759">
     <span class='ocr_line' id='line_1_7' title="bbox 165 685 1730 759; baseline -0.004 -16"><span class='ocrx_word' id='word_1_27' title='bbox 165 691 345 759; x_wconf 69' lang='grc' dir='ltr'>σύλακι</span> <span class='ocrx_word' id='word_1_28' title='bbox 373 691 692 759; x_wconf 73' lang='grc' dir='ltr'>τηρούμενα</span> <span class='ocrx_word' id='word_1_29' title='bbox 753 689 831 757; x_wconf 80' lang='grc' dir='ltr'>τῷ</span> <span class='ocrx_word' id='word_1_30' title='bbox 863 687 1154 756; x_wconf 71' lang='grc' dir='ltr'>βασιλικῷ,</span> <span class='ocrx_word' id='word_1_31' title='bbox 1191 688 1271 739; x_wconf 81' lang='grc' dir='ltr'><strong>ἐτι</strong></span> <span class='ocrx_word' id='word_1_32' title='bbox 1306 687 1361 737; x_wconf 78' lang='grc' dir='ltr'><strong>δὲ</strong></span> <span class='ocrx_word' id='word_1_33' title='bbox 1404 687 1498 739; x_wconf 67' lang='grc' dir='ltr'><strong>καὶ</strong></span> <span class='ocrx_word' id='word_1_34' title='bbox 1524 685 1730 738; x_wconf 73' lang='grc' dir='ltr'>Θεοδώο</span> 
     </span>
    </p>
   </div>
   <div class='ocr_carea' id='block_1_8' title="bbox 163 776 1732 849">
    <p class='ocr_par' dir='ltr' id='par_1_8' title="bbox 163 776 1732 849">
     <span class='ocr_line' id='line_1_8' title="bbox 163 776 1732 849; baseline -0.004 -16"><span class='ocrx_word' id='word_1_35' title='bbox 163 800 251 849; x_wconf 69' lang='grc' dir='ltr'><strong>ρας</strong></span> <span class='ocrx_word' id='word_1_36' title='bbox 278 782 375 848; x_wconf 76' lang='grc' dir='ltr'>τῆς</span> <span class='ocrx_word' id='word_1_37' title='bbox 401 780 595 833; x_wconf 76' lang='grc' dir='ltr'>τούτου</span> <span class='ocrx_word' id='word_1_38' title='bbox 624 778 831 848; x_wconf 64' lang='grc' dir='ltr'>μητρὸς</span> <span class='ocrx_word' id='word_1_39' title='bbox 867 778 1001 830; x_wconf 69' lang='grc' dir='ltr'>ἄλλα</span> <span class='ocrx_word' id='word_1_40' title='bbox 1052 776 1387 846; x_wconf 75' lang='grc' dir='ltr'>προσθείσης</span> <span class='ocrx_word' id='word_1_41' title='bbox 1436 778 1732 845; x_wconf 81' lang='grc' dir='ltr'>τριάκοντα</span> 
     </span>
    </p>
   </div>
   <div class='ocr_carea' id='block_1_9' title="bbox 160 867 1729 942">
    <p class='ocr_par' dir='ltr' id='par_1_9' title="bbox 160 867 1729 942">
     <span class='ocr_line' id='line_1_9' title="bbox 160 867 1729 942; baseline -0.004 -17"><span class='ocrx_word' id='word_1_42' title='bbox 160 875 238 925; x_wconf 66' lang='grc' dir='ltr'><strong>καὶ</strong></span> <span class='ocrx_word' id='word_1_43' title='bbox 254 872 639 942; x_wconf 74' lang='grc' dir='ltr'>ἀπαρτισάσης</span> <span class='ocrx_word' id='word_1_44' title='bbox 659 871 749 922; x_wconf 72' lang='grc' dir='ltr'>τὸν</span> <span class='ocrx_word' id='word_1_45' title='bbox 766 870 915 938; x_wconf 83' lang='grc' dir='ltr'>χίλια</span> <span class='ocrx_word' id='word_1_46' title='bbox 940 870 1051 920; x_wconf 89' lang='grc' dir='ltr'><strong>τῶν</strong></span> <span class='ocrx_word' id='word_1_47' title='bbox 1069 868 1444 938; x_wconf 79' lang='grc' dir='ltr'>κεντηναρίων</span> <span class='ocrx_word' id='word_1_48' title='bbox 1475 867 1729 937; x_wconf 76' lang='grc' dir='ltr'>ἀριθμὸν,</span> 
     </span>
    </p>
   </div>
   <div class='ocr_carea' id='block_1_10' title="bbox 160 953 1733 1033">
    <p class='ocr_par' dir='ltr' id='par_1_10' title="bbox 160 953 1733 1033">
     <span class='ocr_line' id='line_1_10' title="bbox 160 953 1733 1033; baseline -0.004 -16"><span class='ocrx_word' id='word_1_49' title='bbox 160 971 209 1018; x_wconf 81' lang='grc' dir='ltr'><strong>ἐν</strong></span> <span class='ocrx_word' id='word_1_50' title='bbox 232 965 348 1017; x_wconf 77' lang='grc' dir='ltr'>οὐδὲ</span> <span class='ocrx_word' id='word_1_51' title='bbox 379 964 524 1025; x_wconf 75' lang='grc' dir='ltr'>ὅλοις</span> <span class='ocrx_word' id='word_1_52' title='bbox 576 963 1085 1033; x_wconf 76' lang='grc' dir='ltr'>τεσσαρεσκαίδεκα</span> <span class='ocrx_word' id='word_1_53' title='bbox 1138 962 1371 1031; x_wconf 85' lang='grc' dir='ltr'>χρόνοις,</span> <span class='ocrx_word' id='word_1_54' title='bbox 1406 961 1498 1026; x_wconf 73' lang='grc' dir='ltr'><strong>ἀφ’</strong></span> <span class='ocrx_word' id='word_1_55' title='bbox 1542 953 1603 1013; x_wconf 73' lang='grc' dir='ltr'>οὗ</span> <span class='ocrx_word' id='word_1_56' title='bbox 1634 961 1733 1027; x_wconf 79' lang='grc' dir='ltr'><strong>τὴν</strong></span> 
     </span>
    </p>
   </div>
   <div class='ocr_carea' id='block_1_11' title="bbox 158 1053 1731 1124">
    <p class='ocr_par' dir='ltr' id='par_1_11' title="bbox 158 1053 1731 1124">
     <span class='ocr_line' id='line_1_11' title="bbox 158 1053 1731 1124; baseline -0.003 -13"><span class='ocrx_word' id='word_1_57' title='bbox 158 1060 254 1111; x_wconf 77' lang='grc' dir='ltr'><strong>τῶν</strong></span> <span class='ocrx_word' id='word_1_58' title='bbox 276 1059 319 1091; x_wconf 85' lang='grc'><strong>³³</strong></span> <span class='ocrx_word' id='word_1_59' title='bbox 346 1060 488 1111; x_wconf 79' lang='grc' dir='ltr'>ὅλων</span> <span class='ocrx_word' id='word_1_60' title='bbox 509 1058 762 1123; x_wconf 79' lang='grc' dir='ltr'>ἐξουσίαν</span> <span class='ocrx_word' id='word_1_61' title='bbox 780 1053 935 1120; x_wconf 72' lang='grc' dir='ltr'>οὗτος</span> <span class='ocrx_word' id='word_1_62' title='bbox 961 1057 1199 1123; x_wconf 75' lang='grc' dir='ltr'><strong>ἐδέξατο,</strong></span> <span class='ocrx_word' id='word_1_63' title='bbox 1228 1057 1407 1109; x_wconf 86' lang='grc' dir='ltr'>πάντα</span> <span class='ocrx_word' id='word_1_64' title='bbox 1432 1055 1731 1124; x_wconf 70' lang='grc' dir='ltr'>διηφὸρησε</span> 
     </span>
    </p>
   </div>
   <div class='ocr_carea' id='block_1_12' title="bbox 160 1147 1729 1219">
    <p class='ocr_par' dir='ltr' id='par_1_12' title="bbox 160 1147 1729 1219">
     <span class='ocr_line' id='line_1_12' title="bbox 160 1147 1729 1219; baseline -0.003 -15"><span class='ocrx_word' id='word_1_65' title='bbox 160 1154 244 1204; x_wconf 71' lang='grc' dir='ltr'><strong>καὶ</strong></span> <span class='ocrx_word' id='word_1_66' title='bbox 268 1152 568 1212; x_wconf 84' lang='grc' dir='ltr'>ἀνάλωσεν,</span> <span class='ocrx_word' id='word_1_67' title='bbox 638 1151 713 1211; x_wconf 77' lang='grc' dir='ltr'>ὡς</span> <span class='ocrx_word' id='word_1_68' title='bbox 776 1150 945 1219; x_wconf 76' lang='grc' dir='ltr'>μηδὲν</span> <span class='ocrx_word' id='word_1_69' title='bbox 993 1150 1185 1219; x_wconf 80' lang='grc' dir='ltr'>ἓτερον</span> <span class='ocrx_word' id='word_1_70' title='bbox 1244 1150 1382 1218; x_wconf 86' lang='grc' dir='ltr'><strong>μετά</strong></span> <span class='ocrx_word' id='word_1_71' title='bbox 1426 1147 1518 1201; x_wconf 77' lang='grc' dir='ltr'><strong>τόν</strong></span> <span class='ocrx_word' id='word_1_72' title='bbox 1565 1150 1729 1200; x_wconf 76' lang='grc' dir='ltr'>αὑτοῦ</span> 
     </span>
    </p>
   </div>
   <div class='ocr_carea' id='block_1_13' title="bbox 160 1238 1733 1311">
    <p class='ocr_par' dir='ltr' id='par_1_13' title="bbox 160 1238 1733 1311">
     <span class='ocr_line' id='line_1_13' title="bbox 160 1238 1733 1311; baseline -0.002 -17"><span class='ocrx_word' id='word_1_73' title='bbox 160 1244 375 1295; x_wconf 82' lang='grc' dir='ltr'>θάνατον</span> <span class='ocrx_word' id='word_1_74' title='bbox 404 1243 697 1311; x_wconf 74' lang='grc' dir='ltr'>εὑρεθῆναι</span> <span class='ocrx_word' id='word_1_75' title='bbox 728 1242 868 1308; x_wconf 78' lang='grc' dir='ltr'>πλὴν</span> <span class='ocrx_word' id='word_1_76' title='bbox 915 1240 1044 1310; x_wconf 83' lang='grc' dir='ltr'>τρία</span> <span class='ocrx_word' id='word_1_77' title='bbox 1079 1241 1175 1292; x_wconf 72' lang='grc' dir='ltr'>καὶ</span> <span class='ocrx_word' id='word_1_78' title='bbox 1221 1240 1359 1307; x_wconf 82' lang='grc' dir='ltr'>μόνα</span> <span class='ocrx_word' id='word_1_79' title='bbox 1385 1238 1429 1269; x_wconf 75' lang='grc'><strong>³⁸⁵</strong></span> <span class='ocrx_word' id='word_1_80' title='bbox 1470 1238 1733 1307; x_wconf 85' lang='grc' dir='ltr'>κεντηνά-</span> 
     </span>
    </p>
   </div>
   <div class='ocr_carea' id='block_1_14' title="bbox 161 1330 1729 1406">
    <p class='ocr_par' dir='ltr' id='par_1_14' title="bbox 161 1330 1729 1406">
     <span class='ocr_line' id='line_1_14' title="bbox 161 1330 1729 1406; baseline -0.003 -18"><span class='ocrx_word' id='word_1_81' title='bbox 161 1355 260 1406; x_wconf 86' lang='grc' dir='ltr'>ρια.</span> <span class='ocrx_word' id='word_1_82' title='bbox 296 1337 408 1388; x_wconf 68' lang='grc' dir='ltr'>Καὶ</span> <span class='ocrx_word' id='word_1_83' title='bbox 431 1335 620 1397; x_wconf 84' lang='grc' dir='ltr'>πῶςδέ</span> <span class='ocrx_word' id='word_1_84' title='bbox 644 1336 746 1387; x_wconf 77' lang='grc' dir='ltr'><strong>οὐκ</strong></span> <span class='ocrx_word' id='word_1_85' title='bbox 801 1332 1027 1401; x_wconf 77' lang='grc' dir='ltr'>ἔμελλον</span> <span class='ocrx_word' id='word_1_86' title='bbox 1065 1332 1361 1391; x_wconf 76' lang='grc' dir='ltr'><strong>ἐπιλιπεῖν,</strong></span> <span class='ocrx_word' id='word_1_87' title='bbox 1398 1330 1501 1383; x_wconf 73' lang='grc' dir='ltr'><strong>κάν</strong></span> <span class='ocrx_word' id='word_1_88' title='bbox 1537 1333 1600 1382; x_wconf 86' lang='grc' dir='ltr'><strong>ἐκ</strong></span> <span class='ocrx_word' id='word_1_89' title='bbox 1630 1348 1729 1383; x_wconf 85' lang='grc' dir='ltr'>πο-</span> 
     </span>
    </p>
   </div>
   <div class='ocr_carea' id='block_1_15' title="bbox 155 1422 1734 1495">
    <p class='ocr_par' dir='ltr' id='par_1_15' title="bbox 155 1422 1734 1495">
     <span class='ocr_line' id='line_1_15' title="bbox 155 1422 1734 1495; baseline -0.003 -18"><span class='ocrx_word' id='word_1_90' title='bbox 155 1426 333 1495; x_wconf 83' lang='grc' dir='ltr'>ταμῶν</span> <span class='ocrx_word' id='word_1_91' title='bbox 351 1427 605 1495; x_wconf 74' lang='grc' dir='ltr'>ἐπέρρει,</span> <span class='ocrx_word' id='word_1_92' title='bbox 642 1423 729 1494; x_wconf 85' lang='grc' dir='ltr'><strong>[Ρ.</strong></span> <span class='ocrx_word' id='word_1_93' title='bbox 767 1422 893 1494; x_wconf 71' lang='grc'>158]</span> <span class='ocrx_word' id='word_1_94' title='bbox 919 1423 1093 1485; x_wconf 83' lang='grc' dir='ltr'>οὓτως</span> <span class='ocrx_word' id='word_1_95' title='bbox 1114 1422 1361 1489; x_wconf 74' lang='grc' dir='ltr'>ἀσελγῶς</span> <span class='ocrx_word' id='word_1_96' title='bbox 1388 1422 1482 1473; x_wconf 67' lang='grc' dir='ltr'><strong>καλ⁸</strong></span> <span class='ocrx_word' id='word_1_97' title='bbox 1511 1423 1734 1483; x_wconf 82' lang='grc' dir='ltr'>ἀσώτως</span> 
     </span>
    </p>
   </div>
   <div class='ocr_carea' id='block_1_16' title="bbox 154 1514 1736 1585">
    <p class='ocr_par' dir='ltr' id='par_1_16' title="bbox 154 1514 1736 1585">
     <span class='ocr_line' id='line_1_16' title="bbox 154 1514 1736 1585; baseline -0.003 -15"><span class='ocrx_word' id='word_1_98' title='bbox 154 1516 612 1585; x_wconf 74' lang='grc' dir='ltr'>διασκιδνάμενα;</span> <span class='ocrx_word' id='word_1_99' title='bbox 657 1515 906 1585; x_wconf 80' lang='grc' dir='ltr'>’Πνιόχου</span> <span class='ocrx_word' id='word_1_100' title='bbox 936 1517 1046 1584; x_wconf 85' lang='grc' dir='ltr'>γάρ</span> <span class='ocrx_word' id='word_1_101' title='bbox 1085 1532 1217 1567; x_wconf 85' lang='grc' dir='ltr'>ποτε</span> <span class='ocrx_word' id='word_1_102' title='bbox 1251 1514 1465 1567; x_wconf 83' lang='grc' dir='ltr'>παιδίον</span> <span class='ocrx_word' id='word_1_103' title='bbox 1504 1514 1736 1583; x_wconf 78' lang='grc' dir='ltr'>δεξάμε-</span> 
     </span>
    </p>
   </div>
   <div class='ocr_carea' id='block_1_17' title="bbox 154 1604 1738 1677">
    <p class='ocr_par' dir='ltr' id='par_1_17' title="bbox 154 1604 1738 1677">
     <span class='ocr_line' id='line_1_17' title="bbox 154 1604 1738 1677; baseline -0.003 -16"><span class='ocrx_word' id='word_1_104' title='bbox 154 1628 234 1671; x_wconf 86' lang='grc' dir='ltr'><strong>νος</strong></span> <span class='ocrx_word' id='word_1_105' title='bbox 279 1609 377 1661; x_wconf 80' lang='grc' dir='ltr'>τοῦ</span> <span class='ocrx_word' id='word_1_106' title='bbox 437 1610 582 1661; x_wconf 72' lang='grc' dir='ltr'>οὕτω</span> <span class='ocrx_word' id='word_1_107' title='bbox 624 1608 966 1675; x_wconf 75' lang='grc' dir='ltr'><strong>καλουμένου</strong></span> <span class='ocrx_word' id='word_1_108' title='bbox 1023 1607 1199 1661; x_wconf 79' lang='grc' dir='ltr'>Χειλᾶ</span> <span class='ocrx_word' id='word_1_109' title='bbox 1250 1606 1544 1677; x_wconf 81' lang='grc' dir='ltr'>ὁλόκληρον</span> <span class='ocrx_word' id='word_1_110' title='bbox 1587 1604 1738 1674; x_wconf 82' lang='grc' dir='ltr'>αὐτῷ</span> 
     </span>
    </p>
   </div>
   <div class='ocr_carea' id='block_1_18' title="bbox 155 1699 1737 1773">
    <p class='ocr_par' dir='ltr' id='par_1_18' title="bbox 155 1699 1737 1773">
     <span class='ocr_line' id='line_1_18' title="bbox 155 1699 1737 1773; baseline -0.006 -17"><span class='ocrx_word' id='word_1_111' title='bbox 155 1703 503 1773; x_wconf 81' lang='grc' dir='ltr'>κεντηνάριον</span> <span class='ocrx_word' id='word_1_112' title='bbox 551 1703 887 1771; x_wconf 74' lang='grc' dir='ltr'>ἐδωρήσατο.</span> <span class='ocrx_word' id='word_1_113' title='bbox 968 1701 1131 1753; x_wconf 85' lang='grc' dir='ltr'>Ἀλλά</span> <span class='ocrx_word' id='word_1_114' title='bbox 1182 1701 1277 1754; x_wconf 82' lang='grc' dir='ltr'><strong>καὶ</strong></span> <span class='ocrx_word' id='word_1_115' title='bbox 1337 1700 1415 1770; x_wconf 80' lang='grc' dir='ltr'>τῷ</span> <span class='ocrx_word' id='word_1_116' title='bbox 1464 1699 1737 1771; x_wconf 69' lang='grc' dir='ltr'>πατρικίιρ</span> 
     </span>
    </p>
   </div>
   <div class='ocr_carea' id='block_1_19' title="bbox 166 1791 1733 1867">
    <p class='ocr_par' dir='ltr' id='par_1_19' title="bbox 166 1791 1733 1867">
     <span class='ocr_line' id='line_1_19' title="bbox 166 1791 1733 1867; baseline -0.003 -19"><span class='ocrx_word' id='word_1_117' title='bbox 166 1796 395 1867; x_wconf 82' lang='grc' dir='ltr'>Ίμερίῳ,</span> <span class='ocrx_word' id='word_1_118' title='bbox 438 1795 496 1847; x_wconf 80' lang='grc' dir='ltr'>ὃν</span> <span class='ocrx_word' id='word_1_119' title='bbox 538 1796 738 1865; x_wconf 79' lang='grc' dir='ltr'>Χοῖρον</span> <span class='ocrx_word' id='word_1_120' title='bbox 791 1794 954 1856; x_wconf 80' lang='grc' dir='ltr'>αὐτὸς</span> <span class='ocrx_word' id='word_1_121' title='bbox 1003 1795 1100 1863; x_wconf 82' lang='grc' dir='ltr'><strong>μὲν</strong></span> <span class='ocrx_word' id='word_1_122' title='bbox 1151 1796 1179 1845; x_wconf 80' lang='grc' dir='ltr'>ὁ</span> <span class='ocrx_word' id='word_1_123' title='bbox 1210 1791 1464 1863; x_wconf 79' lang='grc' dir='ltr'>βασιλεὺς</span> <span class='ocrx_word' id='word_1_124' title='bbox 1512 1793 1601 1844; x_wconf 65' lang='grc' dir='ltr'><strong>διὰ</strong></span> <span class='ocrx_word' id='word_1_125' title='bbox 1632 1793 1733 1861; x_wconf 78' lang='grc' dir='ltr'>τὴν</span> 
     </span>
    </p>
   </div>
   <div class='ocr_carea' id='block_1_20' title="bbox 154 1882 1731 1953">
    <p class='ocr_par' dir='ltr' id='par_1_20' title="bbox 154 1882 1731 1953">
     <span class='ocr_line' id='line_1_20' title="bbox 154 1882 1731 1953; baseline 0 -18"><span class='ocrx_word' id='word_1_126' title='bbox 154 1886 242 1953; x_wconf 80' lang='grc' dir='ltr'>τῆς</span> <span class='ocrx_word' id='word_1_127' title='bbox 278 1885 459 1953; x_wconf 57' lang='grc' dir='ltr'>διέσεως</span> <span class='ocrx_word' id='word_1_128' title='bbox 483 1884 770 1953; x_wconf 75' lang='grc' dir='ltr'><strong>ὠνόμαζεν</strong></span> <span class='ocrx_word' id='word_1_129' title='bbox 822 1883 1145 1953; x_wconf 76' lang='grc' dir='ltr'><strong>ἀγριότητα,</strong></span> <span class='ocrx_word' id='word_1_130' title='bbox 1179 1882 1269 1935; x_wconf 72' lang='grc' dir='ltr'><strong>διὰ</strong></span> <span class='ocrx_word' id='word_1_131' title='bbox 1300 1884 1357 1935; x_wconf 83' lang='grc' dir='ltr'>δὲ</span> <span class='ocrx_word' id='word_1_132' title='bbox 1394 1883 1454 1935; x_wconf 88' lang='grc' dir='ltr'><strong>τὸ</strong></span> <span class='ocrx_word' id='word_1_133' title='bbox 1476 1882 1731 1952; x_wconf 87' lang='grc' dir='ltr'>χοιρῶδες</span> 
     </span>
    </p>
   </div>
   <div class='ocr_carea' id='block_1_21' title="bbox 154 1971 1731 2047">
    <p class='ocr_par' dir='ltr' id='par_1_21' title="bbox 154 1971 1731 2047">
     <span class='ocr_line' id='line_1_21' title="bbox 154 1971 1731 2047; baseline -0.001 -20"><span class='ocrx_word' id='word_1_134' title='bbox 154 1976 240 2028; x_wconf 80' lang='grc' dir='ltr'><strong>τοῦ</strong></span> <span class='ocrx_word' id='word_1_135' title='bbox 275 1975 396 2043; x_wconf 79' lang='grc' dir='ltr'>βίου</span> <span class='ocrx_word' id='word_1_136' title='bbox 429 1976 631 2044; x_wconf 78' lang='grc' dir='ltr'>μᾶλλον</span> <span class='ocrx_word' id='word_1_137' title='bbox 656 1976 752 2028; x_wconf 80' lang='grc' dir='ltr'>καὶ</span> <span class='ocrx_word' id='word_1_138' title='bbox 784 1976 1029 2047; x_wconf 72' lang='grc' dir='ltr'>ῥυπαρὸν</span> <span class='ocrx_word' id='word_1_139' title='bbox 1065 1973 1215 2038; x_wconf 79' lang='grc' dir='ltr'>ἄξιος</span> <span class='ocrx_word' id='word_1_140' title='bbox 1251 1971 1318 2043; x_wconf 80' lang='grc' dir='ltr'>ἦν</span> <span class='ocrx_word' id='word_1_141' title='bbox 1346 1974 1448 2041; x_wconf 79' lang='grc' dir='ltr'>τῆς</span> <span class='ocrx_word' id='word_1_142' title='bbox 1475 1973 1731 2043; x_wconf 75' lang='grc' dir='ltr'><strong>τοιαύτης</strong></span> 
     </span>
    </p>
   </div>
   <div class='ocr_carea' id='block_1_22' title="bbox 157 2067 1732 2141">
    <p class='ocr_par' dir='ltr' id='par_1_22' title="bbox 157 2067 1732 2141">
     <span class='ocr_line' id='line_1_22' title="bbox 157 2067 1732 2141; baseline -0.002 -17"><span class='ocrx_word' id='word_1_143' title='bbox 157 2073 553 2141; x_wconf 71' lang='grc' dir='ltr'><strong>προσρήσεως,</strong></span> <span class='ocrx_word' id='word_1_144' title='bbox 602 2070 779 2141; x_wconf 83' lang='grc' dir='ltr'>τούτῳ</span> <span class='ocrx_word' id='word_1_145' title='bbox 834 2070 1013 2123; x_wconf 82' lang='grc' dir='ltr'>τοίνυν</span> <span class='ocrx_word' id='word_1_146' title='bbox 1080 2067 1526 2140; x_wconf 78' lang='grc' dir='ltr'>αἱσχρολογοῦντί</span> <span class='ocrx_word' id='word_1_147' title='bbox 1600 2086 1732 2122; x_wconf 84' lang='grc' dir='ltr'>ποτε</span> 
     </span>
    </p>
   </div>
   <div class='ocr_carea' id='block_1_23' title="bbox 154 2161 1734 2232">
    <p class='ocr_par' dir='ltr' id='par_1_23' title="bbox 154 2161 1734 2232">
     <span class='ocr_line' id='line_1_23' title="bbox 154 2161 1734 2232; baseline -0.001 -18"><span class='ocrx_word' id='word_1_148' title='bbox 154 2162 488 2215; x_wconf 82' lang='grc' dir='ltr'>κατενώπιον</span> <span class='ocrx_word' id='word_1_149' title='bbox 546 2163 712 2216; x_wconf 79' lang='grc' dir='ltr'>αὐτοῦ</span> <span class='ocrx_word' id='word_1_150' title='bbox 747 2162 841 2215; x_wconf 65' lang='grc' dir='ltr'><strong>κα)⁵</strong></span> <span class='ocrx_word' id='word_1_151' title='bbox 874 2164 993 2225; x_wconf 85' lang='grc' dir='ltr'>ταῖς</span> <span class='ocrx_word' id='word_1_152' title='bbox 1045 2163 1152 2215; x_wconf 75' lang='grc' dir='ltr'>ἀπὸ</span> <span class='ocrx_word' id='word_1_153' title='bbox 1200 2162 1406 2232; x_wconf 76' lang='grc' dir='ltr'>σκηνῆς</span> <span class='ocrx_word' id='word_1_154' title='bbox 1441 2161 1734 2231; x_wconf 79' lang='grc' dir='ltr'>φλυαρίαις</span> 
     </span>
    </p>
   </div>
   <div class='ocr_carea' id='block_1_24' title="bbox 154 2252 1735 2324">
    <p class='ocr_par' dir='ltr' id='par_1_24' title="bbox 154 2252 1735 2324">
     <span class='ocr_line' id='line_1_24' title="bbox 154 2252 1735 2324; baseline -0.001 -18"><span class='ocrx_word' id='word_1_155' title='bbox 154 2255 586 2324; x_wconf 83' lang='grc' dir='ltr'>καταχρωμένῳ,</span> <span class='ocrx_word' id='word_1_156' title='bbox 638 2254 701 2306; x_wconf 80' lang='grc' dir='ltr'>ἔκ</span> <span class='ocrx_word' id='word_1_157' title='bbox 730 2272 791 2307; x_wconf 87' lang='grc' dir='ltr'><strong>τε</strong></span> <span class='ocrx_word' id='word_1_158' title='bbox 845 2255 942 2308; x_wconf 84' lang='grc' dir='ltr'>τοῦ</span> <span class='ocrx_word' id='word_1_159' title='bbox 997 2254 1278 2318; x_wconf 80' lang='grc' dir='ltr'>παντελῶς</span> <span class='ocrx_word' id='word_1_160' title='bbox 1328 2252 1735 2323; x_wconf 82' lang='grc' dir='ltr'>ἀπερυθριᾶσαι</span> 
     </span>
    </p>
   </div>
   <div class='ocr_carea' id='block_1_25' title="bbox 150 2346 1736 2418">
    <p class='ocr_par' dir='ltr' id='par_1_25' title="bbox 150 2346 1736 2418">
     <span class='ocr_line' id='line_1_25' title="bbox 150 2346 1736 2418; baseline -0.002 -18"><span class='ocrx_word' id='word_1_161' title='bbox 150 2349 240 2400; x_wconf 72' lang='grc' dir='ltr'><strong>καὶ</strong></span> <span class='ocrx_word' id='word_1_162' title='bbox 265 2349 434 2417; x_wconf 73' lang='grc' dir='ltr'>μηδὲν</span> <span class='ocrx_word' id='word_1_163' title='bbox 460 2348 569 2400; x_wconf 90' lang='grc' dir='ltr'><strong>τῶν</strong></span> <span class='ocrx_word' id='word_1_164' title='bbox 605 2347 991 2401; x_wconf 83' lang='grc' dir='ltr'>ἐπονειδίστων</span> <span class='ocrx_word' id='word_1_165' title='bbox 1021 2347 1252 2418; x_wconf 82' lang='grc' dir='ltr'>ὀκνῆσαι</span> <span class='ocrx_word' id='word_1_166' title='bbox 1292 2348 1386 2399; x_wconf 83' lang='grc' dir='ltr'><strong>καὶ</strong></span> <span class='ocrx_word' id='word_1_167' title='bbox 1408 2346 1580 2415; x_wconf 78' lang='grc' dir='ltr'>ψόφον</span> <span class='ocrx_word' id='word_1_168' title='bbox 1608 2347 1736 2399; x_wconf 78' lang='grc' dir='ltr'>ἀκό-</span> 
     </span>
    </p>
   </div>
   <div class='ocr_carea' id='block_1_26' title="bbox 151 2438 1737 2510">
    <p class='ocr_par' dir='ltr' id='par_1_26' title="bbox 151 2438 1737 2510">
     <span class='ocr_line' id='line_1_26' title="bbox 151 2438 1737 2510; baseline 0 -20"><span class='ocrx_word' id='word_1_169' title='bbox 151 2439 341 2492; x_wconf 84' lang='grc' dir='ltr'>λαστον</span> <span class='ocrx_word' id='word_1_170' title='bbox 368 2440 479 2493; x_wconf 82' lang='grc' dir='ltr'><strong>ἀπὸ</strong></span> <span class='ocrx_word' id='word_1_171' title='bbox 499 2439 597 2509; x_wconf 73' lang='grc' dir='ltr'>τῆς</span> <span class='ocrx_word' id='word_1_172' title='bbox 624 2441 830 2510; x_wconf 80' lang='grc' dir='ltr'>μιαρᾶς</span> <span class='ocrx_word' id='word_1_173' title='bbox 860 2439 1090 2509; x_wconf 79' lang='grc' dir='ltr'>ἀφέντος</span> <span class='ocrx_word' id='word_1_174' title='bbox 1110 2439 1369 2509; x_wconf 74' lang='grc' dir='ltr'>γαστρὸς,</span> <span class='ocrx_word' id='word_1_175' title='bbox 1398 2438 1540 2491; x_wconf 77' lang='grc' dir='ltr'>οὕτω</span> <span class='ocrx_word' id='word_1_176' title='bbox 1565 2438 1737 2509; x_wconf 80' lang='grc' dir='ltr'>βαρὺν</span> 
     </span>
    </p>
   </div>
   <div class='ocr_carea' id='block_1_27' title="bbox 152 2530 1737 2602">
    <p class='ocr_par' dir='ltr' id='par_1_27' title="bbox 152 2530 1737 2602">
     <span class='ocr_line' id='line_1_27' title="bbox 152 2530 1737 2602; baseline 0 -20"><span class='ocrx_word' id='word_1_177' title='bbox 152 2533 239 2583; x_wconf 78' lang='grc' dir='ltr'><strong>καὶ</strong></span> <span class='ocrx_word' id='word_1_178' title='bbox 295 2531 548 2602; x_wconf 72' lang='grc' dir='ltr'>σφοδρῶς</span> <span class='ocrx_word' id='word_1_179' title='bbox 611 2532 1001 2599; x_wconf 74' lang='grc' dir='ltr'>καταιγίζοντα</span> <span class='ocrx_word' id='word_1_180' title='bbox 1076 2530 1221 2584; x_wconf 86' lang='grc' dir='ltr'>ῶστε</span> <span class='ocrx_word' id='word_1_181' title='bbox 1280 2533 1377 2584; x_wconf 77' lang='grc' dir='ltr'><strong>καὶ</strong></span> <span class='ocrx_word' id='word_1_182' title='bbox 1432 2531 1492 2583; x_wconf 83' lang='grc' dir='ltr'><strong>τὸ</strong></span> <span class='ocrx_word' id='word_1_183' title='bbox 1547 2535 1737 2600; x_wconf 74' lang='grc' dir='ltr'>φαῖνον</span> 
     </span>
    </p>
   </div>
   <div class='ocr_carea' id='block_1_28' title="bbox 155 2623 1739 2696">
    <p class='ocr_par' dir='ltr' id='par_1_28' title="bbox 155 2623 1739 2696">
     <span class='ocr_line' id='line_1_28' title="bbox 155 2623 1739 2696; baseline 0.003 -21"><span class='ocrx_word' id='word_1_184' title='bbox 155 2624 375 2690; x_wconf 73' lang='grc' dir='ltr'>φατλίον</span> <span class='ocrx_word' id='word_1_185' title='bbox 415 2623 832 2693; x_wconf 76' lang='grc' dir='ltr'>ἀποσϐεσθῆναι</span> <span class='ocrx_word' id='word_1_186' title='bbox 867 2626 936 2690; x_wconf 86' lang='grc'><strong>³³,</strong></span> <span class='ocrx_word' id='word_1_187' title='bbox 984 2627 1329 2696; x_wconf 82' lang='grc' dir='ltr'>πεντήκοντα</span> <span class='ocrx_word' id='word_1_188' title='bbox 1374 2624 1572 2695; x_wconf 73' lang='grc' dir='ltr'>λιτρῶν</span> <span class='ocrx_word' id='word_1_189' title='bbox 1615 2627 1739 2679; x_wconf 76' lang='grc' dir='ltr'>ἐπι-</span> 
     </span>
    </p>
   </div>
   <div class='ocr_carea' id='block_1_29' title="bbox 149 2714 1739 2786">
    <p class='ocr_par' dir='ltr' id='par_1_29' title="bbox 149 2714 1739 2786">
     <span class='ocr_line' id='line_1_29' title="bbox 149 2714 1739 2786; baseline 0.002 -18"><span class='ocrx_word' id='word_1_190' title='bbox 149 2714 286 2768; x_wconf 82' lang='grc' dir='ltr'>δόσει</span> <span class='ocrx_word' id='word_1_191' title='bbox 342 2716 613 2786; x_wconf 80' lang='grc' dir='ltr'><strong>ἐτίμησεν</strong></span> <span class='ocrx_word' id='word_1_192' title='bbox 662 2717 740 2779; x_wconf 89' lang='grc' dir='ltr'><strong>ώς</strong></span> <span class='ocrx_word' id='word_1_193' title='bbox 782 2716 1115 2786; x_wconf 75' lang='grc' dir='ltr'>Ἡράκλειόν</span> <span class='ocrx_word' id='word_1_194' title='bbox 1144 2727 1294 2769; x_wconf 74' lang='grc' dir='ltr'>τινα</span> <span class='ocrx_word' id='word_1_195' title='bbox 1335 2717 1525 2770; x_wconf 73' lang='grc' dir='ltr'>τοῦτον</span> <span class='ocrx_word' id='word_1_196' title='bbox 1575 2714 1739 2771; x_wconf 86' lang='grc' dir='ltr'>ἆθλον</span> 
     </span>
    </p>
   </div>
   <div class='ocr_carea' id='block_1_30' title="bbox 152 2808 1742 2881">
    <p class='ocr_par' dir='ltr' id='par_1_30' title="bbox 152 2808 1742 2881">
     <span class='ocr_line' id='line_1_30' title="bbox 152 2808 1742 2881; baseline 0.002 -22"><span class='ocrx_word' id='word_1_197' title='bbox 152 2808 436 2862; x_wconf 79' lang='grc' dir='ltr'>ἀνύσαντι.</span> <span class='ocrx_word' id='word_1_198' title='bbox 477 2809 586 2861; x_wconf 68' lang='lat' dir='ltr'><strong>Kal.</strong></span> <span class='ocrx_word' id='word_1_199' title='bbox 608 2810 745 2878; x_wconf 73' lang='grc' dir='ltr'>πρὸς</span> <span class='ocrx_word' id='word_1_200' title='bbox 772 2810 896 2871; x_wconf 69' lang='grc' dir='ltr'>τοὺς</span> <span class='ocrx_word' id='word_1_201' title='bbox 916 2809 1111 2872; x_wconf 80' lang='grc' dir='ltr'>ἄλλους</span> <span class='ocrx_word' id='word_1_202' title='bbox 1141 2809 1199 2862; x_wconf 84' lang='grc' dir='ltr'><strong>δέ</strong></span> <span class='ocrx_word' id='word_1_203' title='bbox 1223 2808 1332 2861; x_wconf 87' lang='grc' dir='ltr'><strong>τῶν</strong></span> <span class='ocrx_word' id='word_1_204' title='bbox 1365 2809 1570 2877; x_wconf 82' lang='grc' dir='ltr'>ὁμοίων</span> <span class='ocrx_word' id='word_1_205' title='bbox 1592 2809 1742 2881; x_wconf 80' lang='grc' dir='ltr'>αὐτῷ</span> 
     </span>
    </p>
   </div>
   <div class='ocr_carea' id='block_1_31' title="bbox 151 2896 1742 2971">
    <p class='ocr_par' dir='ltr' id='par_1_31' title="bbox 151 2896 1742 2971">
     <span class='ocr_line' id='line_1_31' title="bbox 151 2896 1742 2971; baseline 0.002 -20"><span class='ocrx_word' id='word_1_206' title='bbox 151 2898 320 2961; x_wconf 73' lang='grc' dir='ltr'>οὕτως</span> <span class='ocrx_word' id='word_1_207' title='bbox 350 2901 696 2969; x_wconf 83' lang='grc' dir='ltr'>ὐπὲρμετροι</span> <span class='ocrx_word' id='word_1_208' title='bbox 727 2902 782 2952; x_wconf 75' lang='grc' dir='ltr'><strong>αἱ</strong></span> <span class='ocrx_word' id='word_1_209' title='bbox 827 2900 1007 2963; x_wconf 81' lang='grc' dir='ltr'>δόσεις</span> <span class='ocrx_word' id='word_1_210' title='bbox 1050 2896 1193 2971; x_wconf 84' lang='grc' dir='ltr'>ἦσαν</span> <span class='ocrx_word' id='word_1_211' title='bbox 1233 2898 1422 2954; x_wconf 68' lang='grc' dir='ltr'>αὑτοῦ.</span> <span class='ocrx_word' id='word_1_212' title='bbox 1468 2899 1655 2953; x_wconf 83' lang='grc' dir='ltr'>Ταῦτα</span> <span class='ocrx_word' id='word_1_213' title='bbox 1684 2902 1742 2954; x_wconf 82' lang='grc' dir='ltr'>δὲ</span> 
     </span>
    </p>
   </div>
   <div class='ocr_carea' id='block_1_32' title="bbox 151 2990 1744 3062">
    <p class='ocr_par' dir='ltr' id='par_1_32' title="bbox 151 2990 1744 3062">
     <span class='ocr_line' id='line_1_32' title="bbox 151 2990 1744 3062; baseline 0.003 -20"><span class='ocrx_word' id='word_1_214' title='bbox 151 2993 196 3043; x_wconf 85' lang='grc' dir='ltr'>εἰ</span> <span class='ocrx_word' id='word_1_215' title='bbox 230 2991 333 3060; x_wconf 76' lang='grc' dir='ltr'><strong>μὲν</strong></span> <span class='ocrx_word' id='word_1_216' title='bbox 364 2991 413 3022; x_wconf 70' lang='grc'><strong>³⁶</strong></span> <span class='ocrx_word' id='word_1_217' title='bbox 450 2994 528 3053; x_wconf 88' lang='grc' dir='ltr'>εἰς</span> <span class='ocrx_word' id='word_1_218' title='bbox 562 2990 901 3062; x_wconf 81' lang='grc' dir='ltr'>στρατιώτας</span> <span class='ocrx_word' id='word_1_219' title='bbox 923 2993 1019 3045; x_wconf 72' lang='grc' dir='ltr'><strong>καὶ</strong></span> <span class='ocrx_word' id='word_1_220' title='bbox 1038 2992 1360 3062; x_wconf 82' lang='grc' dir='ltr'>προμάχους</span> <span class='ocrx_word' id='word_1_221' title='bbox 1380 2992 1475 3045; x_wconf 74' lang='grc' dir='ltr'>καὶ</span> <span class='ocrx_word' id='word_1_222' title='bbox 1500 2993 1744 3061; x_wconf 85' lang='grc' dir='ltr'>ἀριστεῖς</span> 
     </span>
    </p>
   </div>
   <div class='ocr_carea' id='block_1_33' title="bbox 150 3082 1744 3154">
    <p class='ocr_par' dir='ltr' id='par_1_33' title="bbox 150 3082 1744 3154">
     <span class='ocr_line' id='line_1_33' title="bbox 150 3082 1744 3154; baseline 0.003 -21"><span class='ocrx_word' id='word_1_223' title='bbox 150 3082 179 3151; x_wconf 81' lang='grc' dir='ltr'><strong>ἢ</strong></span> <span class='ocrx_word' id='word_1_224' title='bbox 222 3086 305 3143; x_wconf 88' lang='grc' dir='ltr'>εἰς</span> <span class='ocrx_word' id='word_1_225' title='bbox 338 3083 471 3145; x_wconf 66' lang='grc' dir='ltr'>τοὺς</span> <span class='ocrx_word' id='word_1_226' title='bbox 505 3084 593 3136; x_wconf 82' lang='grc' dir='ltr'>ἐπ’</span> <span class='ocrx_word' id='word_1_227' title='bbox 628 3083 774 3154; x_wconf 83' lang='grc' dir='ltr'>ἄλλῳ</span> <span class='ocrx_word' id='word_1_228' title='bbox 827 3084 935 3137; x_wconf 69' lang='grc' dir='ltr'>τινὶ</span> <span class='ocrx_word' id='word_1_229' title='bbox 962 3084 1073 3136; x_wconf 90' lang='grc' dir='ltr'><strong>τῶν</strong></span> <span class='ocrx_word' id='word_1_230' title='bbox 1117 3084 1341 3153; x_wconf 82' lang='grc' dir='ltr'>ἀγαθῶν</span> <span class='ocrx_word' id='word_1_231' title='bbox 1385 3085 1744 3153; x_wconf 75' lang='grc' dir='ltr'>διαφέροντας</span> 
     </span>
    </p>
   </div>
   <div class='ocr_carea' id='block_1_34' title="bbox 1841 594 3431 669">
    <p class='ocr_par' dir='ltr' id='par_1_34' title="bbox 1841 594 3431 669">
     <span class='ocr_line' id='line_1_34' title="bbox 1841 594 3431 669; baseline 0.007 -29"><span class='ocrx_word' id='word_1_232' title='bbox 1841 606 2004 657; x_wconf 78' lang='lat' dir='ltr'><strong>supra</strong></span> <span class='ocrx_word' id='word_1_233' title='bbox 2079 602 2351 659; x_wconf 70' lang='lat' dir='ltr'><strong>nongenta</strong></span> <span class='ocrx_word' id='word_1_234' title='bbox 2416 594 2534 646; x_wconf 88' lang='lat' dir='ltr'><strong>auri</strong></span> <span class='ocrx_word' id='word_1_235' title='bbox 2592 595 2790 664; x_wconf 78' lang='lat' dir='ltr'><strong>signati</strong></span> <span class='ocrx_word' id='word_1_236' title='bbox 2863 598 3177 652; x_wconf 82' lang='lat' dir='ltr'><strong>centenaria</strong></span> <span class='ocrx_word' id='word_1_237' title='bbox 3233 607 3431 669; x_wconf 73' lang='lat' dir='ltr'><strong>praeter</strong></span> 
     </span>
    </p>
   </div>
   <div class='ocr_carea' id='block_1_35' title="bbox 1838 682 3430 758">
    <p class='ocr_par' dir='ltr' id='par_1_35' title="bbox 1838 682 3430 758">
     <span class='ocr_line' id='line_1_35' title="bbox 1838 682 3430 758; baseline 0.008 -24"><span class='ocrx_word' id='word_1_238' title='bbox 1838 682 2052 750; x_wconf 82' lang='lat' dir='ltr'><strong>argenti</strong></span> <span class='ocrx_word' id='word_1_239' title='bbox 2109 686 2262 740; x_wconf 87' lang='lat' dir='ltr'><strong>rudis</strong></span> <span class='ocrx_word' id='word_1_240' title='bbox 2325 688 2532 755; x_wconf 90' lang='lat' dir='ltr'><strong>pariter</strong></span> <span class='ocrx_word' id='word_1_241' title='bbox 2591 702 2656 742; x_wconf 91' lang='lat' dir='ltr'><strong>ac</strong></span> <span class='ocrx_word' id='word_1_242' title='bbox 2712 690 2907 758; x_wconf 84' lang='lat' dir='ltr'><strong>signati</strong></span> <span class='ocrx_word' id='word_1_243' title='bbox 2974 691 3105 755; x_wconf 91' lang='lat' dir='ltr'><strong>vim,</strong></span> <span class='ocrx_word' id='word_1_244' title='bbox 3164 693 3356 746; x_wconf 86' lang='lat' dir='ltr'><strong>relicta</strong></span> <span class='ocrx_word' id='word_1_245' title='bbox 3399 707 3430 746; x_wconf 89' lang='lat' dir='ltr'><strong>a</strong></span> 
     </span>
    </p>
   </div>
   <div class='ocr_carea' id='block_1_36' title="bbox 1837 773 3430 851">
    <p class='ocr_par' dir='ltr' id='par_1_36' title="bbox 1837 773 3430 851">
     <span class='ocr_line' id='line_1_36' title="bbox 1837 773 3430 851; baseline 0.006 -24"><span class='ocrx_word' id='word_1_246' title='bbox 1837 784 1991 843; x_wconf 88' lang='lat' dir='ltr'><strong>patre</strong></span> <span class='ocrx_word' id='word_1_247' title='bbox 2050 773 2360 844; x_wconf 87' lang='lat' dir='ltr'><strong>Theopltilo</strong></span> <span class='ocrx_word' id='word_1_248' title='bbox 2409 790 2574 849; x_wconf 89' lang='lat' dir='ltr'><strong>atque</strong></span> <span class='ocrx_word' id='word_1_249' title='bbox 2634 780 2687 834; x_wconf 90' lang='lat' dir='ltr'><strong>in</strong></span> <span class='ocrx_word' id='word_1_250' title='bbox 2746 783 2896 851; x_wconf 81' lang='lat' dir='ltr'><strong>regio</strong></span> <span class='ocrx_word' id='word_1_251' title='bbox 2950 793 3163 837; x_wconf 83' lang='lat' dir='ltr'><strong>servata</strong></span> <span class='ocrx_word' id='word_1_252' title='bbox 3214 783 3430 846; x_wconf 72' lang='lat' dir='ltr'><strong>aerario,</strong></span> 
     </span>
    </p>
   </div>
   <div class='ocr_carea' id='block_1_37' title="bbox 1838 866 3431 943">
    <p class='ocr_par' dir='ltr' id='par_1_37' title="bbox 1838 866 3431 943">
     <span class='ocr_line' id='line_1_37' title="bbox 1838 866 3431 943; baseline 0.005 -22"><span class='ocrx_word' id='word_1_253' title='bbox 1838 869 2043 938; x_wconf 85' lang='lat' dir='ltr'><strong>quibus</strong></span> <span class='ocrx_word' id='word_1_254' title='bbox 2074 878 2252 924; x_wconf 90' lang='lat' dir='ltr'><strong>mater</strong></span> <span class='ocrx_word' id='word_1_255' title='bbox 2303 866 2591 927; x_wconf 85' lang='lat' dir='ltr'><strong>Theodora</strong></span> <span class='ocrx_word' id='word_1_256' title='bbox 2651 873 2873 943; x_wconf 86' lang='lat' dir='ltr'><strong>triginta</strong></span> <span class='ocrx_word' id='word_1_257' title='bbox 2906 873 3027 928; x_wconf 89' lang='lat' dir='ltr'><strong>aliis</strong></span> <span class='ocrx_word' id='word_1_258' title='bbox 3061 873 3431 942; x_wconf 82' lang='lat' dir='ltr'><strong>superadditis</strong></span> 
     </span>
    </p>
   </div>
   <div class='ocr_carea' id='block_1_38' title="bbox 1838 962 3433 1035">
    <p class='ocr_par' dir='ltr' id='par_1_38' title="bbox 1838 962 3433 1035">
     <span class='ocr_line' id='line_1_38' title="bbox 1838 962 3433 1035; baseline 0.003 -20"><span class='ocrx_word' id='word_1_259' title='bbox 1838 962 1989 1016; x_wconf 84' lang='lat' dir='ltr'><strong>mille</strong></span> <span class='ocrx_word' id='word_1_260' title='bbox 2024 964 2470 1017; x_wconf 87' lang='lat' dir='ltr'><strong>centenariorum</strong></span> <span class='ocrx_word' id='word_1_261' title='bbox 2518 980 2806 1020; x_wconf 85' lang='lat' dir='ltr'><strong>numerum</strong></span> <span class='ocrx_word' id='word_1_262' title='bbox 2847 966 3238 1035; x_wconf 87' lang='lat' dir='ltr'><strong>compleverat,</strong></span> <span class='ocrx_word' id='word_1_263' title='bbox 3272 966 3433 1021; x_wconf 87' lang='lat' dir='ltr'><strong>annis</strong></span> 
     </span>
    </p>
   </div>
   <div class='ocr_carea' id='block_1_39' title="bbox 1837 1055 3432 1129">
    <p class='ocr_par' dir='ltr' id='par_1_39' title="bbox 1837 1055 3432 1129">
     <span class='ocr_line' id='line_1_39' title="bbox 1837 1055 3432 1129; baseline 0.004 -22"><span class='ocrx_word' id='word_1_264' title='bbox 1837 1055 2272 1123; x_wconf 89' lang='lat' dir='ltr'><strong>quatuordecim,</strong></span> <span class='ocrx_word' id='word_1_265' title='bbox 2303 1072 2368 1111; x_wconf 87' lang='lat' dir='ltr'><strong>ac</strong></span> <span class='ocrx_word' id='word_1_266' title='bbox 2397 1073 2465 1111; x_wconf 87' lang='lat' dir='ltr'><strong>ne</strong></span> <span class='ocrx_word' id='word_1_267' title='bbox 2519 1056 2745 1126; x_wconf 79' lang='lat' dir='ltr'><strong>integris</strong></span> <span class='ocrx_word' id='word_1_268' title='bbox 2776 1059 3021 1129; x_wconf 84' lang='lat' dir='ltr'><strong>quidem,</strong></span> <span class='ocrx_word' id='word_1_269' title='bbox 3049 1059 3250 1129; x_wconf 81' lang='lat' dir='ltr'><strong>quibus</strong></span> <span class='ocrx_word' id='word_1_270' title='bbox 3280 1059 3432 1114; x_wconf 85' lang='lat' dir='ltr'><strong>solus</strong></span> 
     </span>
    </p>
   </div>
   <div class='ocr_carea' id='block_1_40' title="bbox 1838 1147 3435 1220">
    <p class='ocr_par' dir='ltr' id='par_1_40' title="bbox 1838 1147 3435 1220">
     <span class='ocr_line' id='line_1_40' title="bbox 1838 1147 3435 1220; baseline 0.003 -21"><span class='ocrx_word' id='word_1_271' title='bbox 1838 1148 1957 1215; x_wconf 91' lang='lat' dir='ltr'><strong>ipse</strong></span> <span class='ocrx_word' id='word_1_272' title='bbox 2003 1161 2187 1200; x_wconf 83' lang='lat' dir='ltr'><strong>rerum</strong></span> <span class='ocrx_word' id='word_1_273' title='bbox 2224 1147 2434 1216; x_wconf 89' lang='lat' dir='ltr'><strong>potitus</strong></span> <span class='ocrx_word' id='word_1_274' title='bbox 2467 1155 2573 1212; x_wconf 91' lang='lat' dir='ltr'><strong>est,</strong></span> <span class='ocrx_word' id='word_1_275' title='bbox 2620 1148 2782 1216; x_wconf 82' lang='lat' dir='ltr'><strong>plane</strong></span> <span class='ocrx_word' id='word_1_276' title='bbox 2838 1150 3096 1206; x_wconf 80' lang='lat' dir='ltr'><strong>distraxit</strong></span> <span class='ocrx_word' id='word_1_277' title='bbox 3145 1165 3209 1204; x_wconf 91' lang='lat' dir='ltr'><strong>ac</strong></span> <span class='ocrx_word' id='word_1_278' title='bbox 3239 1150 3435 1220; x_wconf 89' lang='lat' dir='ltr'><strong>dilapi-</strong></span> 
     </span>
    </p>
   </div>
   <div class='ocr_carea' id='block_1_41' title="bbox 1838 1238 3429 1312">
    <p class='ocr_par' dir='ltr' id='par_1_41' title="bbox 1838 1238 3429 1312">
     <span class='ocr_line' id='line_1_41' title="bbox 1838 1238 3429 1312; baseline 0.006 -23"><span class='ocrx_word' id='word_1_279' title='bbox 1838 1238 2011 1302; x_wconf 77' lang='lat' dir='ltr'><strong>tlavit,</strong></span> <span class='ocrx_word' id='word_1_280' title='bbox 2051 1246 2111 1291; x_wconf 89' lang='lat' dir='ltr'><strong>ut</strong></span> <span class='ocrx_word' id='word_1_281' title='bbox 2149 1247 2276 1306; x_wconf 90' lang='lat' dir='ltr'><strong>post</strong></span> <span class='ocrx_word' id='word_1_282' title='bbox 2322 1239 2442 1307; x_wconf 83' lang='lat' dir='ltr'><strong>ejus</strong></span> <span class='ocrx_word' id='word_1_283' title='bbox 2487 1248 2721 1294; x_wconf 90' lang='lat' dir='ltr'><strong>mortem</strong></span> <span class='ocrx_word' id='word_1_284' title='bbox 2773 1256 2881 1295; x_wconf 91' lang='lat' dir='ltr'><strong>non</strong></span> <span class='ocrx_word' id='word_1_285' title='bbox 2932 1245 3091 1312; x_wconf 89' lang='lat' dir='ltr'><strong>plura</strong></span> <span class='ocrx_word' id='word_1_286' title='bbox 3128 1244 3307 1299; x_wconf 89' lang='lat' dir='ltr'><strong>tribus</strong></span> <span class='ocrx_word' id='word_1_287' title='bbox 3341 1259 3429 1298; x_wconf 89' lang='lat' dir='ltr'><strong>re-</strong></span> 
     </span>
    </p>
   </div>
   <div class='ocr_carea' id='block_1_42' title="bbox 1841 1328 3434 1399">
    <p class='ocr_par' dir='ltr' id='par_1_42' title="bbox 1841 1328 3434 1399">
     <span class='ocr_line' id='line_1_42' title="bbox 1841 1328 3434 1399; baseline 0.004 -15"><span class='ocrx_word' id='word_1_288' title='bbox 1841 1339 1996 1399; x_wconf 89' lang='lat' dir='ltr'><strong>perta</strong></span> <span class='ocrx_word' id='word_1_289' title='bbox 2030 1330 2161 1385; x_wconf 91' lang='lat' dir='ltr'><strong>sint.</strong></span> <span class='ocrx_word' id='word_1_290' title='bbox 2190 1328 2257 1383; x_wconf 91' lang='lat' dir='ltr'><strong>Et</strong></span> <span class='ocrx_word' id='word_1_291' title='bbox 2285 1331 2564 1399; x_wconf 91' lang='lat' dir='ltr'><strong>quomodo</strong></span> <span class='ocrx_word' id='word_1_292' title='bbox 2594 1347 2702 1387; x_wconf 91' lang='lat' dir='ltr'><strong>non</strong></span> <span class='ocrx_word' id='word_1_293' title='bbox 2728 1332 2975 1387; x_wconf 86' lang='lat' dir='ltr'><strong>futurum</strong></span> <span class='ocrx_word' id='word_1_294' title='bbox 3008 1344 3125 1388; x_wconf 89' lang='lat' dir='ltr'><strong>erat</strong></span> <span class='ocrx_word' id='word_1_295' title='bbox 3142 1345 3202 1389; x_wconf 92' lang='lat' dir='ltr'><strong>ut</strong></span> <span class='ocrx_word' id='word_1_296' title='bbox 3231 1336 3434 1391; x_wconf 80' lang='lat' dir='ltr'><strong>deﬁce-</strong></span> 
     </span>
    </p>
   </div>
   <div class='ocr_carea' id='block_1_43' title="bbox 1842 1422 3437 1495">
    <p class='ocr_par' dir='ltr' id='par_1_43' title="bbox 1842 1422 3437 1495">
     <span class='ocr_line' id='line_1_43' title="bbox 1842 1422 3437 1495; baseline 0.004 -20"><span class='ocrx_word' id='word_1_297' title='bbox 1842 1432 1981 1488; x_wconf 77' lang='lat' dir='ltr'><strong>ient,</strong></span> <span class='ocrx_word' id='word_1_298' title='bbox 2015 1423 2097 1477; x_wconf 84' lang='lat' dir='ltr'><strong>vel</strong></span> <span class='ocrx_word' id='word_1_299' title='bbox 2137 1423 2181 1476; x_wconf 88' lang='lat' dir='ltr'><strong>si</strong></span> <span class='ocrx_word' id='word_1_300' title='bbox 2235 1438 2299 1478; x_wconf 88' lang='lat' dir='ltr'><strong>ex</strong></span> <span class='ocrx_word' id='word_1_301' title='bbox 2358 1422 2538 1479; x_wconf 84' lang='lat' dir='ltr'><strong>fluviis</strong></span> <span class='ocrx_word' id='word_1_302' title='bbox 2582 1426 2893 1489; x_wconf 86' lang='lat' dir='ltr'><strong>inllucrenl,</strong></span> <span class='ocrx_word' id='word_1_303' title='bbox 2930 1443 3053 1481; x_wconf 93' lang='lat' dir='ltr'><strong>cum</strong></span> <span class='ocrx_word' id='word_1_304' title='bbox 3091 1428 3171 1481; x_wconf 88' lang='lat' dir='ltr'><strong>sic</strong></span> <span class='ocrx_word' id='word_1_305' title='bbox 3228 1427 3437 1495; x_wconf 85' lang='lat' dir='ltr'><strong>perdite</strong></span> 
     </span>
    </p>
   </div>
   <div class='ocr_carea' id='block_1_44' title="bbox 1841 1516 3439 1589">
    <p class='ocr_par' dir='ltr' id='par_1_44' title="bbox 1841 1516 3439 1589">
     <span class='ocr_line' id='line_1_44' title="bbox 1841 1516 3439 1589; baseline 0.003 -20"><span class='ocrx_word' id='word_1_306' title='bbox 1841 1524 2007 1585; x_wconf 88' lang='lat' dir='ltr'><strong>atque</strong></span> <span class='ocrx_word' id='word_1_307' title='bbox 2038 1516 2266 1586; x_wconf 81' lang='lat' dir='ltr'><strong>prodige</strong></span> <span class='ocrx_word' id='word_1_308' title='bbox 2307 1516 2753 1585; x_wconf 85' lang='lat' dir='ltr'><strong>dissiparentur?</strong></span> <span class='ocrx_word' id='word_1_309' title='bbox 2785 1516 2920 1571; x_wconf 80' lang='lat' dir='ltr'><strong>Cum</strong></span> <span class='ocrx_word' id='word_1_310' title='bbox 2952 1519 3098 1572; x_wconf 88' lang='lat' dir='ltr'><strong>enim</strong></span> <span class='ocrx_word' id='word_1_311' title='bbox 3134 1518 3439 1589; x_wconf 83' lang='lat' dir='ltr'><strong>aliquando</strong></span> 
     </span>
    </p>
   </div>
   <div class='ocr_carea' id='block_1_45' title="bbox 1840 1608 3439 1678">
    <p class='ocr_par' dir='ltr' id='par_1_45' title="bbox 1840 1608 3439 1678">
     <span class='ocr_line' id='line_1_45' title="bbox 1840 1608 3439 1678; baseline 0.003 -16"><span class='ocrx_word' id='word_1_312' title='bbox 1840 1610 2066 1678; x_wconf 82' lang='lat' dir='ltr'><strong>aurigae.</strong></span> <span class='ocrx_word' id='word_1_313' title='bbox 2108 1609 2195 1663; x_wconf 93' lang='lat' dir='ltr'><strong>cui</strong></span> <span class='ocrx_word' id='word_1_314' title='bbox 2252 1625 2454 1663; x_wconf 81' lang='lat' dir='ltr'><strong>nomen</strong></span> <span class='ocrx_word' id='word_1_315' title='bbox 2506 1608 2701 1674; x_wconf 73' lang='lat' dir='ltr'><strong>Chilze,</strong></span> <span class='ocrx_word' id='word_1_316' title='bbox 2742 1608 2910 1663; x_wconf 87' lang='lat' dir='ltr'><strong>filium</strong></span> <span class='ocrx_word' id='word_1_317' title='bbox 2953 1626 3019 1664; x_wconf 81' lang='lat' dir='ltr'><strong>ex</strong></span> <span class='ocrx_word' id='word_1_318' title='bbox 3078 1628 3236 1667; x_wconf 91' lang='lat' dir='ltr'><strong>sacro</strong></span> <span class='ocrx_word' id='word_1_319' title='bbox 3290 1612 3439 1667; x_wconf 81' lang='lat' dir='ltr'><strong>fonte</strong></span> 
     </span>
    </p>
   </div>
   <div class='ocr_carea' id='block_1_46' title="bbox 1840 1698 3442 1771">
    <p class='ocr_par' dir='ltr' id='par_1_46' title="bbox 1840 1698 3442 1771">
     <span class='ocr_line' id='line_1_46' title="bbox 1840 1698 3442 1771; baseline 0.004 -20"><span class='ocrx_word' id='word_1_320' title='bbox 1840 1698 2200 1767; x_wconf 81' lang='lat' dir='ltr'><strong>suscepisset,</strong></span> <span class='ocrx_word' id='word_1_321' title='bbox 2246 1698 2515 1768; x_wconf 80' lang='lat' dir='ltr'><strong>integrum</strong></span> <span class='ocrx_word' id='word_1_322' title='bbox 2571 1701 2950 1754; x_wconf 86' lang='lat' dir='ltr'><strong>centenarium</strong></span> <span class='ocrx_word' id='word_1_323' title='bbox 2978 1702 3306 1771; x_wconf 78' lang='lat' dir='ltr'><strong>magniﬁcus</strong></span> <span class='ocrx_word' id='word_1_324' title='bbox 3343 1702 3442 1757; x_wconf 94' lang='lat' dir='ltr'><strong>do-</strong></span> 
     </span>
    </p>
   </div>
   <div class='ocr_carea' id='block_1_47' title="bbox 1841 1789 3438 1864">
    <p class='ocr_par' dir='ltr' id='par_1_47' title="bbox 1841 1789 3438 1864">
     <span class='ocr_line' id='line_1_47' title="bbox 1841 1789 3438 1864; baseline 0.005 -23"><span class='ocrx_word' id='word_1_325' title='bbox 1841 1798 2003 1842; x_wconf 87' lang='lat' dir='ltr'><strong>nator</strong></span> <span class='ocrx_word' id='word_1_326' title='bbox 2063 1789 2331 1858; x_wconf 75' lang='lat' dir='ltr'><strong>erogavit.</strong></span> <span class='ocrx_word' id='word_1_327' title='bbox 2394 1789 2501 1844; x_wconf 89' lang='lat' dir='ltr'><strong>Sed</strong></span> <span class='ocrx_word' id='word_1_328' title='bbox 2556 1800 2610 1846; x_wconf 93' lang='lat' dir='ltr'><strong>et</strong></span> <span class='ocrx_word' id='word_1_329' title='bbox 2666 1792 2898 1860; x_wconf 89' lang='lat' dir='ltr'><strong>patricio</strong></span> <span class='ocrx_word' id='word_1_330' title='bbox 2955 1791 3219 1859; x_wconf 82' lang='lat' dir='ltr'><strong>Himerio,</strong></span> <span class='ocrx_word' id='word_1_331' title='bbox 3274 1808 3438 1864; x_wconf 85' lang='lat' dir='ltr'><strong>quem</strong></span> 
     </span>
    </p>
   </div>
   <div class='ocr_carea' id='block_1_48' title="bbox 1764 1843 3440 1956">
    <p class='ocr_par' dir='ltr' id='par_1_48' title="bbox 1764 1843 3440 1956">
     <span class='ocr_line' id='line_1_48' title="bbox 1764 1843 3440 1956; baseline 0.002 -19"><span class='ocrx_word' id='word_1_332' title='bbox 1764 1843 1813 1903; x_wconf 73' lang='grc' dir='ltr'><strong>Β</strong></span> <span class='ocrx_word' id='word_1_333' title='bbox 1840 1882 2100 1937; x_wconf 60' lang='lat' dir='ltr'><strong>Clitarum</strong></span> <span class='ocrx_word' id='word_1_334' title='bbox 2133 1880 2211 1953; x_wconf 89' lang='lat' dir='ltr'><strong>(id</strong></span> <span class='ocrx_word' id='word_1_335' title='bbox 2257 1891 2341 1937; x_wconf 91' lang='lat' dir='ltr'><strong>est</strong></span> <span class='ocrx_word' id='word_1_336' title='bbox 2373 1884 2623 1953; x_wconf 89' lang='lat' dir='ltr'><strong>porcum)</strong></span> <span class='ocrx_word' id='word_1_337' title='bbox 2668 1884 2969 1953; x_wconf 88' lang='lat' dir='ltr'><strong>imperator</strong></span> <span class='ocrx_word' id='word_1_338' title='bbox 3001 1886 3073 1939; x_wconf 88' lang='lat' dir='ltr'><strong>oh</strong></span> <span class='ocrx_word' id='word_1_339' title='bbox 3122 1886 3237 1941; x_wconf 88' lang='lat' dir='ltr'><strong>oris</strong></span> <span class='ocrx_word' id='word_1_340' title='bbox 3276 1843 3440 1956; x_wconf 62' lang='lat' dir='ltr'><strong>aspc-</strong></span> 
     </span>
    </p>
   </div>
   <div class='ocr_carea' id='block_1_49' title="bbox 1835 1974 3445 2049">
    <p class='ocr_par' dir='ltr' id='par_1_49' title="bbox 1835 1974 3445 2049">
     <span class='ocr_line' id='line_1_49' title="bbox 1835 1974 3445 2049; baseline 0.004 -20"><span class='ocrx_word' id='word_1_341' title='bbox 1835 1976 2054 2029; x_wconf 88' lang='lat' dir='ltr'><strong>ritatem</strong></span> <span class='ocrx_word' id='word_1_342' title='bbox 2110 1974 2609 2046; x_wconf 82' lang='lat' dir='ltr'><strong>inelegantiamque</strong></span> <span class='ocrx_word' id='word_1_343' title='bbox 2667 1978 2922 2043; x_wconf 85' lang='lat' dir='ltr'><strong>vocabat,</strong></span> <span class='ocrx_word' id='word_1_344' title='bbox 2979 1979 3075 2049; x_wconf 88' lang='lat' dir='ltr'><strong>qui</strong></span> <span class='ocrx_word' id='word_1_345' title='bbox 3130 1988 3311 2033; x_wconf 88' lang='lat' dir='ltr'><strong>tamen</strong></span> <span class='ocrx_word' id='word_1_346' title='bbox 3368 1978 3445 2035; x_wconf 86' lang='lat' dir='ltr'><strong>ob</strong></span> 
     </span>
    </p>
   </div>
   <div class='ocr_carea' id='block_1_50' title="bbox 1837 2067 3443 2141">
    <p class='ocr_par' dir='ltr' id='par_1_50' title="bbox 1837 2067 3443 2141">
     <span class='ocr_line' id='line_1_50' title="bbox 1837 2067 3443 2141; baseline 0.004 -19"><span class='ocrx_word' id='word_1_347' title='bbox 1837 2069 2021 2137; x_wconf 83' lang='lat' dir='ltr'><strong>porcis</strong></span> <span class='ocrx_word' id='word_1_348' title='bbox 2050 2067 2264 2124; x_wconf 81' lang='lat' dir='ltr'><strong>amnem</strong></span> <span class='ocrx_word' id='word_1_349' title='bbox 2294 2069 2685 2139; x_wconf 86' lang='lat' dir='ltr'><strong>sordidamque</strong></span> <span class='ocrx_word' id='word_1_350' title='bbox 2715 2071 2838 2125; x_wconf 84' lang='lat' dir='ltr'><strong>vitae</strong></span> <span class='ocrx_word' id='word_1_351' title='bbox 2860 2072 3136 2127; x_wconf 85' lang='lat' dir='ltr'><strong>rationem</strong></span> <span class='ocrx_word' id='word_1_352' title='bbox 3162 2086 3230 2125; x_wconf 91' lang='lat' dir='ltr'><strong>eo</strong></span> <span class='ocrx_word' id='word_1_353' title='bbox 3253 2072 3443 2141; x_wconf 88' lang='lat' dir='ltr'><strong>potius</strong></span> 
     </span>
    </p>
   </div>
   <div class='ocr_carea' id='block_1_51' title="bbox 1838 2160 3445 2234">
    <p class='ocr_par' dir='ltr' id='par_1_51' title="bbox 1838 2160 3445 2234">
     <span class='ocr_line' id='line_1_51' title="bbox 1838 2160 3445 2234; baseline 0.003 -20"><span class='ocrx_word' id='word_1_354' title='bbox 1838 2162 2064 2215; x_wconf 89' lang='lat' dir='ltr'><strong>nomine</strong></span> <span class='ocrx_word' id='word_1_355' title='bbox 2118 2160 2320 2230; x_wconf 84' lang='lat' dir='ltr'><strong>dignus</strong></span> <span class='ocrx_word' id='word_1_356' title='bbox 2384 2161 2695 2227; x_wconf 76' lang='lat' dir='ltr'><strong>videbatur,</strong></span> <span class='ocrx_word' id='word_1_357' title='bbox 2754 2163 2902 2232; x_wconf 88' lang='lat' dir='ltr'><strong>quod</strong></span> <span class='ocrx_word' id='word_1_358' title='bbox 2953 2164 3254 2233; x_wconf 89' lang='lat' dir='ltr'><strong>aliquando</strong></span> <span class='ocrx_word' id='word_1_359' title='bbox 3324 2165 3445 2234; x_wconf 85' lang='lat' dir='ltr'><strong>ipso</strong></span> 
     </span>
    </p>
   </div>
   <div class='ocr_carea' id='block_1_52' title="bbox 1837 2250 3443 2327">
    <p class='ocr_par' dir='ltr' id='par_1_52' title="bbox 1837 2250 3443 2327">
     <span class='ocr_line' id='line_1_52' title="bbox 1837 2250 3443 2327; baseline 0.004 -22"><span class='ocrx_word' id='word_1_360' title='bbox 1837 2266 2027 2306; x_wconf 90' lang='lat' dir='ltr'><strong>coram</strong></span> <span class='ocrx_word' id='word_1_361' title='bbox 2079 2250 2316 2307; x_wconf 90' lang='lat' dir='ltr'><strong>obscena</strong></span> <span class='ocrx_word' id='word_1_362' title='bbox 2357 2254 2524 2308; x_wconf 88' lang='lat' dir='ltr'><strong>verba</strong></span> <span class='ocrx_word' id='word_1_363' title='bbox 2585 2254 2843 2309; x_wconf 80' lang='lat' dir='ltr'><strong>eﬂ&#39;utiens</strong></span> <span class='ocrx_word' id='word_1_364' title='bbox 2895 2264 2951 2310; x_wconf 87' lang='lat' dir='ltr'><strong>et</strong></span> <span class='ocrx_word' id='word_1_365' title='bbox 3005 2256 3239 2312; x_wconf 80' lang='lat' dir='ltr'><strong>scenicis</strong></span> <span class='ocrx_word' id='word_1_366' title='bbox 3277 2256 3443 2327; x_wconf 81' lang='lat' dir='ltr'><strong>nugis</strong></span> 
     </span>
    </p>
   </div>
   <div class='ocr_carea' id='block_1_53' title="bbox 1841 2347 3448 2419">
    <p class='ocr_par' dir='ltr' id='par_1_53' title="bbox 1841 2347 3448 2419">
     <span class='ocr_line' id='line_1_53' title="bbox 1841 2347 3448 2419; baseline 0.002 -20"><span class='ocrx_word' id='word_1_367' title='bbox 1841 2348 2095 2408; x_wconf 83' lang='lat' dir='ltr'><strong>abutens,</strong></span> <span class='ocrx_word' id='word_1_368' title='bbox 2150 2347 2299 2400; x_wconf 91' lang='lat' dir='ltr'><strong>omni</strong></span> <span class='ocrx_word' id='word_1_369' title='bbox 2351 2362 2583 2416; x_wconf 85' lang='lat' dir='ltr'><strong>prorsus</strong></span> <span class='ocrx_word' id='word_1_370' title='bbox 2646 2348 2892 2418; x_wconf 77' lang='lat' dir='ltr'><strong>proiecto</strong></span> <span class='ocrx_word' id='word_1_371' title='bbox 2941 2348 3150 2419; x_wconf 87' lang='lat' dir='ltr'><strong>pudore</strong></span> <span class='ocrx_word' id='word_1_372' title='bbox 3199 2349 3448 2417; x_wconf 77' lang='lat' dir='ltr'><strong>nihilque</strong></span> 
     </span>
    </p>
   </div>
   <div class='ocr_carea' id='block_1_54' title="bbox 1840 2439 3444 2514">
    <p class='ocr_par' dir='ltr' id='par_1_54' title="bbox 1840 2439 3444 2514">
     <span class='ocr_line' id='line_1_54' title="bbox 1840 2439 3444 2514; baseline 0.001 -18"><span class='ocrx_word' id='word_1_373' title='bbox 1840 2451 2001 2511; x_wconf 90' lang='lat' dir='ltr'><strong>turpe</strong></span> <span class='ocrx_word' id='word_1_374' title='bbox 2048 2457 2114 2498; x_wconf 88' lang='lat' dir='ltr'><strong>ac</strong></span> <span class='ocrx_word' id='word_1_375' title='bbox 2150 2442 2479 2514; x_wconf 89' lang='lat' dir='ltr'><strong>probrosum</strong></span> <span class='ocrx_word' id='word_1_376' title='bbox 2512 2457 2542 2493; x_wconf 87' lang='lat' dir='ltr'><strong>a</strong></span> <span class='ocrx_word' id='word_1_377' title='bbox 2597 2455 2657 2495; x_wconf 88' lang='lat' dir='ltr'><strong>se</strong></span> <span class='ocrx_word' id='word_1_378' title='bbox 2692 2439 2931 2495; x_wconf 91' lang='lat' dir='ltr'><strong>alienum</strong></span> <span class='ocrx_word' id='word_1_379' title='bbox 2963 2450 3138 2507; x_wconf 86' lang='lat' dir='ltr'><strong>ratus,</strong></span> <span class='ocrx_word' id='word_1_380' title='bbox 3175 2443 3444 2512; x_wconf 84' lang='lat' dir='ltr'><strong>ganeonis</strong></span> 
     </span>
    </p>
   </div>
   <div class='ocr_carea' id='block_1_55' title="bbox 1841 2531 3445 2603">
    <p class='ocr_par' dir='ltr' id='par_1_55' title="bbox 1841 2531 3445 2603">
     <span class='ocr_line' id='line_1_55' title="bbox 1841 2531 3445 2603; baseline 0 -17"><span class='ocrx_word' id='word_1_381' title='bbox 1841 2533 2112 2602; x_wconf 88' lang='lat' dir='ltr'><strong>crepitum</strong></span> <span class='ocrx_word' id='word_1_382' title='bbox 2159 2550 2227 2589; x_wconf 83' lang='lat' dir='ltr'><strong>ex</strong></span> <span class='ocrx_word' id='word_1_383' title='bbox 2273 2531 2545 2586; x_wconf 87' lang='lat' dir='ltr'><strong>scelerato</strong></span> <span class='ocrx_word' id='word_1_384' title='bbox 2573 2540 2764 2586; x_wconf 90' lang='lat' dir='ltr'><strong>ventre</strong></span> <span class='ocrx_word' id='word_1_385' title='bbox 2800 2531 3056 2597; x_wconf 87' lang='lat' dir='ltr'><strong>misisset,</strong></span> <span class='ocrx_word' id='word_1_386' title='bbox 3085 2532 3168 2587; x_wconf 91' lang='lat' dir='ltr'><strong>sic</strong></span> <span class='ocrx_word' id='word_1_387' title='bbox 3220 2545 3445 2603; x_wconf 85' lang='lat' dir='ltr'><strong>gravem</strong></span> 
     </span>
    </p>
   </div>
   <div class='ocr_carea' id='block_1_56' title="bbox 1841 2622 3438 2697">
    <p class='ocr_par' dir='ltr' id='par_1_56' title="bbox 1841 2622 3438 2697">
     <span class='ocr_line' id='line_1_56' title="bbox 1841 2622 3438 2697; baseline 0.003 -20"><span class='ocrx_word' id='word_1_388' title='bbox 1841 2626 2129 2694; x_wconf 81' lang='lat' dir='ltr'><strong>valideque</strong></span> <span class='ocrx_word' id='word_1_389' title='bbox 2186 2625 2493 2695; x_wconf 90' lang='lat' dir='ltr'><strong>displosum</strong></span> <span class='ocrx_word' id='word_1_390' title='bbox 2525 2622 2691 2697; x_wconf 64' lang='grc'><strong>254</strong></span> <span class='ocrx_word' id='word_1_391' title='bbox 2726 2632 2788 2678; x_wconf 80' lang='grc' dir='ltr'><strong>ιιι</strong></span> <span class='ocrx_word' id='word_1_392' title='bbox 2836 2623 3089 2694; x_wconf 69' lang='lat' dir='ltr'><strong>procellae</strong></span> <span class='ocrx_word' id='word_1_393' title='bbox 3136 2625 3191 2678; x_wconf 91' lang='lat' dir='ltr'><strong>in</strong></span> <span class='ocrx_word' id='word_1_394' title='bbox 3227 2639 3438 2681; x_wconf 90' lang='lat' dir='ltr'><strong>morem</strong></span> 
     </span>
    </p>
   </div>
   <div class='ocr_carea' id='block_1_57' title="bbox 1844 2716 3443 2789">
    <p class='ocr_par' dir='ltr' id='par_1_57' title="bbox 1844 2716 3443 2789">
     <span class='ocr_line' id='line_1_57' title="bbox 1844 2716 3443 2789; baseline 0.002 -20"><span class='ocrx_word' id='word_1_395' title='bbox 1844 2716 2121 2774; x_wconf 86' lang='lat' dir='ltr'><strong>lucentem</strong></span> <span class='ocrx_word' id='word_1_396' title='bbox 2176 2717 2415 2773; x_wconf 83' lang='lat' dir='ltr'><strong>faculam</strong></span> <span class='ocrx_word' id='word_1_397' title='bbox 2462 2716 2596 2771; x_wconf 83' lang='lat' dir='ltr'><strong>ﬂatu</strong></span> <span class='ocrx_word' id='word_1_398' title='bbox 2647 2716 2997 2780; x_wconf 78' lang='lat' dir='ltr'><strong>exstinxerit,</strong></span> <span class='ocrx_word' id='word_1_399' title='bbox 3038 2717 3443 2789; x_wconf 79' lang='lat' dir='ltr'><strong>quinquaginta</strong></span> 
     </span>
    </p>
   </div>
   <div class='ocr_carea' id='block_1_58' title="bbox 1846 2808 3448 2880">
    <p class='ocr_par' dir='ltr' id='par_1_58' title="bbox 1846 2808 3448 2880">
     <span class='ocr_line' id='line_1_58' title="bbox 1846 2808 3448 2880; baseline -0.001 -16"><span class='ocrx_word' id='word_1_400' title='bbox 1846 2811 2037 2875; x_wconf 80' lang='lat' dir='ltr'><strong>libras,</strong></span> <span class='ocrx_word' id='word_1_401' title='bbox 2062 2810 2290 2880; x_wconf 86' lang='lat' dir='ltr'><strong>perinde</strong></span> <span class='ocrx_word' id='word_1_402' title='bbox 2325 2824 2391 2865; x_wconf 91' lang='lat' dir='ltr'><strong>ac</strong></span> <span class='ocrx_word' id='word_1_403' title='bbox 2424 2809 2469 2865; x_wconf 91' lang='lat' dir='ltr'><strong>si</strong></span> <span class='ocrx_word' id='word_1_404' title='bbox 2500 2808 2827 2864; x_wconf 83' lang='lat' dir='ltr'><strong>Herculeum</strong></span> <span class='ocrx_word' id='word_1_405' title='bbox 2862 2809 2969 2864; x_wconf 88' lang='lat' dir='ltr'><strong>hoc</strong></span> <span class='ocrx_word' id='word_1_406' title='bbox 3004 2818 3285 2865; x_wconf 87' lang='lat' dir='ltr'><strong>certamen</strong></span> <span class='ocrx_word' id='word_1_407' title='bbox 3308 2825 3448 2866; x_wconf 82' lang='lat' dir='ltr'><strong>con-</strong></span> 
     </span>
    </p>
   </div>
   <div class='ocr_carea' id='block_1_59' title="bbox 1846 2901 3451 2973">
    <p class='ocr_par' dir='ltr' id='par_1_59' title="bbox 1846 2901 3451 2973">
     <span class='ocr_line' id='line_1_59' title="bbox 1846 2901 3451 2973; baseline 0.002 -18"><span class='ocrx_word' id='word_1_408' title='bbox 1846 2901 2088 2968; x_wconf 84' lang='lat' dir='ltr'><strong>fecisset,</strong></span> <span class='ocrx_word' id='word_1_409' title='bbox 2120 2901 2368 2957; x_wconf 85' lang='lat' dir='ltr'><strong>liberalis</strong></span> <span class='ocrx_word' id='word_1_410' title='bbox 2402 2911 2725 2957; x_wconf 90' lang='lat' dir='ltr'><strong>munerator</strong></span> <span class='ocrx_word' id='word_1_411' title='bbox 2763 2902 3062 2973; x_wconf 86' lang='lat' dir='ltr'><strong>congessit.</strong></span> <span class='ocrx_word' id='word_1_412' title='bbox 3100 2901 3192 2959; x_wconf 87' lang='lat' dir='ltr'><strong>Sic</strong></span> <span class='ocrx_word' id='word_1_413' title='bbox 3222 2918 3451 2973; x_wconf 86' lang='lat' dir='ltr'><strong>quoque</strong></span> 
     </span>
    </p>
   </div>
   <div class='ocr_carea' id='block_1_60' title="bbox 1848 2995 3450 3067">
    <p class='ocr_par' dir='ltr' id='par_1_60' title="bbox 1848 2995 3450 3067">
     <span class='ocr_line' id='line_1_60' title="bbox 1848 2995 3450 3067; baseline 0.001 -16"><span class='ocrx_word' id='word_1_414' title='bbox 1848 2997 1965 3065; x_wconf 87' lang='lat' dir='ltr'><strong>ejus</strong></span> <span class='ocrx_word' id='word_1_415' title='bbox 2010 3012 2139 3067; x_wconf 83' lang='lat' dir='ltr'><strong>erga</strong></span> <span class='ocrx_word' id='word_1_416' title='bbox 2178 2996 2315 3051; x_wconf 89' lang='lat' dir='ltr'><strong>alios</strong></span> <span class='ocrx_word' id='word_1_417' title='bbox 2361 2995 2411 3050; x_wconf 90' lang='lat' dir='ltr'><strong>ei</strong></span> <span class='ocrx_word' id='word_1_418' title='bbox 2446 2995 2657 3051; x_wconf 90' lang='lat' dir='ltr'><strong>similes</strong></span> <span class='ocrx_word' id='word_1_419' title='bbox 2689 3004 2919 3065; x_wconf 90' lang='lat' dir='ltr'><strong>nepotes</strong></span> <span class='ocrx_word' id='word_1_420' title='bbox 2965 2995 3189 3052; x_wconf 86' lang='lat' dir='ltr'><strong>modum</strong></span> <span class='ocrx_word' id='word_1_421' title='bbox 3227 3012 3450 3052; x_wconf 83' lang='lat' dir='ltr'><strong>omnem</strong></span> 
     </span>
    </p>
   </div>
   <div class='ocr_carea' id='block_1_61' title="bbox 1847 3086 3453 3159">
    <p class='ocr_par' dir='ltr' id='par_1_61' title="bbox 1847 3086 3453 3159">
     <span class='ocr_line' id='line_1_61' title="bbox 1847 3086 3453 3159; baseline 0.001 -16"><span class='ocrx_word' id='word_1_422' title='bbox 1847 3090 2071 3159; x_wconf 83' lang='lat' dir='ltr'><strong>praemia</strong></span> <span class='ocrx_word' id='word_1_423' title='bbox 2127 3103 2469 3157; x_wconf 87' lang='lat' dir='ltr'><strong>muneraque</strong></span> <span class='ocrx_word' id='word_1_424' title='bbox 2506 3088 2818 3144; x_wconf 80' lang='lat' dir='ltr'><strong>vincebant.</strong></span> <span class='ocrx_word' id='word_1_425' title='bbox 2857 3086 3017 3143; x_wconf 80' lang='lat' dir='ltr'><strong>Haec</strong></span> <span class='ocrx_word' id='word_1_426' title='bbox 3050 3102 3221 3159; x_wconf 82' lang='lat' dir='ltr'><strong>porro</strong></span> <span class='ocrx_word' id='word_1_427' title='bbox 3285 3088 3333 3144; x_wconf 89' lang='lat' dir='ltr'><strong>si</strong></span> <span class='ocrx_word' id='word_1_428' title='bbox 3394 3089 3453 3144; x_wconf 85' lang='lat' dir='ltr'><strong>in</strong></span> 
     </span>
    </p>
   </div>
   <div class='ocr_carea' id='block_1_62' title="bbox 151 3174 1742 3247">
    <p class='ocr_par' dir='ltr' id='par_1_62' title="bbox 151 3174 1742 3247">
     <span class='ocr_line' id='line_1_62' title="bbox 151 3174 1742 3247; baseline 0.004 -23"><span class='ocrx_word' id='word_1_429' title='bbox 151 3175 384 3242; x_wconf 76' lang='grc' dir='ltr'>ἑτοίμως</span> <span class='ocrx_word' id='word_1_430' title='bbox 443 3174 618 3237; x_wconf 78' lang='grc' dir='ltr'>οὕτως</span> <span class='ocrx_word' id='word_1_431' title='bbox 650 3177 691 3207; x_wconf 87' lang='grc'><strong>³⁷</strong></span> <span class='ocrx_word' id='word_1_432' title='bbox 722 3178 965 3246; x_wconf 82' lang='grc' dir='ltr'>προῖετο,</span> <span class='ocrx_word' id='word_1_433' title='bbox 1014 3176 1420 3247; x_wconf 66' lang='grc' dir='ltr'>μεγαλοψυχίας</span> <span class='ocrx_word' id='word_1_434' title='bbox 1448 3177 1513 3229; x_wconf 84' lang='grc' dir='ltr'>ἄν</span> <span class='ocrx_word' id='word_1_435' title='bbox 1543 3195 1623 3239; x_wconf 86' lang='grc' dir='ltr'><strong>τις</strong></span> <span class='ocrx_word' id='word_1_436' title='bbox 1664 3185 1742 3232; x_wconf 49' lang='grc' dir='ltr'>καῖ</span> 
     </span>
    </p>
   </div>
   <div class='ocr_carea' id='block_1_63' title="bbox 1848 3174 3451 3247">
    <p class='ocr_par' dir='ltr' id='par_1_63' title="bbox 1862 3178 3451 3247">
     <span class='ocr_line' id='line_1_63' title="bbox 1862 3178 3451 3247; baseline 0.001 -14"><span class='ocrx_word' id='word_1_437' title='bbox 1862 3179 2062 3233; x_wconf 86' lang='lat' dir='ltr'><strong>milites</strong></span> <span class='ocrx_word' id='word_1_438' title='bbox 2111 3178 2617 3247; x_wconf 90' lang='lat' dir='ltr'><strong>primipilariosque</strong></span> <span class='ocrx_word' id='word_1_439' title='bbox 2670 3193 2736 3232; x_wconf 88' lang='lat' dir='ltr'><strong>ac</strong></span> <span class='ocrx_word' id='word_1_440' title='bbox 2796 3179 2946 3233; x_wconf 89' lang='lat' dir='ltr'><strong>viros</strong></span> <span class='ocrx_word' id='word_1_441' title='bbox 3014 3188 3290 3246; x_wconf 89' lang='lat' dir='ltr'><strong>strenuos,</strong></span> <span class='ocrx_word' id='word_1_442' title='bbox 3352 3195 3451 3236; x_wconf 91' lang='lat' dir='ltr'><strong>seu</strong></span> 
     </span>
    </p>
   </div>
   <div class='ocr_carea' id='block_1_64' title="bbox 150 3265 1740 3338">
    <p class='ocr_par' dir='ltr' id='par_1_64' title="bbox 150 3265 1740 3338">
     <span class='ocr_line' id='line_1_64' title="bbox 150 3265 1740 3338; baseline 0.007 -25"><span class='ocrx_word' id='word_1_443' title='bbox 150 3265 595 3334; x_wconf 71' lang='grc' dir='ltr'>ἐλευθεριότητος</span> <span class='ocrx_word' id='word_1_444' title='bbox 630 3266 726 3318; x_wconf 77' lang='grc' dir='ltr'><strong>καὶ</strong></span> <span class='ocrx_word' id='word_1_445' title='bbox 770 3267 971 3335; x_wconf 63' lang='grc' dir='ltr'>τρόπου</span> <span class='ocrx_word' id='word_1_446' title='bbox 1029 3268 1316 3337; x_wconf 83' lang='grc' dir='ltr'>φιλοτίμου</span> <span class='ocrx_word' id='word_1_447' title='bbox 1346 3268 1565 3336; x_wconf 78' lang='grc' dir='ltr'>ἐνόμισε</span> <span class='ocrx_word' id='word_1_448' title='bbox 1600 3271 1740 3338; x_wconf 78' lang='grc' dir='ltr'>σύμ-</span> 
     </span>
    </p>
   </div>
   <div class='ocr_carea' id='block_1_65' title="bbox 148 3356 1741 3433">
    <p class='ocr_par' dir='ltr' id='par_1_65' title="bbox 148 3356 1741 3433">
     <span class='ocr_line' id='line_1_65' title="bbox 148 3356 1741 3433; baseline 0.004 -24"><span class='ocrx_word' id='word_1_449' title='bbox 148 3356 279 3410; x_wconf 75' lang='grc' dir='ltr'>εολα</span> <span class='ocrx_word' id='word_1_450' title='bbox 302 3376 313 3386; x_wconf 90' lang='grc'>·</span> <span class='ocrx_word' id='word_1_451' title='bbox 342 3360 437 3410; x_wconf 81' lang='grc' dir='ltr'><strong>ὅτε</strong></span> <span class='ocrx_word' id='word_1_452' title='bbox 466 3358 523 3411; x_wconf 86' lang='grc' dir='ltr'><strong>δέ</strong></span> <span class='ocrx_word' id='word_1_453' title='bbox 559 3360 637 3421; x_wconf 80' lang='grc' dir='ltr'>εἰς</span> <span class='ocrx_word' id='word_1_454' title='bbox 671 3359 871 3428; x_wconf 85' lang='grc' dir='ltr'>μίμους</span> <span class='ocrx_word' id='word_1_455' title='bbox 906 3361 1001 3414; x_wconf 83' lang='grc' dir='ltr'><strong>καί</strong></span> <span class='ocrx_word' id='word_1_456' title='bbox 1039 3361 1285 3430; x_wconf 80' lang='grc' dir='ltr'>ἡνιόχους</span> <span class='ocrx_word' id='word_1_457' title='bbox 1322 3364 1415 3415; x_wconf 71' lang='grc' dir='ltr'><strong>καὶ</strong></span> <span class='ocrx_word' id='word_1_458' title='bbox 1465 3364 1741 3433; x_wconf 74' lang='grc' dir='ltr'>ὀρχηστὰς</span> 
     </span>
    </p>
   </div>
   <div class='ocr_carea' id='block_1_66' title="bbox 149 3448 1742 3527">
    <p class='ocr_par' dir='ltr' id='par_1_66' title="bbox 149 3448 1742 3527">
     <span class='ocr_line' id='line_1_66' title="bbox 149 3448 1742 3527; baseline 0.006 -28"><span class='ocrx_word' id='word_1_459' title='bbox 149 3452 239 3501; x_wconf 76' lang='grc' dir='ltr'><strong>καὶ</strong></span> <span class='ocrx_word' id='word_1_460' title='bbox 271 3448 634 3517; x_wconf 71' lang='grc' dir='ltr'>βωμολόχους</span> <span class='ocrx_word' id='word_1_461' title='bbox 664 3451 762 3502; x_wconf 73' lang='grc' dir='ltr'><strong>καὶ</strong></span> <span class='ocrx_word' id='word_1_462' title='bbox 796 3450 1032 3512; x_wconf 89' lang='grc' dir='ltr'>κόλακας</span> <span class='ocrx_word' id='word_1_463' title='bbox 1064 3451 1161 3505; x_wconf 71' lang='grc' dir='ltr'><strong>καὶ</strong></span> <span class='ocrx_word' id='word_1_464' title='bbox 1188 3451 1475 3522; x_wconf 80' lang='grc' dir='ltr'>βδελυρίας</span> <span class='ocrx_word' id='word_1_465' title='bbox 1521 3454 1742 3527; x_wconf 79' lang='grc' dir='ltr'>ἀπάσης</span> 
     </span>
    </p>
   </div>
   <div class='ocr_carea' id='block_1_67' title="bbox 151 3541 1743 3612">
    <p class='ocr_par' dir='ltr' id='par_1_67' title="bbox 151 3541 1743 3612">
     <span class='ocr_line' id='line_1_67' title="bbox 151 3541 1743 3612; baseline 0.004 -20"><span class='ocrx_word' id='word_1_466' title='bbox 151 3543 388 3609; x_wconf 45' lang='grc' dir='ltr'>μεστοπ</span> <span class='ocrx_word' id='word_1_467' title='bbox 422 3542 681 3612; x_wconf 69' lang='grc' dir='ltr'>ἀφρόνως</span> <span class='ocrx_word' id='word_1_468' title='bbox 713 3541 1145 3611; x_wconf 79' lang='grc' dir='ltr'>διεσκορπίζετο,</span> <span class='ocrx_word' id='word_1_469' title='bbox 1177 3546 1257 3607; x_wconf 85' lang='grc' dir='ltr'><strong>είς</strong></span> <span class='ocrx_word' id='word_1_470' title='bbox 1279 3546 1336 3597; x_wconf 85' lang='grc' dir='ltr'><strong>δέ</strong></span> <span class='ocrx_word' id='word_1_471' title='bbox 1364 3563 1417 3598; x_wconf 89' lang='grc' dir='ltr'><strong>τι</strong></span> <span class='ocrx_word' id='word_1_472' title='bbox 1442 3546 1548 3597; x_wconf 90' lang='grc' dir='ltr'><strong>τῶν</strong></span> <span class='ocrx_word' id='word_1_473' title='bbox 1576 3564 1743 3599; x_wconf 84' lang='grc' dir='ltr'>σπου-</span> 
     </span>
    </p>
   </div>
   <div class='ocr_carea' id='block_1_68' title="bbox 146 3632 1743 3705">
    <p class='ocr_par' dir='ltr' id='par_1_68' title="bbox 146 3632 1743 3705">
     <span class='ocr_line' id='line_1_68' title="bbox 146 3632 1743 3705; baseline 0.006 -21"><span class='ocrx_word' id='word_1_474' title='bbox 146 3634 312 3687; x_wconf 76' lang='grc' dir='ltr'>δαίων</span> <span class='ocrx_word' id='word_1_475' title='bbox 354 3632 556 3705; x_wconf 75' lang='grc' dir='ltr'>προῄει</span> <span class='ocrx_word' id='word_1_476' title='bbox 603 3633 650 3665; x_wconf 81' lang='grc'><strong>³³</strong></span> <span class='ocrx_word' id='word_1_477' title='bbox 705 3635 817 3687; x_wconf 81' lang='grc' dir='ltr'>οὐδ’</span> <span class='ocrx_word' id='word_1_478' title='bbox 848 3636 1057 3700; x_wconf 80' lang='grc' dir='ltr'>ὀϐολὸς,</span> <span class='ocrx_word' id='word_1_479' title='bbox 1113 3637 1353 3700; x_wconf 85' lang='grc' dir='ltr'>ἀσωτίας</span> <span class='ocrx_word' id='word_1_480' title='bbox 1397 3639 1616 3701; x_wconf 87' lang='grc' dir='ltr'>πάντως</span> <span class='ocrx_word' id='word_1_481' title='bbox 1649 3642 1743 3693; x_wconf 77' lang='grc' dir='ltr'><strong>καὶ</strong></span> 
     </span>
    </p>
   </div>
   <div class='ocr_carea' id='block_1_69' title="bbox 146 3728 1744 3798">
    <p class='ocr_par' dir='ltr' id='par_1_69' title="bbox 146 3728 1744 3798">
     <span class='ocr_line' id='line_1_69' title="bbox 146 3728 1744 3798; baseline 0.004 -19"><span class='ocrx_word' id='word_1_482' title='bbox 146 3730 444 3798; x_wconf 80' lang='grc' dir='ltr'>παροινίας</span> <span class='ocrx_word' id='word_1_483' title='bbox 490 3729 586 3779; x_wconf 73' lang='grc' dir='ltr'><strong>καὶ</strong></span> <span class='ocrx_word' id='word_1_484' title='bbox 636 3728 945 3796; x_wconf 77' lang='grc' dir='ltr'>ἐμπληξίας</span> <span class='ocrx_word' id='word_1_485' title='bbox 1003 3730 1268 3796; x_wconf 66' lang='grc' dir='ltr'>λογίσαιτ*</span> <span class='ocrx_word' id='word_1_486' title='bbox 1336 3732 1401 3784; x_wconf 84' lang='grc' dir='ltr'>ἄν</span> <span class='ocrx_word' id='word_1_487' title='bbox 1463 3749 1547 3795; x_wconf 83' lang='grc' dir='ltr'><strong>τις</strong></span> <span class='ocrx_word' id='word_1_488' title='bbox 1602 3728 1744 3785; x_wconf 81' lang='grc' dir='ltr'>εἶναι</span> 
     </span>
    </p>
   </div>
   <div class='ocr_carea' id='block_1_70' title="bbox 145 3824 1742 3900">
    <p class='ocr_par' dir='ltr' id='par_1_70' title="bbox 145 3824 1742 3900">
     <span class='ocr_line' id='line_1_70' title="bbox 145 3824 1742 3900; baseline 0.003 -24"><span class='ocrx_word' id='word_1_489' title='bbox 145 3827 456 3893; x_wconf 72' lang='grc' dir='ltr'>τεκμήρια.</span> <span class='ocrx_word' id='word_1_490' title='bbox 486 3825 600 3878; x_wconf 76' lang='grc' dir='ltr'><strong>Καὶ</strong></span> <span class='ocrx_word' id='word_1_491' title='bbox 626 3824 831 3877; x_wconf 84' lang='grc' dir='ltr'>τούτων</span> <span class='ocrx_word' id='word_1_492' title='bbox 855 3825 1249 3878; x_wconf 83' lang='grc' dir='ltr'>ἐπιλειπόντων</span> <span class='ocrx_word' id='word_1_493' title='bbox 1277 3826 1376 3896; x_wconf 81' lang='grc' dir='ltr'><strong>ήδη</strong></span> <span class='ocrx_word' id='word_1_494' title='bbox 1409 3827 1623 3898; x_wconf 81' lang='grc' dir='ltr'>ἀνάγκη</span> <span class='ocrx_word' id='word_1_495' title='bbox 1654 3826 1742 3900; x_wconf 78' lang='grc' dir='ltr'><strong>ἦν,</strong></span> 
     </span>
    </p>
   </div>
   <div class='ocr_carea' id='block_1_71' title="bbox 148 3915 1747 3987">
    <p class='ocr_par' dir='ltr' id='par_1_71' title="bbox 148 3915 1747 3987">
     <span class='ocr_line' id='line_1_71' title="bbox 148 3915 1747 3987; baseline 0.003 -20"><span class='ocrx_word' id='word_1_496' title='bbox 148 3915 344 3986; x_wconf 83' lang='grc' dir='ltr'>ῶσπερ</span> <span class='ocrx_word' id='word_1_497' title='bbox 370 3917 418 3949; x_wconf 82' lang='grc'><strong>³⁹</strong></span> <span class='ocrx_word' id='word_1_498' title='bbox 453 3917 697 3986; x_wconf 80' lang='grc' dir='ltr'>εῖρηται,</span> <span class='ocrx_word' id='word_1_499' title='bbox 746 3917 841 3970; x_wconf 75' lang='grc' dir='ltr'>καὶ</span> <span class='ocrx_word' id='word_1_500' title='bbox 871 3918 1031 3980; x_wconf 78' lang='grc' dir='ltr'>ναοὺς</span> <span class='ocrx_word' id='word_1_501' title='bbox 1068 3917 1465 3987; x_wconf 80' lang='grc' dir='ltr'>περισυλᾶσθαι</span> <span class='ocrx_word' id='word_1_502' title='bbox 1498 3920 1591 3971; x_wconf 81' lang='grc' dir='ltr'><strong>καὶ</strong></span> <span class='ocrx_word' id='word_1_503' title='bbox 1656 3922 1747 3972; x_wconf 75' lang='grc' dir='ltr'>εὐ-</span> 
     </span>
    </p>
   </div>
   <div class='ocr_carea' id='block_1_72' title="bbox 149 4009 1746 4078">
    <p class='ocr_par' dir='ltr' id='par_1_72' title="bbox 149 4009 1746 4078">
     <span class='ocr_line' id='line_1_72' title="bbox 149 4009 1746 4078; baseline 0.003 -17"><span class='ocrx_word' id='word_1_504' title='bbox 149 4012 304 4076; x_wconf 69' lang='grc' dir='ltr'>αγεῖς</span> <span class='ocrx_word' id='word_1_505' title='bbox 339 4010 531 4071; x_wconf 79' lang='grc' dir='ltr'>οἴκους</span> <span class='ocrx_word' id='word_1_506' title='bbox 553 4009 1060 4078; x_wconf 78' lang='grc' dir='ltr'>αίχμαλωτίξεσθαι</span> <span class='ocrx_word' id='word_1_507' title='bbox 1090 4011 1186 4063; x_wconf 70' lang='grc' dir='ltr'>καὶ</span> <span class='ocrx_word' id='word_1_508' title='bbox 1205 4011 1411 4073; x_wconf 81' lang='grc' dir='ltr'>πάντας</span> <span class='ocrx_word' id='word_1_509' title='bbox 1435 4013 1559 4074; x_wconf 75' lang='grc' dir='ltr'>τοὺς</span> <span class='ocrx_word' id='word_1_510' title='bbox 1587 4012 1746 4065; x_wconf 85' lang='grc' dir='ltr'>πλέον</span> 
     </span>
    </p>
   </div>
   <div class='ocr_carea' id='block_1_73' title="bbox 146 4101 1745 4173">
    <p class='ocr_par' dir='ltr' id='par_1_73' title="bbox 146 4101 1745 4173">
     <span class='ocr_line' id='line_1_73' title="bbox 146 4101 1745 4173; baseline 0.003 -20"><span class='ocrx_word' id='word_1_511' title='bbox 146 4103 258 4153; x_wconf 86' lang='grc' dir='ltr'><strong>τῶν</strong></span> <span class='ocrx_word' id='word_1_512' title='bbox 285 4101 477 4156; x_wconf 76' lang='grc' dir='ltr'>ἄλλων</span> <span class='ocrx_word' id='word_1_513' title='bbox 527 4101 903 4171; x_wconf 83' lang='grc' dir='ltr'>κεκτημένους</span> <span class='ocrx_word' id='word_1_514' title='bbox 962 4103 1042 4164; x_wconf 78' lang='grc' dir='ltr'><strong>εἰς</strong></span> <span class='ocrx_word' id='word_1_515' title='bbox 1094 4103 1357 4172; x_wconf 85' lang='grc' dir='ltr'>χρήματα</span> <span class='ocrx_word' id='word_1_516' title='bbox 1400 4104 1745 4173; x_wconf 81' lang='grc' dir='ltr'>ἀναιρεῖσθαι</span> 
     </span>
    </p>
   </div>
   <div class='ocr_carea' id='block_1_74' title="bbox 149 4196 1746 4268">
    <p class='ocr_par' dir='ltr' id='par_1_74' title="bbox 149 4196 1746 4268">
     <span class='ocr_line' id='line_1_74' title="bbox 149 4196 1746 4268; baseline 0 -19"><span class='ocrx_word' id='word_1_517' title='bbox 149 4199 243 4250; x_wconf 80' lang='grc' dir='ltr'><strong>καὶ</strong></span> <span class='ocrx_word' id='word_1_518' title='bbox 264 4196 748 4264; x_wconf 73' lang='grc' dir='ltr'>ἀποσφάττεσθαι.</span> <span class='ocrx_word' id='word_1_519' title='bbox 783 4196 859 4248; x_wconf 79' lang='grc' dir='ltr'><strong>Δι’</strong></span> <span class='ocrx_word' id='word_1_520' title='bbox 887 4196 922 4249; x_wconf 82' lang='grc' dir='ltr'><strong>ἀ</strong></span> <span class='ocrx_word' id='word_1_521' title='bbox 955 4196 1020 4265; x_wconf 84' lang='grc' dir='ltr'>δὴ</span> <span class='ocrx_word' id='word_1_522' title='bbox 1052 4197 1229 4250; x_wconf 87' lang='grc' dir='ltr'>πάντα</span> <span class='ocrx_word' id='word_1_523' title='bbox 1263 4199 1746 4268; x_wconf 75' lang='grc' dir='ltr'>συμφρονήσαντες</span> 
     </span>
    </p>
   </div>
   <div class='ocr_carea' id='block_1_75' title="bbox 146 4284 1743 4359">
    <p class='ocr_par' dir='ltr' id='par_1_75' title="bbox 146 4284 1743 4359">
     <span class='ocr_line' id='line_1_75' title="bbox 146 4284 1743 4359; baseline 0.004 -22"><span class='ocrx_word' id='word_1_524' title='bbox 146 4286 256 4337; x_wconf 85' lang='grc' dir='ltr'><strong>τῶν</strong></span> <span class='ocrx_word' id='word_1_525' title='bbox 282 4288 346 4339; x_wconf 87' lang='grc' dir='ltr'><strong>ἐν</strong></span> <span class='ocrx_word' id='word_1_526' title='bbox 370 4286 520 4338; x_wconf 82' lang='grc' dir='ltr'>τέλει</span> <span class='ocrx_word' id='word_1_527' title='bbox 545 4288 593 4337; x_wconf 80' lang='grc' dir='ltr'>οἱ</span> <span class='ocrx_word' id='word_1_528' title='bbox 624 4284 989 4355; x_wconf 84' lang='grc' dir='ltr'>δοκιμώτατοι</span> <span class='ocrx_word' id='word_1_529' title='bbox 1018 4288 1111 4339; x_wconf 73' lang='grc' dir='ltr'><strong>καὶ</strong></span> <span class='ocrx_word' id='word_1_530' title='bbox 1139 4288 1201 4339; x_wconf 82' lang='grc' dir='ltr'><strong>τὸ</strong></span> <span class='ocrx_word' id='word_1_531' title='bbox 1244 4288 1454 4359; x_wconf 65' lang='grc' dir='ltr'>ἔμφρον</span> <span class='ocrx_word' id='word_1_532' title='bbox 1485 4290 1584 4359; x_wconf 80' lang='grc' dir='ltr'><strong>τῆς</strong></span> <span class='ocrx_word' id='word_1_533' title='bbox 1618 4308 1743 4358; x_wconf 75' lang='grc' dir='ltr'>συγ·</span> 
     </span>
    </p>
   </div>
   <div class='ocr_carea' id='block_1_76' title="bbox 149 4377 1749 4452">
    <p class='ocr_par' dir='ltr' id='par_1_76' title="bbox 149 4377 1749 4452">
     <span class='ocr_line' id='line_1_76' title="bbox 149 4377 1749 4452; baseline 0.003 -21"><span class='ocrx_word' id='word_1_534' title='bbox 149 4379 360 4447; x_wconf 78' lang='grc' dir='ltr'>κλήτου</span> <span class='ocrx_word' id='word_1_535' title='bbox 418 4378 641 4448; x_wconf 81' lang='grc' dir='ltr'>βουλῆς,</span> <span class='ocrx_word' id='word_1_536' title='bbox 675 4377 765 4431; x_wconf 81' lang='grc' dir='ltr'>διὰ</span> <span class='ocrx_word' id='word_1_537' title='bbox 813 4379 923 4432; x_wconf 89' lang='grc' dir='ltr'><strong>τῶν</strong></span> <span class='ocrx_word' id='word_1_538' title='bbox 972 4381 1412 4450; x_wconf 82' lang='grc' dir='ltr'>προκοιτούντων</span> <span class='ocrx_word' id='word_1_539' title='bbox 1454 4388 1567 4445; x_wconf 89' lang='grc' dir='ltr'>τοῖς</span> <span class='ocrx_word' id='word_1_540' title='bbox 1598 4382 1749 4452; x_wconf 85' lang='grc' dir='ltr'>βασι-</span> 
     </span>
    </p>
   </div>
   <div class='ocr_carea' id='block_1_77' title="bbox 148 4470 1748 4543">
    <p class='ocr_par' dir='ltr' id='par_1_77' title="bbox 148 4470 1748 4543">
     <span class='ocr_line' id='line_1_77' title="bbox 148 4470 1748 4543; baseline 0.003 -20"><span class='ocrx_word' id='word_1_541' title='bbox 148 4470 304 4523; x_wconf 73' lang='grc' dir='ltr'>λεῦσι</span> <span class='ocrx_word' id='word_1_542' title='bbox 366 4470 745 4541; x_wconf 85' lang='grc' dir='ltr'>στρατιωτῶν,</span> <span class='ocrx_word' id='word_1_543' title='bbox 799 4471 855 4523; x_wconf 85' lang='grc' dir='ltr'>ὲν</span> <span class='ocrx_word' id='word_1_544' title='bbox 919 4473 1034 4535; x_wconf 90' lang='grc' dir='ltr'>τοῖς</span> <span class='ocrx_word' id='word_1_545' title='bbox 1090 4473 1372 4536; x_wconf 84' lang='grc' dir='ltr'>παλατίοις</span> <span class='ocrx_word' id='word_1_546' title='bbox 1425 4476 1518 4527; x_wconf 83' lang='grc' dir='ltr'>τοῦ</span> <span class='ocrx_word' id='word_1_547' title='bbox 1565 4476 1748 4543; x_wconf 82' lang='grc' dir='ltr'>Ἀγίου</span> 
     </span>
    </p>
   </div>
   <div class='ocr_carea' id='block_1_78' title="bbox 154 4551 1829 4636">
    <p class='ocr_par' dir='ltr' id='par_1_78' title="bbox 154 4551 1829 4636">
     <span class='ocr_line' id='line_1_78' title="bbox 154 4551 1829 4636; baseline 0.003 -21"><span class='ocrx_word' id='word_1_548' title='bbox 154 4564 448 4634; x_wconf 79' lang='grc' dir='ltr'>μάρτυρος</span> <span class='ocrx_word' id='word_1_549' title='bbox 476 4561 776 4631; x_wconf 83' lang='grc' dir='ltr'>Μάμαντος</span> <span class='ocrx_word' id='word_1_550' title='bbox 801 4563 1120 4633; x_wconf 75' lang='grc' dir='ltr'>ἀναιροῦσιν</span> <span class='ocrx_word' id='word_1_551' title='bbox 1160 4566 1345 4630; x_wconf 77' lang='grc' dir='ltr'>αὑτὸν,</span> <span class='ocrx_word' id='word_1_552' title='bbox 1397 4569 1459 4618; x_wconf 89' lang='grc' dir='ltr'><strong>ἐκ</strong></span> <span class='ocrx_word' id='word_1_553' title='bbox 1485 4568 1583 4635; x_wconf 82' lang='grc' dir='ltr'>τῆς</span> <span class='ocrx_word' id='word_1_554' title='bbox 1608 4570 1749 4636; x_wconf 81' lang='grc' dir='ltr'>ἄγαν</span> <span class='ocrx_word' id='word_1_555' title='bbox 1785 4551 1829 4606; x_wconf 82' lang='grc' dir='ltr'><strong>Ῑ)</strong></span> 
     </span>
    </p>
   </div>
   <div class='ocr_carea' id='block_1_79' title="bbox 148 4655 1750 4731">
    <p class='ocr_par' dir='ltr' id='par_1_79' title="bbox 148 4655 1750 4731">
     <span class='ocr_line' id='line_1_79' title="bbox 148 4655 1750 4731; baseline 0.006 -25"><span class='ocrx_word' id='word_1_556' title='bbox 148 4656 512 4723; x_wconf 79' lang='grc' dir='ltr'>οἰνοφλυγίας</span> <span class='ocrx_word' id='word_1_557' title='bbox 564 4655 985 4725; x_wconf 77' lang='grc' dir='ltr'>ἀνεπαισθήτως</span> <span class='ocrx_word' id='word_1_558' title='bbox 1042 4658 1133 4709; x_wconf 83' lang='grc' dir='ltr'><strong>τὸν</strong></span> <span class='ocrx_word' id='word_1_559' title='bbox 1195 4656 1366 4711; x_wconf 79' lang='grc' dir='ltr'>ὕπνον</span> <span class='ocrx_word' id='word_1_560' title='bbox 1408 4660 1488 4729; x_wconf 81' lang='grc' dir='ltr'>τῷ</span> <span class='ocrx_word' id='word_1_561' title='bbox 1534 4660 1750 4731; x_wconf 79' lang='grc' dir='ltr'>Θανάτῳ</span> 
     </span>
    </p>
   </div>
   <div class='ocr_carea' id='block_1_80' title="bbox 153 4748 1751 4823">
    <p class='ocr_par' dir='ltr' id='par_1_80' title="bbox 153 4748 1751 4823">
     <span class='ocr_line' id='line_1_80' title="bbox 153 4748 1751 4823; baseline 0.006 -24"><span class='ocrx_word' id='word_1_562' title='bbox 153 4749 506 4817; x_wconf 77' lang='grc' dir='ltr'>συνάψαντα.</span> <span class='ocrx_word' id='word_1_563' title='bbox 540 4748 754 4821; x_wconf 81' lang='grc' dir='ltr'>Ὠσπερ</span> <span class='ocrx_word' id='word_1_564' title='bbox 804 4752 912 4818; x_wconf 78' lang='grc' dir='ltr'><strong>γὰρ</strong></span> <span class='ocrx_word' id='word_1_565' title='bbox 973 4750 1100 4813; x_wconf 76' lang='grc' dir='ltr'>τοὺς</span> <span class='ocrx_word' id='word_1_566' title='bbox 1128 4753 1424 4821; x_wconf 81' lang='grc' dir='ltr'>σκορπίους</span> <span class='ocrx_word' id='word_1_567' title='bbox 1476 4756 1571 4807; x_wconf 75' lang='grc' dir='ltr'><strong>καὶ</strong></span> <span class='ocrx_word' id='word_1_568' title='bbox 1607 4754 1751 4823; x_wconf 75' lang='grc' dir='ltr'>ἔχεις</span> 
     </span>
    </p>
   </div>
   <div class='ocr_carea' id='block_1_81' title="bbox 154 4841 1754 4913">
    <p class='ocr_par' dir='ltr' id='par_1_81' title="bbox 154 4841 1754 4913">
     <span class='ocr_line' id='line_1_81' title="bbox 154 4841 1754 4913; baseline 0.001 -19"><span class='ocrx_word' id='word_1_569' title='bbox 154 4842 322 4908; x_wconf 78' lang='grc' dir='ltr'>μόνον</span> <span class='ocrx_word' id='word_1_570' title='bbox 357 4841 564 4903; x_wconf 79' lang='grc' dir='ltr'>ἰδόντες</span> <span class='ocrx_word' id='word_1_571' title='bbox 613 4842 707 4894; x_wconf 79' lang='grc' dir='ltr'>καὶ</span> <span class='ocrx_word' id='word_1_572' title='bbox 740 4842 871 4911; x_wconf 78' lang='grc' dir='ltr'>πρὶν</span> <span class='ocrx_word' id='word_1_573' title='bbox 922 4841 956 4911; x_wconf 78' lang='grc' dir='ltr'>ἦ</span> <span class='ocrx_word' id='word_1_574' title='bbox 1002 4841 1211 4911; x_wconf 84' lang='grc' dir='ltr'>τρῶσαι</span> <span class='ocrx_word' id='word_1_575' title='bbox 1250 4844 1564 4913; x_wconf 75' lang='grc' dir='ltr'>ἀναιροῦσιν</span> <span class='ocrx_word' id='word_1_576' title='bbox 1591 4848 1638 4897; x_wconf 84' lang='grc' dir='ltr'>οἱ</span> <span class='ocrx_word' id='word_1_577' title='bbox 1663 4847 1754 4900; x_wconf 72' lang='grc' dir='ltr'><strong>ἂν.</strong></span> 
     </span>
    </p>
   </div>
   <div class='ocr_carea' id='block_1_82' title="bbox 152 4934 1753 5005">
    <p class='ocr_par' dir='ltr' id='par_1_82' title="bbox 152 4934 1753 5005">
     <span class='ocr_line' id='line_1_82' title="bbox 152 4934 1753 5005; baseline 0.003 -20"><span class='ocrx_word' id='word_1_578' title='bbox 152 4934 375 5002; x_wconf 78' lang='grc' dir='ltr'>θρωποι</span> <span class='ocrx_word' id='word_1_579' title='bbox 408 4934 504 4986; x_wconf 88' lang='grc' dir='ltr'><strong>διά</strong></span> <span class='ocrx_word' id='word_1_580' title='bbox 530 4936 631 5000; x_wconf 81' lang='grc' dir='ltr'><strong>τὴν</strong></span> <span class='ocrx_word' id='word_1_581' title='bbox 687 4935 1107 5005; x_wconf 80' lang='grc' dir='ltr'>ἐνυπάρχουσαν</span> <span class='ocrx_word' id='word_1_582' title='bbox 1138 4934 1321 4999; x_wconf 77' lang='grc' dir='ltr'>αὐτοῖς</span> <span class='ocrx_word' id='word_1_583' title='bbox 1352 4938 1572 4993; x_wconf 87' lang='grc' dir='ltr'>κακίαν.</span> <span class='ocrx_word' id='word_1_584' title='bbox 1607 4937 1753 4990; x_wconf 68' lang='grc' dir='ltr'>οὕτω</span> 
     </span>
    </p>
   </div>
   <div class='ocr_carea' id='block_1_83' title="bbox 152 5025 1752 5099">
    <p class='ocr_par' dir='ltr' id='par_1_83' title="bbox 152 5025 1752 5099">
     <span class='ocr_line' id='line_1_83' title="bbox 152 5025 1752 5099; baseline 0.004 -21"><span class='ocrx_word' id='word_1_585' title='bbox 152 5029 249 5079; x_wconf 76' lang='grc' dir='ltr'><strong>καὶ</strong></span> <span class='ocrx_word' id='word_1_586' title='bbox 272 5026 393 5079; x_wconf 88' lang='grc' dir='ltr'><strong>τῶν</strong></span> <span class='ocrx_word' id='word_1_587' title='bbox 426 5026 637 5095; x_wconf 86' lang='grc' dir='ltr'>ἀνδρῶν</span> <span class='ocrx_word' id='word_1_588' title='bbox 666 5027 792 5089; x_wconf 80' lang='grc' dir='ltr'>τοὺς</span> <span class='ocrx_word' id='word_1_589' title='bbox 853 5025 1028 5088; x_wconf 86' lang='grc' dir='ltr'>ίώδεις</span> <span class='ocrx_word' id='word_1_590' title='bbox 1060 5029 1155 5079; x_wconf 69' lang='grc' dir='ltr'><strong>καὶ</strong></span> <span class='ocrx_word' id='word_1_591' title='bbox 1207 5030 1466 5097; x_wconf 75' lang='grc' dir='ltr'>φονικοὺς</span> <span class='ocrx_word' id='word_1_592' title='bbox 1507 5033 1612 5099; x_wconf 62' lang='grc' dir='ltr'>πρὸ</span> <span class='ocrx_word' id='word_1_593' title='bbox 1658 5033 1752 5084; x_wconf 76' lang='grc' dir='ltr'>τοῦ</span> 
     </span>
    </p>
   </div>
   <div class='ocr_carea' id='block_1_84' title="bbox 151 5119 1755 5187">
    <p class='ocr_par' dir='ltr' id='par_1_84' title="bbox 151 5119 1755 5187">
     <span class='ocr_line' id='line_1_84' title="bbox 151 5119 1755 5187; baseline 0.007 -19"><span class='ocrx_word' id='word_1_594' title='bbox 151 5119 377 5187; x_wconf 82' lang='grc' dir='ltr'>τρῶσαι</span> <span class='ocrx_word' id='word_1_595' title='bbox 435 5119 535 5171; x_wconf 77' lang='grc' dir='ltr'>καὶ</span> <span class='ocrx_word' id='word_1_596' title='bbox 587 5119 799 5171; x_wconf 86' lang='grc' dir='ltr'>ἀνελεῖν</span> <span class='ocrx_word' id='word_1_597' title='bbox 833 5120 1225 5183; x_wconf 78' lang='grc' dir='ltr'>σπουδάζουσιν</span> <span class='ocrx_word' id='word_1_598' title='bbox 1255 5124 1576 5178; x_wconf 85' lang='grc' dir='ltr'>ἀποκτεῖναι</span> <span class='ocrx_word' id='word_1_599' title='bbox 1610 5127 1660 5178; x_wconf 84' lang='grc' dir='ltr'><strong>οί</strong></span> <span class='ocrx_word' id='word_1_600' title='bbox 1690 5129 1755 5179; x_wconf 87' lang='grc' dir='ltr'><strong>ἐκ</strong></span> 
     </span>
    </p>
   </div>
   <div class='ocr_carea' id='block_1_85' title="bbox 152 5210 1755 5287">
    <p class='ocr_par' dir='ltr' id='par_1_85' title="bbox 152 5210 1755 5287">
     <span class='ocr_line' id='line_1_85' title="bbox 152 5210 1755 5287; baseline 0.005 -23"><span class='ocrx_word' id='word_1_601' title='bbox 152 5212 373 5265; x_wconf 79' lang='grc' dir='ltr'>τούτων</span> <span class='ocrx_word' id='word_1_602' title='bbox 411 5210 830 5281; x_wconf 83' lang='grc' dir='ltr'>προσδοκῶντες</span> <span class='ocrx_word' id='word_1_603' title='bbox 875 5214 966 5265; x_wconf 77' lang='grc' dir='ltr'>τὸν</span> <span class='ocrx_word' id='word_1_604' title='bbox 1027 5213 1293 5269; x_wconf 86' lang='grc' dir='ltr'>κίνδυνον.</span> <span class='ocrx_word' id='word_1_605' title='bbox 1329 5216 1436 5268; x_wconf 77' lang='grc' dir='ltr'>Καὶ</span> <span class='ocrx_word' id='word_1_606' title='bbox 1463 5212 1617 5279; x_wconf 72' lang='grc' dir='ltr'>οὗτος</span> <span class='ocrx_word' id='word_1_607' title='bbox 1655 5218 1755 5287; x_wconf 80' lang='grc' dir='ltr'><strong>μὲν</strong></span> 
     </span>
    </p>
   </div>
   <div class='ocr_carea' id='block_1_86' title="bbox 151 5304 1753 5380">
    <p class='ocr_par' dir='ltr' id='par_1_86' title="bbox 151 5304 1753 5380">
     <span class='ocr_line' id='line_1_86' title="bbox 151 5304 1753 5380; baseline 0.006 -25"><span class='ocrx_word' id='word_1_608' title='bbox 151 5304 305 5357; x_wconf 66' lang='grc' dir='ltr'>οὓτω</span> <span class='ocrx_word' id='word_1_609' title='bbox 341 5304 521 5373; x_wconf 77' lang='grc' dir='ltr'>βιοὺς,</span> <span class='ocrx_word' id='word_1_610' title='bbox 551 5304 794 5374; x_wconf 72' lang='grc' dir='ltr'>αἰσχρῶς</span> <span class='ocrx_word' id='word_1_611' title='bbox 819 5322 876 5357; x_wconf 88' lang='grc' dir='ltr'><strong>τε</strong></span> <span class='ocrx_word' id='word_1_612' title='bbox 896 5307 990 5357; x_wconf 74' lang='grc' dir='ltr'><strong>καὶ</strong></span> <span class='ocrx_word' id='word_1_613' title='bbox 1014 5306 1278 5377; x_wconf 83' lang='grc' dir='ltr'>ὀλεθρίως</span> <span class='ocrx_word' id='word_1_614' title='bbox 1307 5309 1487 5380; x_wconf 82' lang='grc' dir='ltr'>ἐαυτῷ</span> <span class='ocrx_word' id='word_1_615' title='bbox 1518 5313 1612 5362; x_wconf 74' lang='grc' dir='ltr'><strong>καὶ</strong></span> <span class='ocrx_word' id='word_1_616' title='bbox 1643 5315 1753 5374; x_wconf 77' lang='grc' dir='ltr'>τοῖς</span> 
     </span>
    </p>
   </div>
   <div class='ocr_carea' id='block_1_87' title="bbox 156 5394 1757 5474">
    <p class='ocr_par' dir='ltr' id='par_1_87' title="bbox 156 5394 1757 5474">
     <span class='ocr_line' id='line_1_87' title="bbox 156 5394 1757 5474; baseline 0.006 -28"><span class='ocrx_word' id='word_1_617' title='bbox 156 5397 489 5465; x_wconf 73' lang='grc' dir='ltr'>πράγμασι,</span> <span class='ocrx_word' id='word_1_618' title='bbox 528 5394 767 5449; x_wconf 81' lang='grc' dir='ltr'>τοιοῦτον</span> <span class='ocrx_word' id='word_1_619' title='bbox 807 5398 903 5451; x_wconf 76' lang='grc' dir='ltr'><strong>καὶ</strong></span> <span class='ocrx_word' id='word_1_620' title='bbox 935 5398 996 5450; x_wconf 84' lang='grc' dir='ltr'>τὺ</span> <span class='ocrx_word' id='word_1_621' title='bbox 1024 5398 1174 5461; x_wconf 85' lang='grc' dir='ltr'>τέλος</span> <span class='ocrx_word' id='word_1_622' title='bbox 1210 5400 1448 5468; x_wconf 77' lang='grc' dir='ltr'>ἐδέξατο,</span> <span class='ocrx_word' id='word_1_623' title='bbox 1486 5402 1595 5455; x_wconf 89' lang='grc' dir='ltr'><strong>τῶν</strong></span> <span class='ocrx_word' id='word_1_624' title='bbox 1623 5421 1757 5474; x_wconf 79' lang='grc' dir='ltr'>προ-</span> 
     </span>
    </p>
   </div>
   <div class='ocr_carea' id='block_1_88' title="bbox 157 5489 791 5558">
    <p class='ocr_par' dir='ltr' id='par_1_88' title="bbox 157 5489 791 5558">
     <span class='ocr_line' id='line_1_88' title="bbox 157 5489 791 5558; baseline 0.006 -20"><span class='ocrx_word' id='word_1_625' title='bbox 157 5489 525 5558; x_wconf 72' lang='grc' dir='ltr'>ϐεϐιωμένων</span> <span class='ocrx_word' id='word_1_626' title='bbox 548 5489 791 5556; x_wconf 78' lang='grc' dir='ltr'>ἐπάξιον.</span> 
     </span>
    </p>
   </div>
   <div class='ocr_carea' id='block_1_89' title="bbox 1856 3270 3452 3341">
    <p class='ocr_par' dir='ltr' id='par_1_89' title="bbox 1856 3270 3452 3341">
     <span class='ocr_line' id='line_1_89' title="bbox 1856 3270 3452 3341; baseline -0.001 -16"><span class='ocrx_word' id='word_1_627' title='bbox 1856 3272 2023 3325; x_wconf 89' lang='lat' dir='ltr'><strong>etiam</strong></span> <span class='ocrx_word' id='word_1_628' title='bbox 2053 3270 2159 3323; x_wconf 85' lang='lat' dir='ltr'><strong>alia</strong></span> <span class='ocrx_word' id='word_1_629' title='bbox 2192 3270 2393 3324; x_wconf 88' lang='lat' dir='ltr'><strong>virtute</strong></span> <span class='ocrx_word' id='word_1_630' title='bbox 2440 3277 2786 3339; x_wconf 63' lang='lat' dir='ltr'><strong>prmstantes,</strong></span> <span class='ocrx_word' id='word_1_631' title='bbox 2819 3270 2902 3325; x_wconf 90' lang='lat' dir='ltr'><strong>sic</strong></span> <span class='ocrx_word' id='word_1_632' title='bbox 2934 3271 3163 3341; x_wconf 85' lang='lat' dir='ltr'><strong>proclivi</strong></span> <span class='ocrx_word' id='word_1_633' title='bbox 3212 3271 3452 3327; x_wconf 87' lang='lat' dir='ltr'><strong>liberali-</strong></span> 
     </span>
    </p>
   </div>
   <div class='ocr_carea' id='block_1_90' title="bbox 1854 3361 3449 3431">
    <p class='ocr_par' dir='ltr' id='par_1_90' title="bbox 1854 3361 3449 3431">
     <span class='ocr_line' id='line_1_90' title="bbox 1854 3361 3449 3431; baseline 0 -13"><span class='ocrx_word' id='word_1_634' title='bbox 1854 3371 1964 3418; x_wconf 89' lang='lat' dir='ltr'><strong>tate</strong></span> <span class='ocrx_word' id='word_1_635' title='bbox 2009 3361 2445 3426; x_wconf 81' lang='lat' dir='ltr'><strong>eﬂ‘underentur,</strong></span> <span class='ocrx_word' id='word_1_636' title='bbox 2497 3361 2921 3431; x_wconf 72' lang='lat' dir='ltr'><strong>magniﬁcentia:</strong></span> <span class='ocrx_word' id='word_1_637' title='bbox 2980 3372 3035 3417; x_wconf 91' lang='lat' dir='ltr'><strong>et</strong></span> <span class='ocrx_word' id='word_1_638' title='bbox 3103 3362 3449 3419; x_wconf 87' lang='lat' dir='ltr'><strong>liberalitatis</strong></span> 
     </span>
    </p>
   </div>
   <div class='ocr_carea' id='block_1_91' title="bbox 1855 3454 3451 3525">
    <p class='ocr_par' dir='ltr' id='par_1_91' title="bbox 1855 3454 3451 3525">
     <span class='ocr_line' id='line_1_91' title="bbox 1855 3454 3451 3525; baseline 0.001 -16"><span class='ocrx_word' id='word_1_639' title='bbox 1855 3455 2150 3525; x_wconf 81' lang='lat' dir='ltr'><strong>magnique</strong></span> <span class='ocrx_word' id='word_1_640' title='bbox 2179 3468 2244 3508; x_wconf 88' lang='lat' dir='ltr'><strong>ac</strong></span> <span class='ocrx_word' id='word_1_641' title='bbox 2272 3454 2524 3523; x_wconf 85' lang='lat' dir='ltr'><strong>generosi</strong></span> <span class='ocrx_word' id='word_1_642' title='bbox 2564 3455 2734 3508; x_wconf 90' lang='lat' dir='ltr'><strong>animi</strong></span> <span class='ocrx_word' id='word_1_643' title='bbox 2773 3456 2925 3524; x_wconf 88' lang='lat' dir='ltr'><strong>signa</strong></span> <span class='ocrx_word' id='word_1_644' title='bbox 2952 3470 3061 3510; x_wconf 91' lang='lat' dir='ltr'><strong>non</strong></span> <span class='ocrx_word' id='word_1_645' title='bbox 3094 3470 3255 3511; x_wconf 91' lang='lat' dir='ltr'><strong>nemo</strong></span> <span class='ocrx_word' id='word_1_646' title='bbox 3299 3455 3451 3511; x_wconf 85' lang='lat' dir='ltr'><strong>arbi-</strong></span> 
     </span>
    </p>
   </div>
   <div class='ocr_carea' id='block_1_92' title="bbox 1853 3546 3451 3619">
    <p class='ocr_par' dir='ltr' id='par_1_92' title="bbox 1853 3546 3451 3619">
     <span class='ocr_line' id='line_1_92' title="bbox 1853 3546 3451 3619; baseline 0.001 -18"><span class='ocrx_word' id='word_1_647' title='bbox 1853 3558 2130 3604; x_wconf 84' lang='lat' dir='ltr'><strong>traretur:</strong></span> <span class='ocrx_word' id='word_1_648' title='bbox 2182 3547 2328 3617; x_wconf 86' lang='lat' dir='ltr'><strong>quod</strong></span> <span class='ocrx_word' id='word_1_649' title='bbox 2364 3561 2495 3602; x_wconf 87' lang='lat' dir='ltr'><strong>vero</strong></span> <span class='ocrx_word' id='word_1_650' title='bbox 2527 3546 2581 3600; x_wconf 91' lang='lat' dir='ltr'><strong>in</strong></span> <span class='ocrx_word' id='word_1_651' title='bbox 2624 3546 2826 3602; x_wconf 89' lang='lat' dir='ltr'><strong>mimos</strong></span> <span class='ocrx_word' id='word_1_652' title='bbox 2860 3556 2915 3602; x_wconf 91' lang='lat' dir='ltr'><strong>et</strong></span> <span class='ocrx_word' id='word_1_653' title='bbox 2946 3549 3167 3619; x_wconf 87' lang='lat' dir='ltr'><strong>aurigas</strong></span> <span class='ocrx_word' id='word_1_654' title='bbox 3194 3557 3250 3605; x_wconf 89' lang='lat' dir='ltr'><strong>et</strong></span> <span class='ocrx_word' id='word_1_655' title='bbox 3281 3549 3451 3604; x_wconf 84' lang='lat' dir='ltr'><strong>salta-</strong></span> 
     </span>
    </p>
   </div>
   <div class='ocr_carea' id='block_1_93' title="bbox 1856 3638 3451 3698">
    <p class='ocr_par' dir='ltr' id='par_1_93' title="bbox 1856 3638 3451 3698">
     <span class='ocr_line' id='line_1_93' title="bbox 1856 3638 3451 3698; baseline -0.002 0"><span class='ocrx_word' id='word_1_656' title='bbox 1856 3658 2002 3698; x_wconf 91' lang='lat' dir='ltr'><strong>tores</strong></span> <span class='ocrx_word' id='word_1_657' title='bbox 2048 3650 2102 3695; x_wconf 87' lang='lat' dir='ltr'><strong>et</strong></span> <span class='ocrx_word' id='word_1_658' title='bbox 2156 3656 2377 3697; x_wconf 83' lang='lat' dir='ltr'><strong>scurras</strong></span> <span class='ocrx_word' id='word_1_659' title='bbox 2406 3650 2461 3695; x_wconf 89' lang='lat' dir='ltr'><strong>et</strong></span> <span class='ocrx_word' id='word_1_660' title='bbox 2513 3638 2826 3693; x_wconf 89' lang='lat' dir='ltr'><strong>adulatores</strong></span> <span class='ocrx_word' id='word_1_661' title='bbox 2855 3652 2911 3694; x_wconf 91' lang='lat' dir='ltr'><strong>et</strong></span> <span class='ocrx_word' id='word_1_662' title='bbox 2938 3641 3357 3697; x_wconf 86' lang='lat' dir='ltr'><strong>sordidissimos</strong></span> <span class='ocrx_word' id='word_1_663' title='bbox 3385 3657 3451 3697; x_wconf 89' lang='lat' dir='ltr'><strong>ac</strong></span> 
     </span>
    </p>
   </div>
   <div class='ocr_carea' id='block_1_94' title="bbox 1856 3731 3450 3805">
    <p class='ocr_par' dir='ltr' id='par_1_94' title="bbox 1856 3731 3450 3805">
     <span class='ocr_line' id='line_1_94' title="bbox 1856 3731 3450 3805; baseline 0.001 -21"><span class='ocrx_word' id='word_1_664' title='bbox 1856 3734 2336 3805; x_wconf 83' lang='lat' dir='ltr'><strong>inquinatissimos</strong></span> <span class='ocrx_word' id='word_1_665' title='bbox 2387 3744 2638 3801; x_wconf 83' lang='lat' dir='ltr'><strong>quosque</strong></span> <span class='ocrx_word' id='word_1_666' title='bbox 2686 3731 2968 3787; x_wconf 90' lang='lat' dir='ltr'><strong>dementer</strong></span> <span class='ocrx_word' id='word_1_667' title='bbox 3015 3732 3450 3803; x_wconf 79' lang='lat' dir='ltr'><strong>dissipabantur,</strong></span> 
     </span>
    </p>
   </div>
   <div class='ocr_carea' id='block_1_95' title="bbox 1858 3824 3447 3896">
    <p class='ocr_par' dir='ltr' id='par_1_95' title="bbox 1858 3824 3447 3896">
     <span class='ocr_line' id='line_1_95' title="bbox 1858 3824 3447 3896; baseline -0.001 -14"><span class='ocrx_word' id='word_1_668' title='bbox 1858 3828 2071 3883; x_wconf 83' lang='lat' dir='ltr'><strong>honesti</strong></span> <span class='ocrx_word' id='word_1_669' title='bbox 2106 3842 2235 3881; x_wconf 86' lang='lat' dir='ltr'><strong>vero</strong></span> <span class='ocrx_word' id='word_1_670' title='bbox 2270 3842 2335 3881; x_wconf 82' lang='lat' dir='ltr'><strong>ac</strong></span> <span class='ocrx_word' id='word_1_671' title='bbox 2364 3826 2584 3881; x_wconf 88' lang='lat' dir='ltr'><strong>virtutis</strong></span> <span class='ocrx_word' id='word_1_672' title='bbox 2616 3824 2841 3895; x_wconf 71' lang='lat' dir='ltr'><strong>praemio</strong></span> <span class='ocrx_word' id='word_1_673' title='bbox 2876 3840 2946 3880; x_wconf 90' lang='lat' dir='ltr'><strong>ne</strong></span> <span class='ocrx_word' id='word_1_674' title='bbox 2981 3824 3176 3881; x_wconf 89' lang='lat' dir='ltr'><strong>obolus</strong></span> <span class='ocrx_word' id='word_1_675' title='bbox 3220 3824 3447 3896; x_wconf 87' lang='lat' dir='ltr'><strong>quidem</strong></span> 
     </span>
    </p>
   </div>
   <div class='ocr_carea' id='block_1_96' title="bbox 1858 3920 3453 3992">
    <p class='ocr_par' dir='ltr' id='par_1_96' title="bbox 1858 3920 3453 3992">
     <span class='ocr_line' id='line_1_96' title="bbox 1858 3920 3453 3992; baseline -0.002 -15"><span class='ocrx_word' id='word_1_676' title='bbox 1858 3923 2300 3987; x_wconf 85' lang='lat' dir='ltr'><strong>ministrabatur,</strong></span> <span class='ocrx_word' id='word_1_677' title='bbox 2346 3921 2705 3992; x_wconf 66' lang='lat' dir='ltr'><strong>prodigentia</strong></span> <span class='ocrx_word' id='word_1_678' title='bbox 2725 3920 2953 3975; x_wconf 91' lang='lat' dir='ltr'><strong>omnino</strong></span> <span class='ocrx_word' id='word_1_679' title='bbox 2994 3929 3048 3974; x_wconf 89' lang='lat' dir='ltr'><strong>et</strong></span> <span class='ocrx_word' id='word_1_680' title='bbox 3083 3920 3372 3975; x_wconf 67' lang='lat' dir='ltr'><strong>dementia:</strong></span> <span class='ocrx_word' id='word_1_681' title='bbox 3397 3929 3453 3976; x_wconf 90' lang='lat' dir='ltr'><strong>et</strong></span> 
     </span>
    </p>
   </div>
   <div class='ocr_carea' id='block_1_97' title="bbox 1857 4009 3454 4083">
    <p class='ocr_par' dir='ltr' id='par_1_97' title="bbox 1857 4009 3454 4083">
     <span class='ocr_line' id='line_1_97' title="bbox 1857 4009 3454 4083; baseline -0.004 -13"><span class='ocrx_word' id='word_1_682' title='bbox 1857 4014 2194 4083; x_wconf 88' lang='lat' dir='ltr'><strong>stupiditatis</strong></span> <span class='ocrx_word' id='word_1_683' title='bbox 2239 4022 2391 4069; x_wconf 88' lang='lat' dir='ltr'><strong>certa</strong></span> <span class='ocrx_word' id='word_1_684' title='bbox 2439 4012 2640 4068; x_wconf 88' lang='lat' dir='ltr'><strong>indicia</strong></span> <span class='ocrx_word' id='word_1_685' title='bbox 2700 4026 2826 4067; x_wconf 89' lang='lat' dir='ltr'><strong>esse</strong></span> <span class='ocrx_word' id='word_1_686' title='bbox 2882 4010 3179 4066; x_wconf 77' lang='lat' dir='ltr'><strong>existimet.</strong></span> <span class='ocrx_word' id='word_1_687' title='bbox 3239 4009 3454 4076; x_wconf 81' lang='lat' dir='ltr'><strong>Quibus</strong></span> 
     </span>
    </p>
   </div>
   <div class='ocr_carea' id='block_1_98' title="bbox 1853 4103 3453 4177">
    <p class='ocr_par' dir='ltr' id='par_1_98' title="bbox 1853 4103 3453 4177">
     <span class='ocr_line' id='line_1_98' title="bbox 1853 4103 3453 4177; baseline -0.003 -15"><span class='ocrx_word' id='word_1_688' title='bbox 1853 4110 1965 4177; x_wconf 88' lang='lat' dir='ltr'><strong>jam</strong></span> <span class='ocrx_word' id='word_1_689' title='bbox 2002 4107 2382 4161; x_wconf 82' lang='lat' dir='ltr'><strong>deﬁcientibus</strong></span> <span class='ocrx_word' id='word_1_690' title='bbox 2413 4120 2636 4160; x_wconf 87' lang='lat' dir='ltr'><strong>necesse</strong></span> <span class='ocrx_word' id='word_1_691' title='bbox 2665 4114 2805 4170; x_wconf 86' lang='lat' dir='ltr'><strong>erat,</strong></span> <span class='ocrx_word' id='word_1_692' title='bbox 2840 4104 2920 4157; x_wconf 92' lang='lat' dir='ltr'><strong>uti</strong></span> <span class='ocrx_word' id='word_1_693' title='bbox 2942 4103 3218 4167; x_wconf 88' lang='lat' dir='ltr'><strong>dicebam,</strong></span> <span class='ocrx_word' id='word_1_694' title='bbox 3251 4103 3453 4173; x_wconf 90' lang='lat' dir='ltr'><strong>templa</strong></span> 
     </span>
    </p>
   </div>
   <div class='ocr_carea' id='block_1_99' title="bbox 1859 4197 3455 4271">
    <p class='ocr_par' dir='ltr' id='par_1_99' title="bbox 1859 4197 3455 4271">
     <span class='ocr_line' id='line_1_99' title="bbox 1859 4197 3455 4271; baseline -0.004 -15"><span class='ocrx_word' id='word_1_695' title='bbox 1859 4200 2106 4271; x_wconf 85' lang='lat' dir='ltr'><strong>spoliari,</strong></span> <span class='ocrx_word' id='word_1_696' title='bbox 2144 4199 2431 4268; x_wconf 86' lang='lat' dir='ltr'><strong>religiosas</strong></span> <span class='ocrx_word' id='word_1_697' title='bbox 2454 4213 2750 4266; x_wconf 86' lang='lat' dir='ltr'><strong>sacrasque</strong></span> <span class='ocrx_word' id='word_1_698' title='bbox 2771 4198 2966 4251; x_wconf 85' lang='lat' dir='ltr'><strong>domos</strong></span> <span class='ocrx_word' id='word_1_699' title='bbox 2995 4197 3175 4265; x_wconf 62' lang='lat' dir='ltr'><strong>prada</strong></span> <span class='ocrx_word' id='word_1_700' title='bbox 3200 4198 3455 4251; x_wconf 86' lang='lat' dir='ltr'><strong>temerari</strong></span> 
     </span>
    </p>
   </div>
   <div class='ocr_carea' id='block_1_100' title="bbox 1859 4287 3456 4359">
    <p class='ocr_par' dir='ltr' id='par_1_100' title="bbox 1859 4287 3456 4359">
     <span class='ocr_line' id='line_1_100' title="bbox 1859 4287 3456 4359; baseline -0.004 -11"><span class='ocrx_word' id='word_1_701' title='bbox 1859 4308 1925 4347; x_wconf 87' lang='lat' dir='ltr'><strong>ac</strong></span> <span class='ocrx_word' id='word_1_702' title='bbox 1978 4290 2192 4359; x_wconf 86' lang='lat' dir='ltr'><strong>rapina,</strong></span> <span class='ocrx_word' id='word_1_703' title='bbox 2250 4304 2561 4357; x_wconf 86' lang='lat' dir='ltr'><strong>omnesque</strong></span> <span class='ocrx_word' id='word_1_704' title='bbox 2605 4289 2767 4357; x_wconf 88' lang='lat' dir='ltr'><strong>paulo</strong></span> <span class='ocrx_word' id='word_1_705' title='bbox 2801 4288 3031 4357; x_wconf 85' lang='lat' dir='ltr'><strong>reliquis</strong></span> <span class='ocrx_word' id='word_1_706' title='bbox 3065 4287 3456 4357; x_wconf 88' lang='lat' dir='ltr'><strong>locupletiores</strong></span> 
     </span>
    </p>
   </div>
   <div class='ocr_carea' id='block_1_101' title="bbox 1859 4379 3457 4451">
    <p class='ocr_par' dir='ltr' id='par_1_101' title="bbox 1859 4379 3457 4451">
     <span class='ocr_line' id='line_1_101' title="bbox 1859 4379 3457 4451; baseline -0.004 -12"><span class='ocrx_word' id='word_1_707' title='bbox 1859 4384 2090 4451; x_wconf 91' lang='lat' dir='ltr'><strong>direptis</strong></span> <span class='ocrx_word' id='word_1_708' title='bbox 2135 4380 2487 4435; x_wconf 83' lang='lat' dir='ltr'><strong>facultatibus</strong></span> <span class='ocrx_word' id='word_1_709' title='bbox 2528 4381 2756 4435; x_wconf 87' lang='lat' dir='ltr'><strong>mactari</strong></span> <span class='ocrx_word' id='word_1_710' title='bbox 2803 4387 2858 4435; x_wconf 94' lang='lat' dir='ltr'><strong>et</strong></span> <span class='ocrx_word' id='word_1_711' title='bbox 2897 4379 3159 4449; x_wconf 85' lang='lat' dir='ltr'><strong>jugulari.</strong></span> <span class='ocrx_word' id='word_1_712' title='bbox 3202 4379 3457 4447; x_wconf 83' lang='lat' dir='ltr'><strong>Quapro-</strong></span> 
     </span>
    </p>
   </div>
   <div class='ocr_carea' id='block_1_102' title="bbox 1859 4471 3456 4546">
    <p class='ocr_par' dir='ltr' id='par_1_102' title="bbox 1859 4471 3456 4546">
     <span class='ocr_line' id='line_1_102' title="bbox 1859 4471 3456 4546; baseline -0.003 -16"><span class='ocrx_word' id='word_1_713' title='bbox 1859 4486 1982 4546; x_wconf 88' lang='lat' dir='ltr'><strong>pter</strong></span> <span class='ocrx_word' id='word_1_714' title='bbox 2013 4474 2391 4544; x_wconf 88' lang='lat' dir='ltr'><strong>probatissimi</strong></span> <span class='ocrx_word' id='word_1_715' title='bbox 2426 4475 2692 4528; x_wconf 89' lang='lat' dir='ltr'><strong>nobilium</strong></span> <span class='ocrx_word' id='word_1_716' title='bbox 2726 4488 2868 4541; x_wconf 89' lang='lat' dir='ltr'><strong>eque</strong></span> <span class='ocrx_word' id='word_1_717' title='bbox 2899 4482 3093 4527; x_wconf 89' lang='lat' dir='ltr'><strong>senatu</strong></span> <span class='ocrx_word' id='word_1_718' title='bbox 3143 4471 3456 4542; x_wconf 88' lang='lat' dir='ltr'><strong>prudentis-</strong></span> 
     </span>
    </p>
   </div>
   <div class='ocr_carea' id='block_1_103' title="bbox 1862 4565 3458 4635">
    <p class='ocr_par' dir='ltr' id='par_1_103' title="bbox 1862 4565 3458 4635">
     <span class='ocr_line' id='line_1_103' title="bbox 1862 4565 3458 4635; baseline -0.001 -14"><span class='ocrx_word' id='word_1_719' title='bbox 1862 4569 2010 4632; x_wconf 90' lang='lat' dir='ltr'><strong>simi,</strong></span> <span class='ocrx_word' id='word_1_720' title='bbox 2057 4583 2163 4621; x_wconf 90' lang='lat' dir='ltr'><strong>una</strong></span> <span class='ocrx_word' id='word_1_721' title='bbox 2200 4565 2608 4635; x_wconf 85' lang='lat' dir='ltr'><strong>conspiratione</strong></span> <span class='ocrx_word' id='word_1_722' title='bbox 2660 4582 2755 4635; x_wconf 88' lang='lat' dir='ltr'><strong>per</strong></span> <span class='ocrx_word' id='word_1_723' title='bbox 2787 4566 2989 4620; x_wconf 84' lang='lat' dir='ltr'><strong>milites</strong></span> <span class='ocrx_word' id='word_1_724' title='bbox 3022 4580 3119 4634; x_wconf 86' lang='lat' dir='ltr'><strong>pro</strong></span> <span class='ocrx_word' id='word_1_725' title='bbox 3168 4579 3329 4620; x_wconf 89' lang='lat' dir='ltr'><strong>sacro</strong></span> <span class='ocrx_word' id='word_1_726' title='bbox 3359 4580 3458 4620; x_wconf 89' lang='lat' dir='ltr'><strong>cu-</strong></span> 
     </span>
    </p>
   </div>
   <div class='ocr_carea' id='block_1_104' title="bbox 1862 4656 3457 4727">
    <p class='ocr_par' dir='ltr' id='par_1_104' title="bbox 1862 4656 3457 4727">
     <span class='ocr_line' id='line_1_104' title="bbox 1862 4656 3457 4727; baseline -0.002 -13"><span class='ocrx_word' id='word_1_727' title='bbox 1862 4660 2045 4715; x_wconf 85' lang='lat' dir='ltr'><strong>biculo</strong></span> <span class='ocrx_word' id='word_1_728' title='bbox 2075 4659 2411 4715; x_wconf 83' lang='lat' dir='ltr'><strong>excubantes</strong></span> <span class='ocrx_word' id='word_1_729' title='bbox 2444 4658 2498 4712; x_wconf 91' lang='lat' dir='ltr'><strong>in</strong></span> <span class='ocrx_word' id='word_1_730' title='bbox 2533 4658 2735 4725; x_wconf 90' lang='lat' dir='ltr'><strong>palatio</strong></span> <span class='ocrx_word' id='word_1_731' title='bbox 2760 4657 2819 4711; x_wconf 86' lang='lat' dir='ltr'><strong>S.</strong></span> <span class='ocrx_word' id='word_1_732' title='bbox 2856 4656 3144 4711; x_wconf 76' lang='lat' dir='ltr'><strong>Mamantis</strong></span> <span class='ocrx_word' id='word_1_733' title='bbox 3176 4656 3457 4727; x_wconf 85' lang='lat' dir='ltr'><strong>martyris.</strong></span> 
     </span>
    </p>
   </div>
   <div class='ocr_carea' id='block_1_105' title="bbox 1862 4748 3460 4812">
    <p class='ocr_par' dir='ltr' id='par_1_105' title="bbox 1862 4748 3460 4812">
     <span class='ocr_line' id='line_1_105' title="bbox 1862 4748 3460 4812; baseline -0.004 -5"><span class='ocrx_word' id='word_1_734' title='bbox 1862 4766 1987 4807; x_wconf 90' lang='lat' dir='ltr'><strong>eum</strong></span> <span class='ocrx_word' id='word_1_735' title='bbox 2025 4751 2369 4812; x_wconf 88' lang='lat' dir='ltr'><strong>interimunt,</strong></span> <span class='ocrx_word' id='word_1_736' title='bbox 2397 4751 2478 4805; x_wconf 85' lang='lat' dir='ltr'><strong>sic</strong></span> <span class='ocrx_word' id='word_1_737' title='bbox 2507 4750 2767 4802; x_wconf 86' lang='lat' dir='ltr'><strong>nimirum</strong></span> <span class='ocrx_word' id='word_1_738' title='bbox 2793 4756 2853 4802; x_wconf 93' lang='lat' dir='ltr'><strong>ut</strong></span> <span class='ocrx_word' id='word_1_739' title='bbox 2882 4748 3176 4802; x_wconf 88' lang='lat' dir='ltr'><strong>immodica</strong></span> <span class='ocrx_word' id='word_1_740' title='bbox 3208 4748 3460 4802; x_wconf 88' lang='lat' dir='ltr'><strong>vinolen-</strong></span> 
     </span>
    </p>
   </div>
   <div class='ocr_carea' id='block_1_106' title="bbox 1864 4844 3457 4914">
    <p class='ocr_par' dir='ltr' id='par_1_106' title="bbox 1864 4844 3457 4914">
     <span class='ocr_line' id='line_1_106' title="bbox 1864 4844 3457 4914; baseline -0.006 -13"><span class='ocrx_word' id='word_1_741' title='bbox 1864 4848 1934 4901; x_wconf 92' lang='lat' dir='ltr'><strong>tia</strong></span> <span class='ocrx_word' id='word_1_742' title='bbox 1994 4846 2313 4914; x_wconf 84' lang='lat' dir='ltr'><strong>con50pitus</strong></span> <span class='ocrx_word' id='word_1_743' title='bbox 2370 4844 2579 4914; x_wconf 83' lang='lat' dir='ltr'><strong>absque</strong></span> <span class='ocrx_word' id='word_1_744' title='bbox 2629 4844 2739 4897; x_wconf 92' lang='lat' dir='ltr'><strong>ullo</strong></span> <span class='ocrx_word' id='word_1_745' title='bbox 2795 4857 2961 4898; x_wconf 89' lang='lat' dir='ltr'><strong>sensu</strong></span> <span class='ocrx_word' id='word_1_746' title='bbox 3026 4856 3283 4898; x_wconf 88' lang='lat' dir='ltr'><strong>somnum</strong></span> <span class='ocrx_word' id='word_1_747' title='bbox 3333 4856 3457 4895; x_wconf 90' lang='lat' dir='ltr'><strong>cum</strong></span> 
     </span>
    </p>
   </div>
   <div class='ocr_carea' id='block_1_107' title="bbox 1864 4934 3462 5006">
    <p class='ocr_par' dir='ltr' id='par_1_107' title="bbox 1864 4934 3462 5006">
     <span class='ocr_line' id='line_1_107' title="bbox 1864 4934 3462 5006; baseline -0.005 -12"><span class='ocrx_word' id='word_1_748' title='bbox 1864 4948 2040 4995; x_wconf 88' lang='lat' dir='ltr'><strong>morte</strong></span> <span class='ocrx_word' id='word_1_749' title='bbox 2090 4938 2463 5006; x_wconf 72' lang='lat' dir='ltr'><strong>coniunxerit.</strong></span> <span class='ocrx_word' id='word_1_750' title='bbox 2518 4935 2989 5002; x_wconf 84' lang='lat' dir='ltr'><strong>Quemadmodum</strong></span> <span class='ocrx_word' id='word_1_751' title='bbox 3024 4936 3171 4990; x_wconf 89' lang='lat' dir='ltr'><strong>enim</strong></span> <span class='ocrx_word' id='word_1_752' title='bbox 3213 4934 3462 5003; x_wconf 88' lang='lat' dir='ltr'><strong>scorpios</strong></span> 
     </span>
    </p>
   </div>
   <div class='ocr_carea' id='block_1_108' title="bbox 1863 5025 3463 5101">
    <p class='ocr_par' dir='ltr' id='par_1_108' title="bbox 1863 5025 3463 5101">
     <span class='ocr_line' id='line_1_108' title="bbox 1863 5025 3463 5101; baseline -0.007 -13"><span class='ocrx_word' id='word_1_753' title='bbox 1863 5042 1916 5088; x_wconf 89' lang='lat' dir='ltr'><strong>et</strong></span> <span class='ocrx_word' id='word_1_754' title='bbox 1950 5034 2168 5101; x_wconf 82' lang='lat' dir='ltr'><strong>viperas</strong></span> <span class='ocrx_word' id='word_1_755' title='bbox 2201 5033 2369 5085; x_wconf 82' lang='lat' dir='ltr'><strong>semel</strong></span> <span class='ocrx_word' id='word_1_756' title='bbox 2407 5029 2589 5083; x_wconf 91' lang='lat' dir='ltr'><strong>intuiti</strong></span> <span class='ocrx_word' id='word_1_757' title='bbox 2626 5028 2878 5083; x_wconf 73' lang='lat' dir='ltr'><strong>homines</strong></span> <span class='ocrx_word' id='word_1_758' title='bbox 2927 5027 2999 5082; x_wconf 88' lang='lat' dir='ltr'><strong>ob</strong></span> <span class='ocrx_word' id='word_1_759' title='bbox 3048 5028 3300 5082; x_wconf 89' lang='lat' dir='ltr'><strong>innatum</strong></span> <span class='ocrx_word' id='word_1_760' title='bbox 3355 5025 3463 5080; x_wconf 88' lang='lat' dir='ltr'><strong>illis</strong></span> 
     </span>
    </p>
   </div>
   <div class='ocr_carea' id='block_1_109' title="bbox 1864 5117 3460 5192">
    <p class='ocr_par' dir='ltr' id='par_1_109' title="bbox 1864 5117 3460 5192">
     <span class='ocr_line' id='line_1_109' title="bbox 1864 5117 3460 5192; baseline -0.004 -16"><span class='ocrx_word' id='word_1_761' title='bbox 1864 5127 2038 5185; x_wconf 83' lang='lat' dir='ltr'><strong>virus,</strong></span> <span class='ocrx_word' id='word_1_762' title='bbox 2098 5135 2391 5192; x_wconf 89' lang='lat' dir='ltr'><strong>antequam</strong></span> <span class='ocrx_word' id='word_1_763' title='bbox 2460 5121 2622 5175; x_wconf 90' lang='lat' dir='ltr'><strong>etiam</strong></span> <span class='ocrx_word' id='word_1_764' title='bbox 2682 5120 2886 5174; x_wconf 79' lang='lat' dir='ltr'><strong>vulnus</strong></span> <span class='ocrx_word' id='word_1_765' title='bbox 2945 5118 3215 5189; x_wconf 81' lang='lat' dir='ltr'><strong>inﬂigant.</strong></span> <span class='ocrx_word' id='word_1_766' title='bbox 3276 5117 3460 5171; x_wconf 87' lang='lat' dir='ltr'><strong>statim</strong></span> 
     </span>
    </p>
   </div>
   <div class='ocr_carea' id='block_1_110' title="bbox 1866 5204 3513 5279">
    <p class='ocr_par' dir='ltr' id='par_1_110' title="bbox 1866 5204 3513 5279">
     <span class='ocr_line' id='line_1_110' title="bbox 1866 5204 3513 5279; baseline -0.007 -10"><span class='ocrx_word' id='word_1_767' title='bbox 1866 5224 2081 5277; x_wconf 86' lang='lat' dir='ltr'><strong>necant,</strong></span> <span class='ocrx_word' id='word_1_768' title='bbox 2140 5214 2221 5267; x_wconf 88' lang='lat' dir='ltr'><strong>sic</strong></span> <span class='ocrx_word' id='word_1_769' title='bbox 2251 5224 2307 5267; x_wconf 88' lang='lat' dir='ltr'><strong>et</strong></span> <span class='ocrx_word' id='word_1_770' title='bbox 2352 5225 2661 5267; x_wconf 87' lang='lat' dir='ltr'><strong>venenosos</strong></span> <span class='ocrx_word' id='word_1_771' title='bbox 2695 5218 3075 5279; x_wconf 89' lang='lat' dir='ltr'><strong>cruentosque</strong></span> <span class='ocrx_word' id='word_1_772' title='bbox 3102 5209 3270 5273; x_wconf 88' lang='lat' dir='ltr'><strong>viros,</strong></span> <span class='ocrx_word' id='word_1_773' title='bbox 3308 5216 3467 5262; x_wconf 89' lang='lat' dir='ltr'><strong>antc-</strong></span> <span class='ocrx_word' id='word_1_774' title='bbox 3512 5204 3513 5207; x_wconf 62' lang='grc'><em>“</em></span> 
     </span>
    </p>
   </div>
   <div class='ocr_carea' id='block_1_111' title="bbox 1866 5299 3463 5377">
    <p class='ocr_par' dir='ltr' id='par_1_111' title="bbox 1866 5299 3463 5377">
     <span class='ocr_line' id='line_1_111' title="bbox 1866 5299 3463 5377; baseline -0.006 -17"><span class='ocrx_word' id='word_1_775' title='bbox 1866 5322 2029 5377; x_wconf 86' lang='lat' dir='ltr'><strong>quam</strong></span> <span class='ocrx_word' id='word_1_776' title='bbox 2067 5306 2357 5359; x_wconf 88' lang='lat' dir='ltr'><strong>vulnerent</strong></span> <span class='ocrx_word' id='word_1_777' title='bbox 2390 5303 2551 5373; x_wconf 72' lang='lat'><strong>255</strong></span> <span class='ocrx_word' id='word_1_778' title='bbox 2581 5317 2646 5358; x_wconf 88' lang='lat' dir='ltr'><strong>ac</strong></span> <span class='ocrx_word' id='word_1_779' title='bbox 2691 5300 3045 5366; x_wconf 79' lang='lat' dir='ltr'><strong>interficiant,</strong></span> <span class='ocrx_word' id='word_1_780' title='bbox 3099 5299 3323 5353; x_wconf 80' lang='lat' dir='ltr'><strong>student</strong></span> <span class='ocrx_word' id='word_1_781' title='bbox 3354 5299 3463 5352; x_wconf 87' lang='lat' dir='ltr'><strong>tol-</strong></span> 
     </span>
    </p>
   </div>
   <div class='ocr_carea' id='block_1_112' title="bbox 1874 5393 3469 5469">
    <p class='ocr_par' dir='ltr' id='par_1_112' title="bbox 1874 5393 3469 5469">
     <span class='ocr_line' id='line_1_112' title="bbox 1874 5393 3469 5469; baseline -0.007 -13"><span class='ocrx_word' id='word_1_782' title='bbox 1874 5403 1984 5456; x_wconf 85' lang='lat' dir='ltr'><strong>lcrc</strong></span> <span class='ocrx_word' id='word_1_783' title='bbox 2027 5399 2120 5469; x_wconf 88' lang='lat' dir='ltr'><strong>qui</strong></span> <span class='ocrx_word' id='word_1_784' title='bbox 2153 5399 2222 5452; x_wconf 88' lang='lat' dir='ltr'><strong>ab</strong></span> <span class='ocrx_word' id='word_1_785' title='bbox 2269 5398 2351 5452; x_wconf 86' lang='lat' dir='ltr'><strong>eis</strong></span> <span class='ocrx_word' id='word_1_786' title='bbox 2403 5398 2701 5451; x_wconf 90' lang='lat' dir='ltr'><strong>creandum</strong></span> <span class='ocrx_word' id='word_1_787' title='bbox 2758 5395 2861 5449; x_wconf 88' lang='lat' dir='ltr'><strong>sibi</strong></span> <span class='ocrx_word' id='word_1_788' title='bbox 2909 5393 3211 5462; x_wconf 84' lang='lat' dir='ltr'><strong>periculum</strong></span> <span class='ocrx_word' id='word_1_789' title='bbox 3273 5406 3469 5460; x_wconf 84' lang='lat' dir='ltr'><strong>exspe-</strong></span> 
     </span>
    </p>
   </div>
   <div class='ocr_carea' id='block_1_113' title="bbox 1884 5482 3469 5559">
    <p class='ocr_par' dir='ltr' id='par_1_113' title="bbox 1884 5482 3469 5559">
     <span class='ocr_line' id='line_1_113' title="bbox 1884 5482 3469 5559; baseline -0.005 -12"><span class='ocrx_word' id='word_1_790' title='bbox 1884 5502 2055 5548; x_wconf 75' lang='lat' dir='ltr'><strong>ctant.</strong></span> <span class='ocrx_word' id='word_1_791' title='bbox 2109 5490 2201 5546; x_wconf 89' lang='lat' dir='ltr'><strong>Sic</strong></span> <span class='ocrx_word' id='word_1_792' title='bbox 2254 5491 2364 5555; x_wconf 89' lang='lat' dir='ltr'><strong>ille,</strong></span> <span class='ocrx_word' id='word_1_793' title='bbox 2417 5488 2651 5559; x_wconf 89' lang='lat' dir='ltr'><strong>turpiter</strong></span> <span class='ocrx_word' id='word_1_794' title='bbox 2706 5502 2772 5541; x_wconf 89' lang='lat' dir='ltr'><strong>ac</strong></span> <span class='ocrx_word' id='word_1_795' title='bbox 2816 5485 3049 5541; x_wconf 72' lang='lat' dir='ltr'><strong>exitiose</strong></span> <span class='ocrx_word' id='word_1_796' title='bbox 3099 5484 3202 5539; x_wconf 91' lang='lat' dir='ltr'><strong>sibi</strong></span> <span class='ocrx_word' id='word_1_797' title='bbox 3262 5482 3469 5553; x_wconf 89' lang='lat' dir='ltr'><strong>pariter</strong></span> 
     </span>
    </p>
   </div>
   <div class='ocr_carea' id='block_1_114' title="bbox 161 5580 2978 5657">
    <p class='ocr_par' dir='ltr' id='par_1_114' title="bbox 161 5580 2978 5657">
     <span class='ocr_line' id='line_1_114' title="bbox 161 5580 2978 5657; baseline -0.003 -21"><span class='ocrx_word' id='word_1_798' title='bbox 161 5584 443 5654; x_wconf 81' lang='lat' dir='ltr'><strong>rebusque</strong></span> <span class='ocrx_word' id='word_1_799' title='bbox 506 5583 713 5647; x_wconf 81' lang='lat' dir='ltr'><strong>vivens,</strong></span> <span class='ocrx_word' id='word_1_800' title='bbox 768 5584 925 5639; x_wconf 85' lang='lat' dir='ltr'><strong>talem</strong></span> <span class='ocrx_word' id='word_1_801' title='bbox 979 5594 1032 5640; x_wconf 90' lang='lat' dir='ltr'><strong>et</strong></span> <span class='ocrx_word' id='word_1_802' title='bbox 1070 5585 1229 5640; x_wconf 84' lang='lat' dir='ltr'><strong>finem</strong></span> <span class='ocrx_word' id='word_1_803' title='bbox 1289 5596 1483 5642; x_wconf 90' lang='lat' dir='ltr'><strong>nactus</strong></span> <span class='ocrx_word' id='word_1_804' title='bbox 1540 5597 1646 5649; x_wconf 88' lang='lat' dir='ltr'><strong>cst.</strong></span> <span class='ocrx_word' id='word_1_805' title='bbox 1676 5588 1766 5657; x_wconf 66' lang='lat' dir='ltr'><strong>liis</strong></span> <span class='ocrx_word' id='word_1_806' title='bbox 1804 5588 2138 5651; x_wconf 62' lang='lat' dir='ltr'><strong>eundignum</strong></span> <span class='ocrx_word' id='word_1_807' title='bbox 2181 5597 2303 5653; x_wconf 70' lang='lat' dir='ltr'><strong>qnze</strong></span> <span class='ocrx_word' id='word_1_808' title='bbox 2350 5595 2445 5650; x_wconf 90' lang='lat' dir='ltr'><strong>per</strong></span> <span class='ocrx_word' id='word_1_809' title='bbox 2492 5580 2659 5633; x_wconf 89' lang='lat' dir='ltr'><strong>vitam</strong></span> <span class='ocrx_word' id='word_1_810' title='bbox 2709 5586 2978 5648; x_wconf 88' lang='lat' dir='ltr'><strong>gesserat.</strong></span> 
     </span>
    </p>
   </div>
   <div class='ocr_carea' id='block_1_115' title="bbox 1521 5678 2221 5737">
    <p class='ocr_par' dir='ltr' id='par_1_115' title="bbox 1521 5678 2221 5737">
     <span class='ocr_line' id='line_1_115' title="bbox 1521 5678 2221 5737; baseline -0.003 -3"><span class='ocrx_word' id='word_1_811' title='bbox 1521 5680 1761 5737; x_wconf 71' lang='lat' dir='ltr'><strong>VAHUE</strong></span> <span class='ocrx_word' id='word_1_812' title='bbox 1812 5678 2221 5735; x_wconf 72' lang='lat' dir='ltr'><strong>LECTIONES.</strong></span> 
     </span>
    </p>
   </div>
   <div class='ocr_carea' id='block_1_116' title="bbox 232 5767 1108 5841">
    <p class='ocr_par' dir='ltr' id='par_1_116' title="bbox 232 5767 1108 5841">
     <span class='ocr_line' id='line_1_116' title="bbox 232 5767 1108 5841; baseline 0.006 -20"><span class='ocrx_word' id='word_1_813' title='bbox 232 5770 279 5841; x_wconf 53' lang='lat' dir='ltr'><strong>f3</strong></span> <span class='ocrx_word' id='word_1_814' title='bbox 307 5770 424 5821; x_wconf 82' lang='grc' dir='ltr'><strong>τῶν</strong></span> <span class='ocrx_word' id='word_1_815' title='bbox 477 5784 590 5821; x_wconf 84' lang='grc' dir='ltr'>οιη.</span> <span class='ocrx_word' id='word_1_816' title='bbox 624 5767 685 5821; x_wconf 85' lang='grc' dir='ltr'><strong>Ρ.</strong></span> <span class='ocrx_word' id='word_1_817' title='bbox 764 5770 809 5802; x_wconf 67' lang='grc'>³⁸</span> <span class='ocrx_word' id='word_1_818' title='bbox 846 5771 1004 5841; x_wconf 75' lang='grc' dir='ltr'>μόνον</span> <span class='ocrx_word' id='word_1_819' title='bbox 1044 5775 1108 5826; x_wconf 73' lang='grc' dir='ltr'><strong>Δ.</strong></span> 
     </span>
    </p>
   </div>
   <div class='ocr_carea' id='block_1_117' title="bbox 1188 5773 1757 5842">
    <p class='ocr_par' dir='ltr' id='par_1_117' title="bbox 1188 5773 1757 5842">
     <span class='ocr_line' id='line_1_117' title="bbox 1188 5773 1757 5842; baseline 0.007 -18"><span class='ocrx_word' id='word_1_820' title='bbox 1188 5773 1229 5803; x_wconf 80' lang='grc'><strong>³⁵</strong></span> <span class='ocrx_word' id='word_1_821' title='bbox 1260 5774 1654 5842; x_wconf 69' lang='grc' dir='ltr'>άποσεισθῆναι</span> <span class='ocrx_word' id='word_1_822' title='bbox 1692 5780 1757 5828; x_wconf 79' lang='grc' dir='ltr'><strong>Α.</strong></span> 
     </span>
    </p>
   </div>
   <div class='ocr_carea' id='block_1_118' title="bbox 162 5839 795 5911">
    <p class='ocr_par' dir='ltr' id='par_1_118' title="bbox 162 5839 795 5911">
     <span class='ocr_line' id='line_1_118' title="bbox 162 5839 795 5911; baseline 0.009 -21"><span class='ocrx_word' id='word_1_823' title='bbox 162 5839 309 5904; x_wconf 83' lang='grc' dir='ltr'>νοίας</span> <span class='ocrx_word' id='word_1_824' title='bbox 340 5843 406 5895; x_wconf 80' lang='grc' dir='ltr'><strong>Α.</strong></span> <span class='ocrx_word' id='word_1_825' title='bbox 484 5842 528 5873; x_wconf 79' lang='grc'><strong><em>³⁸</em></strong></span> <span class='ocrx_word' id='word_1_826' title='bbox 556 5841 703 5911; x_wconf 74' lang='grc' dir='ltr'>ἥπερ</span> <span class='ocrx_word' id='word_1_827' title='bbox 731 5841 795 5896; x_wconf 86' lang='grc' dir='ltr'><strong>Α.</strong></span> 
     </span>
    </p>
   </div>
   <div class='ocr_carea' id='block_1_119' title="bbox 1860 5760 3468 5841">
    <p class='ocr_par' dir='ltr' id='par_1_119' title="bbox 1860 5760 3468 5841">
     <span class='ocr_line' id='line_1_119' title="bbox 1860 5760 3468 5841; baseline -0.009 -15"><span class='ocrx_word' id='word_1_828' title='bbox 1860 5774 1903 5804; x_wconf 67' lang='grc' dir='ltr'><strong>εθ</strong></span> <span class='ocrx_word' id='word_1_829' title='bbox 1935 5775 1983 5825; x_wconf 85' lang='grc' dir='ltr'>εἰ</span> <span class='ocrx_word' id='word_1_830' title='bbox 2021 5773 2117 5841; x_wconf 72' lang='grc' dir='ltr'>μὲν</span> <span class='ocrx_word' id='word_1_831' title='bbox 2152 5788 2263 5827; x_wconf 83' lang='lat' dir='ltr'><strong>om.</strong></span> <span class='ocrx_word' id='word_1_832' title='bbox 2293 5771 2356 5823; x_wconf 75' lang='grc' dir='ltr'><strong>Α.</strong></span> <span class='ocrx_word' id='word_1_833' title='bbox 2460 5770 2501 5800; x_wconf 73' lang='grc'><strong>³⁷</strong></span> <span class='ocrx_word' id='word_1_834' title='bbox 2535 5761 2689 5830; x_wconf 77' lang='grc' dir='ltr'>οὗτος</span> <span class='ocrx_word' id='word_1_835' title='bbox 2719 5765 2780 5821; x_wconf 87' lang='lat' dir='ltr'><strong>P.</strong></span> <span class='ocrx_word' id='word_1_836' title='bbox 2859 5766 2903 5799; x_wconf 80' lang='grc'><strong>³⁸</strong></span> <span class='ocrx_word' id='word_1_837' title='bbox 2931 5762 3109 5834; x_wconf 76' lang='grc' dir='ltr'>προΐει</span> <span class='ocrx_word' id='word_1_838' title='bbox 3134 5760 3243 5818; x_wconf 83' lang='lat' dir='ltr'><strong>AP.</strong></span> <span class='ocrx_word' id='word_1_839' title='bbox 3285 5774 3468 5830; x_wconf 76' lang='grc' dir='ltr'>παρα-</span> 
     </span>
    </p>
   </div>
  </div>
