4154 6446
719 384 823 449 2ῖὶ

724 593 817 662 qui
849 591 1114 644 hactenus
1143 586 1417 643 secundas
1445 586 1500 641 in
1550 585 1832 656 republica
1867 585 2109 649 tenebat,
2149 585 2304 639 Basi-

722 684 829 736 lius
858 698 871 746 ;
902 689 1066 750 atque
1089 680 1157 733 ab
1182 678 1545 748 optimatibus
1572 676 2045 748 interieribusque
2089 679 2303 733 ordini-

720 776 825 828 bus
854 772 1116 841 omnique
1148 772 1391 825 exercitu
1419 781 1471 824 et
1515 769 1725 838 reliqua
1759 770 1969 825 urbana
2000 771 2177 841 plebe,
2213 771 2307 841 qui

719 876 773 921 et
802 874 963 921 antea
1000 864 1345 934 supplicibus
1376 879 1405 917 a
1438 862 1547 917 Deo
1582 865 1725 918 votis
1761 864 1829 917 iis
1885 864 2306 933 exposcebatur,

666 986 667 989 η
725 963 1025 1029 imperator
1050 960 1398 1013 acclamatus
1438 966 1541 1012 est.
1572 957 1623 1011 ls
1669 972 1819 1022 vero,
1867 971 1993 1011 mox
2032 972 2097 1011 ac
2126 957 2307 1025 reipu-

718 1050 878 1103 lilii-re
909 1050 1069 1103 clavo
1112 1048 1368 1101 admotus
1402 1056 1510 1109 est,
1538 1056 1649 1099 tum
1681 1062 1739 1102 se
1772 1046 1888 1115 ipse
1939 1055 2052 1100 tum
2090 1046 2305 1116 imperii

727 1142 971 1196 habenas
1016 1141 1125 1195 Deo
1158 1139 1386 1204 dicavit,
1409 1139 1521 1193 haec
1550 1140 1731 1193 verbis
1759 1139 2096 1194 solemnibus
2120 1156 2308 1206 orans,

720 1236 931 1291 Christe
958 1250 1071 1293 rex.
1108 1234 1197 1303 qui
1229 1226 1320 1287 tuo
1343 1233 1553 1302 judicio
1578 1250 1641 1285 ac
1675 1242 1806 1285 nutu
1834 1234 2112 1302 imperium
2144 1235 2307 1303 adep-

726 1339 810 1382 tus
853 1329 977 1395 sim,
1035 1327 1131 1381 tibi
1179 1326 1317 1379 illud
1361 1328 1563 1393 pariter
1603 1342 1782 1395 meque
1820 1327 1993 1394 ipsum
2042 1344 2308 1382 consecro.

722 1421 963 1492 Moxque
1015 1419 1299 1473 accersitis
1347 1425 1572 1472 senatus
1619 1419 1955 1487 primoribus
2000 1419 2310 1487 muniisque

721 1515 957 1584 publicis
1004 1527 1069 1565 ac
1113 1510 1475 1580 dignitatibus
1522 1510 1981 1587 praecellentibus,
2028 1512 2094 1565 iis
2122 1525 2321 1564 coram

721 1606 994 1675 regiorum
1038 1603 1427 1657 thesaurorum
1468 1617 1669 1670 penum
1704 1602 1959 1671 aperuit;
2001 1617 2102 1658 nec
2155 1602 2310 1656 aliud

719 1697 1022 1766 quidquam
1056 1711 1123 1749 cx
1156 1704 1305 1749 tanta
1334 1694 1693 1762 pecuniarum
1726 1694 1778 1747 vi
1809 1695 2096 1749 inventum
2141 1710 2308 1765 quam

722 1790 825 1843 tria
858 1788 1147 1849 duntaxat,
1185 1785 1653 1854 quemadmodum
1684 1785 1848 1854 paulo
1878 1794 2007 1840 ante
2040 1783 2308 1848 dicebam,

722 1879 1070 1935 centenaria.
1106 1876 1291 1942 Quare
1332 1876 1601 1946 indagans
1635 1876 1938 1945 imperator
1970 1877 2195 1945 expensi
2228 1893 2310 1929 eo-

722 1974 921 2037 tliecm,
949 1985 1125 2040 eoque
1157 1971 1383 2023 invento
1412 1970 1553 2037 apud
1590 1982 1773 2023 senem
1810 1966 2104 2036 quemdam
2130 1983 2309 2022 eunu-

723 2067 912 2127 chum,
979 2064 1248 2119 Basilium
1311 2061 1838 2133 prolospatharium,
1891 2061 2313 2132 intelligensquc

722 2176 830 2229 quo
862 2159 966 2212 illa:
999 2158 1289 2219 abiisscnt,
1316 2170 1441 2209 cum
1467 2154 1823 2223 optimatibus
1848 2153 1967 2223 ejus
2014 2155 2092 2209 rei
2144 2169 2310 2210 causa

722 2253 1018 2308 consiliqu
1084 2250 1297 2304 habuit.
1346 2246 1556 2302 llorum
1594 2262 1701 2300 una
1759 2261 1994 2301 concors
2038 2247 2310 2301 sententia

723 2346 849 2409 fuit,
882 2345 1031 2414 ipsos
1058 2342 1151 2411 qui
1186 2342 1329 2394 male
1355 2348 1702 2407 acceperant,
1732 2338 1785 2391 in
1811 2338 2066 2391 aerarium
2107 2337 2314 2391 referre

724 2449 997 2507 oportere.
1031 2436 1334 2503 Imperator
1366 2432 1534 2503 256
1558 2432 1752 2500 judicii
1778 2432 2137 2487 acrimoniam
2173 2441 2312 2485 tem-

726 2544 945 2599 perans,
995 2528 1285 2582 semissem
1328 2538 1675 2593 receptarum
1722 2524 1774 2577 in
1824 2524 2081 2577 mrarium
2135 2524 2314 2593 publi-

724 2638 848 2678 cum
881 2621 1114 2689 singulis
1146 2616 1496 2672 referendam
1531 2616 1740 2671 sanxit.
1785 2617 1865 2670 Ita
1904 2615 2111 2670 factum
2142 2626 2228 2670 est
2256 2624 2317 2670 ut

725 2727 779 2765 et
817 2713 947 2777 illis,
987 2710 1091 2765 etsi
1124 2708 1276 2763 nulla
1307 2706 1458 2777 digni
1488 2705 1862 2761 muniﬁcentia
1892 2714 2072 2772 erant,
2105 2709 2315 2777 accepti

726 2802 972 2855 muneris
996 2815 1125 2869 pars
1150 2798 1293 2853 haud
1321 2798 1520 2869 exigua
1545 2796 1787 2862 cederet,
1816 2806 1871 2851 et
1908 2808 2154 2853 trecenta
2189 2814 2317 2853 cen-

727 2894 938 2949 tenaria
971 2895 1038 2947 ad
1086 2892 1341 2945 aerarium
1402 2890 1682 2958 publicum
1731 2889 2013 2954 redirent;
2068 2892 2213 2944 unde
2260 2891 2316 2944 in

728 2988 1050 3057 urgentibus
1077 2985 1314 3054 negotiis
1340 2982 1765 3037 subministrare
1792 2983 1957 3051 etrapit
1992 2984 2310 3054 imperator,

727 3097 905 3151 exque
934 3078 1095 3133 ollicii
1130 3078 1342 3131 ratione
1381 3090 1494 3129 rem
1537 3075 1807 3143 publicam
1839 3091 2053 3145 gerere.

1827 382 2339 447 THEOPIIANES
2369 387 2591 449 OONTI
2604 392 2650 451 N
2660 391 2931 454 UA'I‘US.

791 497 887 553 28.
919 496 1070 551 Illico
1099 502 1282 549 autem
1325 492 1391 547 ad
1439 505 1713 547 summam
1748 506 1933 546 rerum
1961 494 2302 563 provehitur,
2338 498 2382 555 Α

2487 496 2571 568 μ’.
2611 499 2732 570 159]
2763 499 2870 570 κη’.
2913 500 3225 571 Προάγεται
3246 501 3303 555 δὲ
3336 500 3496 559 εὐθὺς
3521 503 3613 558 ἐπὶ
3648 504 3749 575 τὴν
3779 506 4001 559 πάντων

2415 588 2635 659 ἀρχὴνὸ
2671 592 2830 659 μέχρι
2858 590 3011 644 τοῦδε
3050 591 3387 660 δευτερεύων
3441 594 3649 664 ταύτης
3693 594 3998 659 Βασίλειος,

2416 681 2510 733 καὶ
2542 682 2694 751 παρά
2742 698 2798 733 τε
2822 681 2922 751 τῆς
2949 682 3170 753 ἐντίμου
3222 682 3419 752 βουλῆς
3450 684 3546 738 καὶ
3577 685 3686 738 τῶν
3719 687 3998 755 ὑποϐεϐη-

2417 772 2593 825 κότων
2636 773 2935 842 ταγμάτων
2966 774 3060 823 καὶ
3092 771 3293 834 παντὸς
3323 770 3419 823 τοῦ
3466 772 3876 843 στρατεύματος
3908 776 4006 828 καὶ

2416 863 2511 917 τοῦ
2546 863 2706 934 ὄχλου
2764 862 2857 916 τοῦ
2906 864 3131 917 ἀστικοῦ
3161 863 3191 914 6
3224 865 3319 916 καὶ
3364 864 3471 933 πρὸ
3505 864 3698 917 τούτου
3719 865 3787 917 δι’
3816 867 4005 934 ἱκετη-

2420 957 2590 1027 ρικῶν
2655 956 2831 1025 εὐχῶν
2911 956 3339 1025 ἐπιζητούμενος
3417 955 3813 1026 ἀναγορεύεται
3904 957 4009 1008 αὑ-

2416 1050 2704 1118 τοκράτωρ
2758 1049 3060 1111 Βασίλειος.
3096 1052 3191 1111 Ὃς
3262 1049 3379 1118 ἅμα
3429 1048 3509 1118 τῷ
3564 1048 3859 1117 παρελθεῖν
3908 1049 4006 1100 ἐπὶ

2416 1142 2517 1212 τὴν
2543 1142 2650 1193 τῶν
2683 1141 2819 1193 ὅλων
2845 1142 3019 1211 ἀρχὴν
3049 1141 3144 1194 καὶ
3172 1140 3369 1193 ἐαυτὸν
3395 1141 3491 1193 καὶ
3520 1140 3617 1203 τὰς
3642 1139 3739 1192 τοῦ
3764 1142 4007 1209 κράτους

2417 1234 2576 1303 ἡνίας
2606 1232 2724 1303 Θεῷ
2750 1235 3125 1299 ἀνατέθεικεν,
3158 1233 3457 1304 εὐξάμενος
3480 1234 3576 1286 ἐπὶ⁸
3602 1233 3803 1299 λέξεως
3834 1232 3965 1285 τάδε
3986 1250 4002 1263 ·

2416 1327 2636 1393 Χριστὲ
2688 1327 2975 1391 βασιλεῦ,
3033 1327 3106 1394 τῇ
3138 1326 3222 1395 σῇ
3266 1327 3460 1392 κρίσει
3514 1325 3631 1393 τὴν
3670 1325 4010 1389 βασιλείαν

2414 1420 2765 1489 δεξάμενος,
2782 1422 2881 1475 σοὶ
2899 1421 2997 1473 καὶ
3016 1422 3244 1486 ταύτην
3261 1421 3356 1473 καί
3378 1420 3641 1488 ἐμαυτὸν
3660 1419 4005 1487 ἀνατίθημι.

2417 1514 2942 1582 Προσκαλεσάμενος
3020 1512 3077 1565 δὲ
3108 1512 3308 1565 αὐτίκα
3351 1512 3478 1574 τοὺς
3556 1512 3656 1579 τῆς
3709 1512 4010 1581 γερουσίας

2418 1604 2714 1674 προκίτους
2747 1608 2843 1659 καὶ
2876 1606 2921 1637 ⁸⁰
2955 1606 3013 1659 ὲν
3037 1604 3313 1674 ἀξιώμασι
3362 1602 3723 1674 προὺχοντας,
3762 1604 3879 1673 μετ’
3906 1606 4012 1657 αύ-

2414 1700 2524 1752 τῶν
2557 1698 2651 1751 τὸν
2676 1697 2790 1751 τῶν
2824 1699 3116 1769 βασιλείων
3134 1698 3429 1769 θησαυρῶν
3459 1698 3503 1727 “
3528 1695 3729 1766 ἀνέῳξε
3748 1696 3973 1765 φύλακα
3991 1712 4009 1727 ο

2416 1790 2515 1844 καὶ
2548 1790 2702 1843 οὐδὲν
2755 1789 2948 1860 ἕτερον
2992 1793 3057 1844 ἐκ
3108 1791 3204 1844 τοῦ
3252 1789 3513 1843 τοσούτου
3559 1788 3669 1841 τῶν
3697 1788 4013 1857 χρημάτων

2416 1881 2659 1952 πλήθους
2688 1883 2890 1953 εὑρέθη
2923 1883 3065 1952 πλὴν
3092 1882 3217 1951 τρία
3241 1881 3337 1934 καὶ
3369 1882 3527 1951 μόνα,
3556 1878 3739 1941 καθὼς
3771 1879 3871 1948 ἢδη
3909 1879 4013 1931 καὶ

2415 1975 2523 2043 πρὸ
2546 1974 2733 2042 ὀλίγου
2766 1992 2855 2044 μοι
2919 1974 3162 2045 εἴρηται,
3222 1972 3577 2042 κεντηνάρια.
3611 1972 3861 2039 Ζητήσας
3909 1968 4013 2021 οἷον

2413 2068 2442 2119 6
2470 2065 2725 2136 βασιλεὺς
2758 2067 2855 2137 τὴν
2890 2068 2989 2134 τῆς
3032 2064 3215 2130 ἐξόδου
3270 2063 3657 2135 καταγραφὴν,
3724 2063 3816 2115 καὶ
3873 2061 4017 2113 ταύ-

2414 2174 2513 2227 την
2573 2156 2751 2227 εὑρὼν
2806 2158 2960 2227 παρά
3009 2175 3116 2210 τινι
3174 2157 3284 2209 τῶν
3326 2155 3596 2225 εὐνούχων
3658 2153 3875 2223 γέροντι
3927 2150 4016 2222 τῷ

2418 2250 2906 2321 πρωτοσπαθαρίῳ
2984 2251 3029 2283 ⁸³
3076 2249 3384 2319 Βασιλείῳ,
3462 2247 3559 2301 καὶ
3634 2248 3795 2314 γνοὺς
3865 2246 4011 2297 ὅπου

2414 2344 2591 2397 ταῦτα
2630 2344 2901 2415 ἐχώρησε,
2966 2343 3162 2413 βουλὴν
3200 2344 3332 2412 περὶ
3364 2341 3554 2395 τούτου
3604 2343 3717 2401 τοῖς
3756 2338 4015 2410 ἀρίστοις

2418 2431 2736 2504 προὺθηκεν
2757 2450 2770 2461 ·
2834 2426 2909 2486 ὧν
2937 2434 2970 2502 ἠ
3002 2432 3183 2502 ψῆφος
3235 2430 3534 2501 ὁμοφώνως
3565 2430 3869 2498 συνᾴδουσα
3907 2426 4017 2479 αὑ-

2416 2527 2543 2589 τοὺς
2573 2526 2815 2589 ἐκείνους
2846 2526 2977 2588 τοὺς
3009 2525 3199 2588 κακῶς
3224 2524 3399 2577 ταῦτα
3428 2523 3696 2584 λαϐόντας
3716 2520 4017 2588 ἀντιστρέ-

2414 2616 2515 2685 ψαι
2544 2615 2680 2689 πρὸς
2707 2617 2766 2669 τὸ
2794 2617 3076 2686 δημόσιον,
3098 2619 3125 2669 6
3148 2614 3401 2685 βασιλεὺς
3428 2614 3491 2665 τὸ
3511 2614 3651 2681 ἄγαν
3678 2610 4017 2680 ὑποθραύων

2416 2709 2626 2763 δίκαιον
2682 2710 2782 2773 τάς
2836 2709 3095 2779 ἡμισείας
3126 2702 3313 2777 ὧνπερ
3362 2690 3557 2759 ἔλαϐον
3592 2705 3817 2757 ἐκαστοι
3858 2702 4019 2755 ἀντι-

2420 2800 2657 2871 στρέψαι
2690 2801 2830 2871 πρὸς
2884 2801 2946 2853 τὸ
3002 2799 3279 2870 βασιλικὸν
3308 2800 3557 2869 ταμιεῖον
3586 2794 3862 2849 ἐκέλευσε.
3898 2793 4021 2845 Καὶ

2418 2892 2594 2957 οὓτως
2626 2893 2826 2963 συνέϐη
2860 2893 3158 2956 κάκείνοις,
3190 2894 3239 2944 εί
3280 2892 3375 2943 καὶ
3404 2889 3616 2953 ἀνάξιοι
3647 2887 3826 2953 πάσης
3851 2884 4018 2953 φιλο-

2422 2988 2611 3057 τιμίας
2635 2985 2954 3054 ἐτύγχανον,
2990 2985 3091 3036 οὑκ
3129 2982 3311 3050 ὀλίγον
3344 2983 3423 3033 ἔτι
3458 2976 3874 3050 περιλειφθῆναι
3912 2977 4021 3044 τῆς

2412 3080 2647 3151 δωρεᾶς,
2677 3080 2771 3132 καὶ
2794 3077 2874 3147 τῷ
2899 3076 3162 3145 βασιλικῷ
3183 3071 3678 3145 θησαυροφυλακίῳ
3704 3067 4016 3139 τριακόσια

728 3169 1119 3238 ἐπεισαχθῆναι
1140 3167 1185 3197 ⁸³
1210 3166 1560 3237 κεντηνάρια,
1591 3168 1683 3235 ἀφ’
1708 3162 1784 3219 ὦν
1835 3169 1895 3219 ὲν
1929 3170 2042 3232 τοῖς
2097 3169 2414 3239 ἐπείγουσιν
2432 3173 2635 3242 ἤρξατο
2660 3174 2917 3243 χορηγεῖν
2946 3169 3042 3224 καὶ
3088 3167 3315 3230 δεόντως
3348 3168 3376 3219 ὁ
3401 3166 3449 3201 δ*
3482 3163 3735 3234 βασιλεὺς
3760 3160 4017 3217 διοικεῖν,

797 3262 890 3315 29.
923 3260 1043 3325 Qua
1072 3260 1161 3313 die
1202 3260 1416 3328 imperii
1447 3276 1719 3315 summam
1756 3262 1985 3330 adeptus
2037 3272 2123 3320 est
2167 3263 2319 3319 Basi-
2348 3288 2390 3347 ς

729 3355 858 3418 lius,
885 3354 1035 3407 velut
1063 3351 1172 3405 Deo
1203 3351 1580 3406 Romanarum
1625 3368 1807 3406 rerum
1849 3354 1901 3406 in
1949 3354 2147 3408 melius
2194 3372 2319 3409 mu-

730 3445 955 3499 tationis
1022 3442 1240 3508 indice,
1302 3443 1599 3497 multorum
1654 3452 1978 3512 tropaeorum
2032 3448 2209 3501 nuntii
2264 3449 2319 3503 in

730 3543 1024 3604 augustam
1094 3536 1235 3586 hanc
1299 3533 1489 3587 urbem
1550 3534 1928 3601 advenerunt,
2021 3538 2321 3609 multisque

731 3627 1063 3681 Christianis
1111 3634 1377 3678 assertam
1433 3642 1497 3677 ex
1543 3627 1861 3695 captivitate
1903 3629 2209 3684 libertatem
2252 3632 2321 3685 ad

731 3736 853 3776 eam
880 3721 1148 3790 perlatum
1180 3728 1283 3773 est.
1317 3717 1523 3788 Pompa
1553 3719 1737 3789 itaque
1770 3735 2097 3791 progressus
2147 3726 2321 3793 impe-

733 3826 889 3869 rator
919 3814 985 3868 ad
1014 3828 1273 3881 magnum
1301 3811 1396 3866 Dei
1429 3812 1711 3882 templum,
1735 3813 1826 3868 cui
1857 3814 1926 3871 ab
1956 3814 2077 3884 ejus
2102 3818 2322 3886 sapien-

734 3908 808 3962 tia
867 3922 1071 3961 nomen
1100 3915 1207 3971 cst,
1243 3920 1453 3975 proque
1502 3904 1762 3960 omnibus
1796 3905 1964 3960 simul
2017 3908 2319 3974 gratiarum

733 4001 958 4056 actione
1016 3998 1366 4069 perfunctus,
1424 3996 1706 4051 redeundo
1763 3999 2080 4053 consularia
2120 4001 2324 4069 sparsit

733 4106 988 4154 munera,
1049 4091 1436 4158 ingentemque
1486 4089 1591 4141 vim
1656 4090 2033 4158 pecuniarum,
2088 4105 2196 4143 non
2253 4105 2320 4144 ex

733 4183 972 4252 publicis
1007 4182 1171 4251 (qua:
1216 4195 1324 4234 non
1383 4180 1802 4249 suppetebant),
1834 4180 1930 4234 sed
1962 4195 2027 4234 ex
2058 4182 2317 4250 propriis,

734 4291 873 4347 quas
901 4287 1029 4329 ante
1057 4274 1396 4343 possederat,
1423 4274 1477 4327 in
1504 4274 1755 4329 subditos
1781 4274 2102 4345 plebemque
2133 4275 2323 4329 distri-

732 4369 873 4424 buit.
912 4366 1064 4422 Uxor
1097 4380 1317 4434 quoque
1352 4364 1591 4419 Eudoeia
1635 4380 1761 4419 cum
1804 4365 1993 4420 liberis
2051 4367 2322 4420 Constan-

737 4462 853 4516 tino
892 4468 947 4513 et
992 4457 1198 4523 Leone,
1227 4457 1343 4526 pari
1376 4466 1431 4510 et
1460 4457 1577 4525 ipsa
1607 4456 1921 4526 largitione,
1955 4458 2157 4512 multas
2186 4458 2321 4511 civi-

736 4554 842 4610 bus
873 4552 1137 4623 pecunias
1164 4565 1228 4604 ιιι
1258 4550 1375 4605 suis
1406 4551 1674 4617 erogavit.
1698 4552 1777 4604 Ac
1819 4551 1945 4605 licet
1982 4565 2048 4605 eo
2079 4562 2322 4619 tempore

2501 3265 2789 3321 κθ’.-Κατά
2842 3266 2899 3318 δὲ
2942 3262 3043 3334 τὴν
3076 3262 3290 3333 ἡμέραν
3338 3258 3459 3312 καθ’
3490 3259 3557 3327 ἣν
3592 3258 3682 3309 ἐπὶ
3717 3256 3817 3325 τὴν
3846 3256 4019 3308 αύτο-

2424 3360 2674 3431 κράτορα
2693 3354 2856 3428 ἦλθεν
2883 3356 3107 3427 ἀρχὴνὸ
3148 3354 3450 3417 Βασίλειος,
3500 3351 3689 3419 ὥσπερ
3731 3348 4022 3399 ἐνδεικνυ-

2429 3454 2591 3523 μένου
2622 3451 2757 3504 Θεοῦ
2808 3450 2907 3519 τὴν
2964 3452 3056 3502 ἐπὶ
3103 3446 3173 3500 τὰ
3219 3447 3456 3516 κρείττω
3515 3443 3623 3495 τῶν
3677 3439 4021 3509 Ῥωμαϊκῶν

2421 3538 2769 3612 ’πραγμάτων
2822 3539 3149 3609 μεταϐολὴν,
3206 3535 3403 3606 συνέϐη
3458 3533 3669 3587 πολλῶν
3720 3532 4024 3583 ἐπινικίων

2424 3635 2683 3703 ἀγγελίαν
2719 3634 2819 3703 τὴν
2856 3630 3250 3702 βασιλεύουσαν
3282 3628 3491 3697 ταύτην
3529 3624 3862 3680 καταλαόεῖν
3917 3624 4023 3673 καὶ

2424 3729 2727 3799 ἀνάρρυσιν
2757 3726 2999 3795 πλήθους
3042 3720 3404 3793 αἰχμαλώτων
3445 3715 3789 3786 Χριστιανῶν
3814 3715 4024 3782 ἀγγελ-

2425 3817 2604 3886 θῆναι.
2632 3817 2863 3886 Πρόοδον
2882 3812 2974 3869 οῦν
2993 3816 3020 3867 6
3042 3812 3293 3883 βασιλεὺς
3319 3811 3412 3864 ἐπὶ
3430 3810 3521 3862 τὸν
3558 3808 3733 3877 μέγαν
3762 3806 3856 3858 τοῦ
3871 3805 4021 3857 Θεοῦ

2419 3906 2549 3961 ναὸν
2584 3907 2676 3960 τὸν
2694 3906 2793 3976 τῆς
2811 3906 3023 3959 ἐκείνου
3065 3904 3267 3971 Σοφίας
3292 3900 3581 3967 ἐπώνυμον
3615 3896 4019 3967 ποιησάμενος,

2426 4002 2517 4053 καὶ
2542 4000 2640 4063 τὰς
2674 4000 2802 4071 περὶ
2826 3999 3043 4052 πάντων
3059 3995 3196 4067 ὁμοῦ
3218 3993 3567 4065 εὐχαριστίας
3583 3990 3733 4060 αὑτῷ
3747 3989 4020 4053 ἀποδοὺς,

2424 4095 2483 4147 ἐν
2506 4094 2585 4163 τῷ
2612 4092 2977 4162 ὑποστρέφειν
3036 4090 3362 4153 ὑπάτευσεν,
3390 4086 3485 4139 καὶ
3516 4086 3775 4155 χρήματα
3809 4082 4018 4145 πολλὰ,

2424 4186 2524 4238 οὑκ
2552 4187 2617 4237 ἐκ
2654 4183 2760 4237 τῶν
2783 4181 3062 4252 δημοσίων
3104 4179 3246 4249 (οὑδὲ
3276 4177 3386 4246 γάρ
3414 4172 3528 4247 ἦν),
3556 4174 3669 4227 ἀλλ’
3692 4176 3756 4225 ἐκ
3786 4172 3901 4223 τῶν
3934 4172 4021 4223 οἱς

2425 4275 2610 4339 κείων,
2627 4274 2663 4327 ἂ
2688 4273 2953 4339 ἐκέκτητο
2974 4272 3264 4340 πρότερον,
3281 4270 3393 4330 τοῖς
3417 4265 3679 4333 ὑπηκόοις
3712 4264 4014 4330 διένειμεν.

2425 4368 2535 4420 Καὶ
2571 4364 2813 4436 ήτούτου
2841 4364 2901 4417 δὲ
2933 4362 3165 4429 σύζυγος
3187 4358 3419 4412 Εὑδοκία
3440 4360 3472 4425 ἡ
3504 4354 3716 4425 βασιλὶς
3748 4352 3863 4423 ἅμα
3892 4355 4019 4415 τοῖς

2427 4458 2562 4517 υἱοῖς
2622 4456 3020 4523 Κωνσταντίνῳ
3073 4454 3168 4505 καὶ
3200 4450 3391 4504 Λέοντι
3424 4447 3782 4500 ὑπατεύσασα
3833 4445 4018 4497 πολλὰ

2423 4552 2490 4619 τῇ
2522 4548 2771 4618 πολιτεία
2813 4549 3076 4617 χρήματα
3130 4545 3240 4597 ἀπὸ
3282 4544 3390 4595 τῶν
3416 4540 3620 4609 ἑαυτῆς
3666 4539 4015 4607 ἐδωρήσατο.

740 4648 1041 4717 imperator
1065 4644 1236 4699 multa
1267 4643 1445 4697 adlme
1476 4643 1551 4696 rei
1584 4643 1907 4698 nummariae
1928 4652 2167 4714 egestate
2192 4660 2317 4713 pre-

2429 4641 2577 4712 Πλὴν
2604 4642 2651 4693 εί
2683 4639 2775 4692 καὶ
2792 4640 2912 4691 τότε
2944 4637 3027 4691 ἔτι
3059 4637 3321 4699 ἐσπάνιζε
3349 4634 3649 4705 χρημάτων
3669 4632 3696 4682 6
3732 4629 4017 4698 βασιλεὺς,

740 4748 1005 4805 meretur,
1038 4738 1117 4792 uti
1152 4738 1359 4791 dictum
1389 4746 1497 4799 est,
1524 4744 1713 4805 postea
1746 4745 1927 4791 tamen
1958 4736 2156 4791 uberes
2182 4738 2317 4791 satis

741 4849 874 4905 opes
912 4832 1140 4901 adeptus
1172 4837 1278 4897 est,
1322 4830 1520 4899 partim
1559 4828 1780 4898 quidem
1840 4828 1936 4882 Dei
1983 4842 2209 4881 munere
2255 4820 2319 4881 ac

740 4932 878 4980 nutu
902 4924 973 4978 ob
995 4923 1118 4993 ejus
1146 4922 1199 4976 in
1234 4936 1502 4990 pauperes
1529 4917 1960 4974 misericordiam
1996 4932 2061 4973 ac
2100 4918 2320 4987 aequita-

740 5026 872 5081 tem,
908 5013 1096 5069 multis
1128 5012 1233 5067 sub
1268 5020 1413 5064 terra
1444 5010 1677 5066 occultis
1709 5011 1984 5066 thesauris
2010 5011 2102 5063 illo
2133 5024 2318 5064 rerum

704 5109 983 5180 potiente
1011 5108 1065 5161 in
1107 5107 1282 5181 lucem
1326 5103 1489 5175 257
1545 5102 1870 5173 productis;
1930 5102 2129 5172 partim
2190 5118 2321 5157 vero

740 5204 906 5256 etiam
940 5216 1007 5255 ex
1034 5186 1171 5254 a'ur'o
1201 5197 1346 5267 quod
1383 5198 1435 5250 in
1481 5197 1699 5267 privato
1730 5194 2077 5264 imperatoris
2101 5194 2316 5260 atrario,

742 5294 887 5364 quod
920 5306 1115 5361 nempe
1145 5291 1264 5360 ejus
1295 5288 1553 5343 decessor
1603 5287 1838 5342 Michael
1883 5286 2136 5343 conﬂatis
2167 5302 2321 5358 egre-

743 5383 846 5459 giae
875 5387 1094 5441 labrica:
1126 5383 1624 5455 pulcherrimisque
1650 5381 1907 5452 eperibus
1941 5385 2143 5450 (aurea
2173 5379 2324 5435 scili-

743 5492 829 5538 cet
868 5482 949 5537 sic
982 5490 1174 5533 vocata
1229 5479 1475 5547 platano,
1524 5476 1738 5530 duobus
1781 5488 1917 5528 auro
1973 5473 2162 5529 solidis
2199 5487 2323 5543 gry-

746 5576 991 5646 phibus,
1059 5572 1397 5641 totidemque
1476 5584 1613 5623 auro
1664 5568 1970 5623 ductilibus
2046 5566 2317 5627 leonibus,

2426 4733 2616 4802 ὥσπερ
2645 4732 2884 4801 εἴρηται,
2907 4728 2993 4802 [Ρ.
3026 4726 3153 4799 1150]
3186 4727 3321 4781 ἀλλά
3352 4724 3489 4794 μετά
3510 4722 3683 4775 ταῦτα
3729 4724 4021 4791 προσεγέα-

2424 4841 2549 4878 νετο
2598 4824 2693 4877 καὶ
2749 4822 2955 4892 ἐτέρων
2983 4822 3026 4852 ⁵³
3051 4820 3353 4890 χρημάτων
3382 4814 3583 4885 πλῆθος
3610 4812 3761 4881 αὑτῷ
3796 4813 4016 4872 ἱκανὸν,

2427 4917 2588 4970 τοῦτο
2620 4916 2717 4987 μὲν
2752 4915 2890 4967 Θεοῦ
2946 4912 3035 4966 διὰ
3083 4912 3175 4964 τὸν
3212 4911 3350 4981 πρὸς
3376 4909 3522 4968 ποὺς
3572 4905 3811 4973 πένητας
3856 4902 4018 4954 ἔλεον

2429 5008 2594 5064 αὑτοῦ
2653 5009 2748 5061 καὶ
2795 5006 2896 5077 τὴν
2950 5002 3300 5070 δικαιοσύνην
3331 4988 3561 5059 πολλοὺς
3606 4994 3715 5048 τῶν
3763 4993 3869 5046 ὑπὸ
3906 4992 4017 5061 γῆ)

2432 5101 2724 5173 θησαυρῶν
2755 5100 2812 5152 ἐν
2842 5099 2965 5160 ταῖς
3024 5094 3259 5164 ἡμέραις
3314 5090 3482 5144 αὑτοῦ
3514 5091 3593 5150 εἰς
3624 5086 3738 5155 φῶς
3784 5084 4019 5151 εὖδοκή·’

2427 5210 2619 5256 σαντος
2657 5189 2961 5261 προελθεῖν,
2990 5188 3150 5242 τοῦτο
3178 5187 3234 5240 δὲ
3256 5182 3353 5239 καὶ
3380 5184 3490 5238 ἀπὸ
3518 5182 3613 5235 τοῦ
3648 5182 3705 5232 ὲν
3732 5177 4018 5247 τῷείδικῴ

2426 5286 2745 5358 εὑρεθέντος
2774 5281 3001 5354 χρυσοῦ,
3039 5281 3099 5334 ὃν
3139 5283 3167 5334 6
3224 5272 3739 5348 προόεὗασιλευκὼς
3784 5269 4016 5338 Μιχαὴλ

2423 5381 2491 5433 τὰ
2519 5379 2782 5433 κάλλιστα
2816 5376 2924 5429 τῶν
2956 5375 3132 5444 ἔργων
3191 5370 3600 5441 συγχωνεύσας,
3633 5364 3778 5433 λέγω
3808 5362 3876 5431 δὴ
3913 5361 4015 5429 τὴν

2425 5470 2639 5542 χρυσῆν
2682 5468 2897 5537 ἐκείνην
2928 5464 3273 5535 καλουμένην
3316 5461 3587 5514 πλάτανον
3620 5457 3713 5511 καὶ
3744 5455 3875 5516 τοὺς
3917 5452 4015 5504 δύο

2428 5561 2755 5632 ὁλοχρύσους
2774 5559 2992 5630 γρῦπας
3006 5557 3238 5619 καὶτοὺς
3259 5556 3353 5609 δύο
3370 5550 3607 5625 χρυσοῦς
3624 5546 4014 5618 σφυρηλάτους

2056 5681 2286 5738 VARle
2324 5678 2724 5735 LECTIONES.

817 5784 863 5815 “
889 5781 983 5836 καὶ
1010 5796 1118 5837 om.
1151 5781 1213 5835 A.

752 5871 843 5927 ρον
865 5851 931 5909 Δ.

1290 5778 1333 5810 ⁶¹
1362 5778 1635 5849 θησαυρὸν
1681 5780 1746 5831 Α.
1823 5777 1866 5809 ’⁵⁸
1897 5773 2003 5831 τῶν
2029 5774 2540 5846 πρωτοσπαθαρίων
2578 5777 2641 5826 Α.

2722 5773 2764 5803 ⁸³
2790 5768 3217 5839 ἐπισυναχθῆναι
3249 5768 3315 5824 Α.
3392 5767 3438 5798 ⁸⁵
3466 5766 3494 5818 ὀ
3525 5777 3637 5818 om.
3670 5760 3734 5815 Ρ.
3810 5759 3860 5790 ⁸⁸
3890 5759 4015 5812 ἐτε-
