4154 6446
148 381 230 442 213
1217 403 1362 464 LIB.
1404 404 1473 466 V.
1505 430 1573 440 —
1598 404 1953 475 BASILIUS
1987 417 2308 481 MACEDO.

548 499 609 552 τὸ
653 499 947 574 ὁλόχρυσον
976 508 1209 578 ὄργανον
1245 515 1340 567 καὶ
1394 514 1560 586 ἔτερα
1591 515 1676 569 τῶ·

1804 536 2047 594 auroque
2098 529 2277 583 solido
2310 543 2537 601 organo,
2574 536 2836 607 variaque
2867 538 2975 594 alia
3052 556 3273 601 mensa!
3304 564 3404 604 su-

150 496 335 558 la'ovta;
390 497 483 549 καὶ

148 590 220 680 ira.
245 587 342 680 τῆς
372 591 655 664 τραπέζης
677 601 1056 669 χρυσωμάτων
1087 604 1224 675 ἔργα
1242 606 1476 680 διάφορα
1493 614 1703 678 καὶτὰς

150 679 406 746 βασιλικάς
434 700 495 737 τε
523 686 619 740 καὶ
662 689 1072 759 αὐγουστιακάς
1106 698 1302 763 στολὰς
1351 704 1446 756 καὶ
1473 705 1573 770 τάς
1599 707 1702 780 ἄρ-

149 790 271 839 ιουσι
303 775 567 843 μεγάλοις
609 780 970 852 ἀρμαζούσας
998 789 1256 860 ἐσθῆτας,
1288 795 1472 859 πάσας
1493 775 1703 871 τυγχα-

150 868 312 960 vatim;
343 876 707 943 χρυσοϋφεῖς·
761 877 798 932 ἃ
827 878 892 949 δὴ
951 881 1131 937 πάντα
1178 868 1701 960 συγχωνεύσαςξῶς

146 955 388 1058 lite-xeat,
422 964 504 1027 είς
524 965 594 1020 τά
620 967 744 1022 καθ’
769 971 968 1043 ἡδονὴν
995 975 1145 1047 αύτῷ
1185 955 1411 1049 ἔμελλεν
1447 955 1700 1058 ἀπόχρήξ

147 1048 355 1147 uacent:
383 1060 944 1147 προαναρπασθέντος
965 1065 1022 1120 δὲ
1044 1048 1257 1125 ἐκείνου
1289 1073 1489 1145 εὑρέθη
1513 1077 1541 1129 ό
1561 1048 1701 1147 χρυ-

146 1134 352 1239 sociarat
386 1145 683 1239 χαραχθεὶς
714 1152 797 1215 εἰς
831 1153 1047 1211 ἅπαντα
1092 1160 1283 1229 γέγονε
1319 1134 1700 1239 χρήσίμοέιτῷ

147 1230 323 1300 βασιλεῖ
347 1249 363 1263 ·
393 1236 491 1289 Δεῖ
516 1239 648 1307 γὰρ,
681 1242 837 1313 φησὶ,
865 1248 1210 1318 χρημάτων,
1248 1230 1535 1312 καί-ἀνευ

145 1340 239 1376 των
269 1326 455 1381 οὐδὲν
486 1329 622 1386 ἔστι
656 1336 937 1403 γενέσθαι
998 1340 1120 1396 τῶν
1184 1345 1472 1403 δεόντων.
1537 1352 1700 1408 Ἀλλά

142 1416 272 1470 τοῦτο
296 1420 399 1488 μὲν
434 1421 683 1495 ὕστερον.

198 1506 256 1563 λ’.
282 1510 424 1603 ,Τότε
452 1514 534 1580 δὲ,
566 1517 800 1591 ἐπείπερ
861 1523 955 1576 ἐπὶ
984 1525 1096 1580 τῶν
1142 1529 1243 1599 τῆς
1288 1532 1469 1603 ἀρχῆς
1494 1537 1698 1593 οἰάκων

143 1601 227 1695 ὑπο
243 1602 338 1671 τῆς
366 1605 633 1676 Προνοίας
656 1611 1049 1680 προϐιϐασθεὶς
1072 1601 1695 1695 έκάθισεννό-Βασίλειος,

140 1694 405 1787 εὐθὺς
437 1700 729 1770 γραμμῆς,
760 1703 951 1771 φασὶν,
985 1706 1136 1773 ἄξιος
1179 1711 1484 1778 ἐσπούδαζε
1520 1694 1697 1787 φανῆέ

141 1800 212 1836 ναι
236 1785 320 1838 τοῦ
356 1788 628 1857 μεγέθους
658 1791 754 1844 τοῦ
818 1795 1167 1867 πράγματος,
1209 1802 1305 1857 καὶ
1344 1785 1563 1880 νύκτωρ
1616 1785 1696 1865 δι-

142 1876 385 1947 ηγρύπνει
419 1882 517 1934 καὶ
550 1882 669 1952 μεθ’
698 1885 914 1955 ἡμέραν
967 1890 1266 1962 διεσκόπει,
1301 1898 1480 1954 πάντα
1524 1876 1696 1960 κινῶν

140 1967 365 2063 λογισμόν
394 1973 490 2024 καὶ
527 1974 638 2027 πᾶν
671 1978 921 2047 στρέφων
955 1981 1254 2057 βούλευμα,
1298 1991 1449 2055 ὅπως
1483 1994 1693 2063 ἀγαθοῦ

136 2077 255 2124 τινος
277 2061 449 2128 αἴτιος
477 2068 592 2128 τοῖς
620 2070 711 2121 ὑπ’
747 2072 912 2125 αὑτὸν
967 2076 1142 2132 ἅπασι
1171 2082 1382 2149 γένοιτο
1418 2086 1515 2140 καὶ
1543 2088 1694 2154 ὅπως

138 2150 542 2250 ἐπὶ-τοιάμεινον
589 2159 805 2232 ἐμφανῆ
861 2166 956 2219 καὶ
1000 2170 1247 2243 μεγάλην
1284 2178 1592 2250 μεταϐολὴν
1621 2150 1691 2237 τά

137 2245 410 2347 πράγματα
460 2249 704 2347 δέξηται.
739 2257 848 2309 Καὶ
898 2261 1092 2328 πρῶτα
1132 2265 1233 2335 μὲν
1263 2270 1356 2323 ἐπὶ
1386 2272 1489 2336 τάς
1512 2245 1690 2347 ἀ-ρχάς

138 2332 428 2440 ἁῇρότατα
449 2341 590 2440 Ξοὺξ
618 2344 838 2401 πάντων
873 2332 1144 2419 ἀρίστους
1162 2332 1522 2433 ἐκλεγόμενος
1554 2332 1690 2440 ἓτῖλοξ

137 2424 379 2524 εϐαλλετο,
418 2427 502 2497 οἷς
544 2428 615 2505 ἦν
644 2438 737 2490 καὶ
763 2440 995 2507 οἴκοθεν,
1026 2443 1123 2500 ἅτε
1154 2424 1400 2521 ἀρίστοίς
1420 2424 1562 2524 οὖσι,
1594 2424 1690 2514 καὶ

137 2518 223 2569 ἀπὸ
264 2521 357 2591 τῆς
417 2525 683 2595 ἀκριϐοῦς
752 2531 845 2584 τοῦ
906 2534 1287 2608 βασιλεύοντος
1343 2548 1686 2619 ἐπισκέψεως

136 2610 318 2708 πρῶτον
352 2615 519 2685 ἔργον
586 2620 681 2674 καὶ
726 2625 1053 2698 σπούδασμα
1109 2634 1174 2688 τὸ
1216 2638 1324 2708 πρὸ
1363 2640 1471 2695 τῶν
1508 2610 1686 2701 ἄλλων

231 2703 357 2766 ιδίας
383 2709 581 2801 χεῖρας
620 2712 869 2785 καθαρὰς
921 2720 1029 2773 ἀπὸ
1067 2700 1325 2780 παντοίου
1359 2730 1686 2801 διαφυλάξαι

133 2790 411 2864 λήμματος,
447 2794 553 2853 εἶθ’
581 2802 757 2869 οὕτως
782 2811 972 2864 πασῶν
1003 2814 1114 2869 τῶν
1156 2818 1371 2887 ἀρετῶν
1407 2824 1569 2880 πλέον
1600 2847 1683 2882 τι-

135 2885 276 2953 μῆσαι
309 2889 685 2965 δικαιοσύνην,
709 2901 804 2952 καὶ
856 2902 1076 2974 ίσότητα
1120 2916 1539 2980 παρασκευάσαι
1581 2922 1683 2991 ὲμ-

133 2977 486 3037 πολιτεύεσθαι
542 2990 862 3061 πανταχοῦ’,
922 2997 1016 3048 καὶ
1073 2999 1132 3052 τὸ
1219 3003 1293 3074 μὴ
1374 2977 1682 3066 καταδυνα-

132 3071 385 3129 στεύεσθαι
452 3077 563 3131 ὑπὸ
629 3081 741 3135 τῶν
805 3085 1181 3146 πλουτούντων
1228 3097 1355 3161 τοὺς
1412 3101 1676 3173 πένητας,

1808 620 2064 688 pellectili
2095 624 2209 693 ipsa
2237 641 2426 690 aurea,
2456 628 2944 701 imperialibusque
2965 641 3021 689 et
3041 635 3402 707 Augustlacis

1808 707 2165 776 indumentis,
2206 728 2639 787 magnorumque
2666 720 2970 790 principum
3015 740 3082 780 ac
3113 731 3396 798 magistra-

1809 806 1962 854 tuum
1995 803 2257 868 vestibus,
2293 809 2506 864 cunctis
2538 824 2675 864 auro
2709 814 3033 883 contextis),
3066 819 3145 873 uti
3182 818 3395 877 dictum

1806 898 1911 954 est,
1982 908 2309 962 reposuerat
2365 915 2430 954 ac
2478 917 2580 970 pro
2633 903 2859 959 libidine
2920 907 3197 966 abusurus
3254 924 3396 967 erar.

1804 980 2081 1055 Praerepto
2112 986 2259 1041 enim
2293 988 2387 1046 illo
2416 1007 2610 1049 aurum
2644 1007 2921 1066 repertum
2954 1010 3056 1067 est,
3089 1002 3398 1073 signatum-

1805 1088 1913 1143 que
1933 1074 2247 1146 imperatori
2279 1082 2332 1135 in
2361 1086 2619 1141 omnibus
2642 1104 2905 1167 perquam
2931 1093 3063 1147 utile
3088 1093 3211 1154 fuit.
3243 1096 3395 1167 Opus

1802 1168 1943 1219 enim
1977 1169 2086 1225 aiti
2130 1189 2242 1227 esse
2263 1177 2541 1243 pecuniis;
2602 1195 2693 1233 nec
2736 1164 2786 1235 si
2834 1184 3026 1251 desint,
3074 1188 3196 1257 ﬁeri
3244 1206 3397 1258 posse

1802 1255 2016 1325 aliquid
2070 1275 2250 1315 eorum
2299 1280 2417 1334 quae
2438 1266 2642 1322 deceat.
2681 1268 2787 1325 Sed
2816 1272 2931 1329 haec
2963 1255 3151 1346 postea
3192 1255 3393 1335 evene-

1804 1356 1951 1401 runt.

1873 1530 1961 1584 30.
1992 1530 2147 1588 Tunc
2177 1548 2310 1590 vero
2336 1538 2783 1609 quandoquidem
2820 1544 2888 1598 ad
2943 1546 3157 1616 imperii
3189 1548 3390 1620 guber-

1802 1623 1997 1676 nacula
2030 1625 2230 1680 divinae
2262 1630 2619 1696 providentia:
2674 1640 2809 1688 nutu
2871 1635 3111 1694 Basilius
3148 1642 3389 1707 sederat,

1801 1714 1994 1769 statim
2029 1731 2059 1769 a
2087 1717 2253 1783 linea,
2282 1729 2340 1774 ut
2363 1722 2541 1786 aiunt,
2574 1726 2822 1797 ipsisque
2851 1731 3167 1788 carceribus
3195 1736 3390 1791 sedulo

1801 1821 2024 1877 Operam
2054 1812 2237 1878 posuit
2264 1820 2325 1867 ut
2347 1813 2479 1868 nihil
2509 1818 2581 1870 rei
2626 1820 2993 1888 magnitudini
3036 1824 3213 1893 impar
3240 1828 3392 1883 ’vide-

1804 1907 1976 1955 retur.
2011 1901 2199 1973 Itaque
2234 1916 2397 1959 noctu
2446 1909 2668 1977 pervigil
2700 1911 2861 1976 ferat,
2918 1913 3155 1970 interdiu
3201 1918 3400 1973 animo

1802 1991 2147 2063 dispiciebat,
2173 1997 2379 2052 nullam
2405 2015 2514 2054 non
2555 2016 2785 2058 movens
2834 2005 3128 2074 rationem,
3176 2011 3388 2066 nullum

1800 2102 1911 2141 non
1969 2090 2262 2145 consilium
2311 2107 2560 2159 versans,
2613 2106 2671 2150 ut
2726 2097 2854 2151 boni
2905 2100 3141 2171 alicujus
3196 2117 3391 2161 auctor

1799 2179 2038 2235 subditis
2093 2182 2248 2238 ﬁeret
2306 2193 2362 2239 et
2416 2194 2478 2241 ut
2537 2186 2807 2245 illustrem
2866 2206 3237 2265 magnamque
3298 2212 3388 2255 res

1802 2272 2163 2327 mutationem
2226 2275 2281 2329 in
2320 2277 2517 2334 melius
2565 2280 2897 2350 acciperent.
2960 2283 3099 2342 llinc
3147 2289 3387 2357 primum

1799 2364 2313 2435 incorruptissimus
2340 2369 2455 2438 ipse
2497 2370 2761 2441 nullaque
2814 2390 3105 2430 munerum
3164 2376 3327 2433 sorde
3355 2394 3387 2434 a

1798 2458 1931 2511 recti
1993 2458 2131 2512 libra
2187 2458 2473 2515 declinans
2539 2463 2786 2517 omnium
2845 2464 3083 2534 Optimos
3136 2467 3377 2524 delectos

1795 2552 2174 2620 promovebat,
2204 2553 2404 2621 quibus
2428 2556 2625 2623 partim
2654 2572 2684 2611 a
2709 2572 2767 2611 se
2796 2558 2950 2627 ipsis,
2993 2568 3053 2613 ut
3072 2560 3165 2629 qui
3192 2559 3382 2628 optimi

1793 2651 1974 2709 erant,
1999 2646 2195 2713 partim
2216 2659 2344 2700 vero
2362 2648 2431 2701 ab
2448 2648 2793 2717 imperatoris
2809 2649 2998 2705 sedula
3019 2650 3380 2721 inspectione.

1794 2735 2032 2805 primum
2084 2751 2223 2805 Opus
2269 2753 2334 2793 ac
2376 2737 2618 2793 Studium
2660 2748 2781 2794 erat
2830 2749 2889 2794 ut
2922 2756 3034 2811 prae
3085 2739 3312 2813 reliquis
3345 2760 3377 2800 a

1793 2829 1990 2899 quovis
2022 2845 2251 2885 munere
2282 2830 2447 2901 258
2474 2848 2672 2887 manus
2706 2849 2873 2902 puras
2906 2840 3222 2903 servarent;
3259 2847 3375 2892 tum

1793 2932 1853 2976 ut
1882 2937 1992 2991 prae
2028 2923 2287 2977 omnibus
2327 2922 2618 2979 virtutibus
2646 2924 2914 2993 justitiam
2948 2928 3209 2994 colerent,
3231 2937 3286 2984 ct
3318 2939 3378 2985 ut

1794 3011 1995 3081 ubique
2026 3014 2254 3082 aequitas
2272 3014 2475 3082 vigeret
2498 3015 2819 3086 diligentem
2837 3031 3059 3085 operam
3088 3028 3376 3085 navarent,

1796 3119 1898 3157 nec
1928 3119 1957 3157 a
1987 3105 2247 3160 divitibus
2305 3122 2577 3176 pauperes
2630 3109 2865 3178 opprimi
2913 3110 2997 3163 vel
3042 3125 3374 3181 quemquam

132 3166 242 3271 μηδὲ
262 3168 460 3234 ἀδίκως
493 3170 672 3244 ζημίᾳ
702 3177 824 3231 τινὰ
857 3179 1279 3254 ύποΰάλλεσθαι,
1300 3190 1436 3246 ἀλλά
1452 3166 1676 3262 ῥύεσθαι

1793 3196 2016 3250 innoxie
2068 3213 2268 3252 noxam
2323 3201 2511 3254 subire
2563 3202 2826 3267 sinerent,
2880 3202 2976 3257 sed
3040 3202 3260 3271 inopem
3318 3214 3374 3259 et

128 3256 306 3355 πένητα
327 3262 420 3313 καὶ
457 3264 679 3335 πτωχὸν
725 3269 791 3321 ἐκ
830 3273 1015 3343 χειρὸς
1065 3256 1462 3351 στερεωτέρων
1488 3287 1681 3355 αὐτοῦ,

129 3347 204 3398 καὶ
232 3351 368 3405 κατά
402 3355 607 3425 μικρὸν
629 3358 920 3416 ἀναλαῦεῖν
949 3366 1079 3429 τοὺς
1124 3347 1449 3441 ἀνθρώπους
1470 3347 1681 3453 οὕσπερ

126 3441 211 3492 ἀπὸ
238 3444 340 3497 τῶν
393 3449 726 3512 φθασάντων
789 3454 905 3525 ᾔδει
968 3456 1434 3532 λειποψυχοῦντάς
1488 3488 1546 3524 τε
1588 3477 1683 3528 καὶ

126 3532 474 3603 ἐκλείποντας,
535 3541 631 3593 καὶ
677 3546 1128 3618 ἀναῤῥωννύντας
1164 3555 1258 3608 ἐπὶ
1304 3558 1404 3627 τῆς
1446 3561 1682 3632 ἀρχαίας

126 3622 339 3691 ἅπαντας
366 3631 669 3702 εὐετηρίας
691 3638 1012 3704 σπουδάζειν
1044 3644 1438 3721 ἀποκαθιστᾷν.
1459 3648 1558 3709 ’Ὧν
1590 3659 1683 3712 καὶ

122 3711 190 3813 διὰ
236 3717 331 3813 τὴν
373 3719 435 3784 ἐξ
491 3723 675 3794 ἀρχῆς
712 3728 850 3798 πρὸς
877 3733 945 3785 τά
980 3732 1177 3802 βελτίω
1209 3711 1384 3809 ῥοπὴν
1423 3744 1680 3813 (τοιοῦτοι

123 3807 207 3875 γὰρ
242 3811 461 3878 πάντως
491 3817 544 3868 οἱ
570 3818 943 3895 ἐκλεγόμενοι)
1003 3828 1099 3880 καὶ
1154 3830 1241 3884 διά
1275 3807 1377 3905 τὴν
1413 3807 1507 3891 τοῦ
1541 3857 1680 3912 κρα-

118 3901 309 3968 τοῦντος
339 3909 477 3977 περὶ
516 3910 692 3965 ταῦτα
732 3917 968 3988 σπουδὴν
1016 3919 1101 3991 [Ρ.
1133 3923 1260 3997 161]
1306 3901 1402 3981 καὶ
1440 3901 1679 4004 ἐγρηγο-

123 3996 595 4095 μυῖαν-πανταχόσε
625 4005 945 4077 περίϐλεψιν
978 4014 1058 4075 εἰς
1092 4016 1201 4069 πᾶν
1232 3996 1294 4071 τὸ
1322 4020 1440 4075 δέον
1471 3996 1678 4095 προθύ-

119 4100 213 4176 μως
254 4087 529 4156 ἀλλήλους
581 4093 985 4164 ὑπερϐαλέσθαι
1023 4103 1444 4176 ἁμιλλωμένων,
1487 4087 1677 4171 ἅπασα

119 4174 198 4238 μὲν
217 4178 392 4233 ἀδικία
416 4184 589 4248 εὐθὺς
610 4186 715 4239 ἀπὸ
738 4188 956 4245 πάντων
970 4174 1256 4263 ἠλαύνετο,
1278 4203 1372 4255 καὶ
1392 4205 1452 4257 τὸ
1469 4206 1679 4264 δίκαιον

117 4269 556 4341 ἐπαρρησιάζετο,
584 4278 678 4330 καὶ
712 4282 767 4332 αί
820 4284 951 4353 πρὶν
983 4286 1125 4360 ὑπὲρ
1156 4294 1254 4356 τὰς
1289 4294 1541 4368 Βριάρεω
1563 4305 1676 4373 χεῖ-

116 4374 188 4425 ρες
220 4365 349 4462 πρὸς
407 4368 481 4419 τὰ
553 4367 811 4441 ἀλλότρια
848 4374 1223 4448 έκτεινὸμεναι
1256 4365 1673 4462 ἐκνεναρκωμέ-

114 4466 205 4510 ut;
225 4452 409 4525 ῶσπερ
434 4457 540 4510 καὶ
562 4460 924 4529 παρειμέναις
941 4466 1229 4537 ἑῴκεισαν,
1259 4477 1353 4529 καὶ
1380 4480 1450 4533 τὰ
1471 4482 1672 4557 ἀσθενῆ

114 4542 196 4611 πρὸ
225 4545 413 4600 τούτου

113 4632 251 4698 ἀδεῶς
305 4638 551 4694 ἕκαστον
608 4642 707 4714 τὴν
742 4646 949 4702 οἰκείαν
1004 4651 1175 4721 βῶλον
1213 4659 1543 4728 ἐργάζεσθαι
1579 4673 1673 4724 κα)⁵

113 4726 180 4777 ὢν
206 4729 327 4783 ἴδιον
356 4735 675 4804 ἀμπελῶνα
703 4742 1071 4812 καρποῦσθαι,
1101 4751 1196 4802 καὶ
1228 4726 1325 4823 τὴν
1360 4757 1548 4815 ἐλαίαν
1580 4767 1672 4819 καὶ

213 4826 378 4896 συκῆν
399 4828 508 4897 τὴν
549 4829 812 4901 πατρῴαν
849 4836 1057 4907 μηδένα
1087 4837 1227 4899 εἶναι
1260 4820 1355 4903 τὸν
1384 4854 1669 4924 τολμῶντα

110 4912 193 4965 ὑπὸ
222 4918 311 4988 τὴν
335 4920 548 4975 ἑαυτοῦ
575 4921 623 4953 ⁵⁸
680 4928 956 4982 ποιεῖσθαι
990 4931 1266 5003 ἐξουσίαν,
1294 4942 1409 4996 ἀλλ’
1440 4912 1669 5005 ἕκαστον

110 5004 152 5052 ἐν
175 5009 232 5078 τῇ
256 5012 480 5082 συνήθει
516 5013 617 5066 καὶ
631 5019 863 5089 πατρῴᾳ
884 5022 1091 5079 τούτων
1114 5032 1241 5101 σκιᾷ
1269 5032 1667 5099 ἀναπαύεσθαι.

109 5097 195 5151 Καὶ
215 5102 351 5157 οὕτω
380 5106 486 5175 μὲν
519 5108 655 5176 περὶ
683 5110 725 5138 ⁸⁷
756 5112 848 5165 τὸν
878 5114 984 5168 ὑπὸ
1012 5121 1170 5189 χεῖρα
1197 5125 1373 5179 πάντα
1411 5129 1539 5184 λαὸν
1561 5134 1669 5190 τῶν

108 5204 150 5241 τε
168 5196 345 5265 χωρῶν
372 5199 474 5251 καὶ
500 5198 696 5252 τόπων
722 5202 815 5255 καὶ
844 5205 1049 5262 πόλεων
1084 5214 1181 5281 τῆς
1208 5214 1403 5270 ἑαυτοῦ
1438 5222 1668 5296 ἐπικρα-

109 5284 227 5348 τείας
265 5290 293 5340 ὁ
341 5290 592 5360 εὐσεϐὴς
616 5290 891 5361 διεγένετο
944 5298 1218 5366 βασιλεύς.
1256 5307 1320 5362 Εἰ
1350 5310 1406 5363 δέ
1444 5330 1528 5378 τις
1554 5284 1666 5371 οἷον

108 5373 202 5439 ὄζος
227 5380 421 5447 κακίας
451 5382 515 5436 ἐν
552 5400 663 5437 τινι
700 5388 941 5459 στερεῶς
980 5388 1037 5446 εὖ
1077 5395 1223 5463 μάλα
1253 5403 1664 5474 συναθροισθεὶς

110 5466 303 5566 τῶν
317 5475 465 5529 κατά
488 5476 669 5566 μέρος
686 5477 967 5549 ἀρχόντων
986 5488 1391 5563 μεταϐληθῆναι
1484 5466 1665 5555 τέλεον

110 5558 373 5635 ἐκκοπῆναι
437 5569 547 5639 οὐχ
602 5562 717 5632 οἷός
766 5589 826 5625 τε
873 5570 963 5644 ἦν,
1013 5577 1080 5630 δι’
1121 5582 1289 5636 αὑτοῦ
1327 5588 1538 5644 ἐκείνου
1569 5596 1663 5649 τοῦ

157 5659 482 5720 "Demosth.
522 5659 750 5736 Olynth.
782 5663 822 5720 Ι.
901 5676 915 5716 t
960 5667 1101 5728 Psal.
1136 5692 1313 5745 χχχιιι,
1352 5680 1434 5735 10.

1786 3302 2017 3355 egenum
2041 3288 2107 3343 de
2132 3305 2295 3344 manu
2329 3290 2622 3345 iortiorum
2674 3293 2951 3362 eriperent
2984 3291 2999 3343 ί
3037 3311 3051 3359 ;
3082 3294 3371 3364 paulatim-

1786 3396 1896 3450 que
1924 3398 2020 3437 eos
2050 3393 2363 3438 recrearent
2385 3401 2525 3454 quos
2565 3385 2635 3439 ob
2664 3386 3062 3453 prmteritorum
3110 3389 3367 3459 injuriam

1787 3475 1973 3529 animo
1997 3475 2238 3545 delinqui
2266 3485 2537 3531 noverant
2584 3492 2649 3531 ac
2674 3477 2895 3542 collabi,
2932 3494 3139 3550 eosque
3184 3481 3369 3537 suble-

1785 3576 1978 3621 vantes
2029 3568 2095 3620 ad
2137 3568 2428 3636 pristinam
2490 3585 2683 3625 omnes
2741 3569 3055 3626 felicitatem
3110 3588 3369 3643 reparare

1785 3662 2087 3714 studerent.
2136 3660 2198 3713 Hi
2234 3675 2421 3731 porro,
2450 3672 2564 3715 tum
2604 3677 2713 3732 qua
2750 3663 2851 3733 ipsi
2893 3663 3005 3733 jam
3060 3665 3221 3720 initio
3268 3683 3364 3721 ra-

1785 3751 1933 3804 tione
1975 3766 2040 3805 ac
2081 3752 2371 3820 spontead
2407 3752 2660 3807 virtutem
2704 3757 2956 3823 propensi
3010 3766 3165 3810 erant
3196 3756 3367 3829 (tales

1784 3840 1931 3893 enim
1961 3841 2189 3895 omnino
2221 3841 2534 3912 deligebat),
2556 3853 2671 3897 tum
2697 3845 3044 3913 imperatoris
3073 3849 3220 3903 circa
3252 3849 3369 3904 brec

1785 3933 2149 3988 sollicitudine
2184 3949 2251 3989 ac
2283 3935 2428 4005 vigili
2467 3936 2521 3989 in
2546 3938 2802 3993 omnibus
2850 3939 3364 4009 circumspectione,

1784 4039 1907 4078 cum
1944 4040 2003 4080 se
2032 4034 2225 4081 mutuo
2251 4026 2304 4079 in
2333 4027 2483 4080 omni
2512 4027 2674 4081 cilicii
2703 4043 2902 4096 genere
2927 4044 3189 4098 superare
3231 4044 3365 4084 con-

1782 4117 2088 4184 tenderent,
2121 4119 2303 4174 statim
2337 4121 2517 4173 omnis
2558 4120 2823 4190 injustitia
2860 4121 2927 4176 ab
2954 4123 3209 4178 omnibus
3239 4139 3365 4194 pro-

1782 4214 1870 4263 cul
1902 4208 2195 4273 facessere,
2228 4228 2292 4266 ac
2320 4211 2533 4280 iustitia
2558 4214 2709 4265 omni
2735 4214 2913 4282 palam
2944 4215 3049 4268 coli
3073 4214 3361 4282 libertate;

1782 4318 2093 4373 manusque
2153 4320 2319 4374 supra
2368 4320 2532 4375 quam
2590 4306 2793 4359 Briarei
2837 4315 2993 4361 antea
3055 4308 3121 4362 ad
3186 4310 3364 4365 aliena

1781 4394 2042 4463 rapienda
2091 4404 2325 4449 extentae
2383 4396 2612 4463 torpidis
2666 4396 3099 4467 stupefactisque
3157 4398 3365 4455 similes

1781 4488 2033 4542 decidere
2059 4507 2074 4554 ;
2107 4490 2432 4558 inﬁrmaque
2459 4490 2611 4557 prius
2636 4504 2936 4558 egenorum
2967 4492 3212 4545 membra
3274 4505 3364 4547 ro-

476 4549 591 4602 τῶν
642 4555 889 4623 πενήτων
924 4558 1061 4630 μέλη
1103 4563 1443 4633 ὲρῤώννυντο
1482 4575 1568 4628 διὰ
1614 4580 1675 4631 τὸ

1790 4583 1888 4637 bur
1916 4583 2165 4651 viresque
2196 4580 2469 4650 accipere,
2506 4581 2711 4635 idcirco
2742 4582 3004 4636 nimirum
3054 4583 3201 4652 quod
3243 4583 3361 4638 sin-

1784 4676 1925 4745 gulis
1964 4690 2117 4728 suam
2153 4674 2319 4729 libere
2362 4676 2743 4730 exercentibus
2794 4676 3029 4745 glebam,
3078 4677 3362 4748 vineaeque

1782 4777 2047 4837 proventu
2080 4765 2389 4822 iruentibus
2414 4767 2679 4837 avitasque
2706 4767 2864 4822 olivae
2906 4784 2972 4822 ac
3009 4769 3166 4826 ﬁcus.
3200 4783 3361 4824 nemo

1780 4868 1901 4913 erat
1925 4859 2016 4927 qui
2055 4860 2167 4912 haec
2216 4859 2318 4912 sibi
2342 4859 2536 4927 quavis
2572 4858 2772 4927 injuria
2804 4873 3070 4928 usurpare
3110 4858 3357 4925 auderet,

1780 4949 1875 5002 sed
1907 4947 2139 5017 quisque
2188 4948 2241 5001 in
2286 4948 2479 5002 borum
2533 4955 2798 5003 consueta
2852 4948 3106 5017 avitaque
3163 4949 3358 5005 umbra

1779 5039 2212 5108 conquiesceret.
2243 5039 2297 5093 In
2347 5040 2492 5093 hunc
2523 5054 2581 5093 se
2628 5039 2851 5093 modum
2908 5040 3032 5108 pius
3062 5039 3361 5108 imperator

1776 5149 1901 5201 erga
1936 5147 2127 5187 omnes
2179 5133 2428 5188 subditos
2478 5131 2732 5194 habebat,
2763 5142 2876 5184 tum
2908 5130 3003 5201 qui
3043 5133 3155 5185 ruri
3190 5131 3357 5200 inque

1776 5223 1991 5293 oppidis
2023 5234 2135 5276 tum
2169 5223 2261 5292 qui
2293 5223 2346 5275 in
2382 5222 2608 5278 urbibus
2650 5222 2904 5292 agebant,
2941 5229 3224 5290 quantum
3246 5220 3356 5274 Ro-

1776 5319 1923 5373 mani
1949 5318 2159 5387 imperii
2191 5315 2355 5387 259
2384 5330 2504 5371 sese
2544 5314 2680 5369 ditio
2711 5313 3082 5384 protrahebat.
3119 5311 3352 5373 Slnau-

1775 5420 1882 5465 tem
1919 5410 2117 5479 aliquis
2155 5410 2322 5464 veluti
2356 5408 2577 5463 malitia:
2628 5422 2816 5462 ramus
2862 5407 2916 5460 iu
2950 5406 3140 5475 aliquo
3174 5404 3351 5460 valide

1774 5504 1938 5559 nimis
1968 5503 2327 5574 conglobatus
2367 5517 2395 5556 a
2429 5502 2801 5572 singularibus
2823 5497 3096 5570 prmfectis
3141 5514 3205 5551 ac
3236 5510 3352 5550 ma-

1776 5597 2093 5669 gistratibus
2124 5605 2216 5652 aut
2256 5595 2485 5651 convelli
2536 5603 2633 5650 aut
2676 5593 2920 5650 exscindi
2967 5590 3191 5645 omnino
3238 5603 3348 5642 non

1390 5778 1622 5837 νΑιιιιε
1665 5782 2071 5840 LECTIONES.

166 5848 198 5879 “
225 5852 378 5910 αὑτοῦ
418 5854 483 5914 Ρ.
570 5855 623 5888 ⁸⁷
663 5857 788 5931 περὶ
822 5873 929 5917 om.
956 5863 1021 5917 Α.
