  <div class='ocr_page' id='page_1' title='image "/cluster/home/n/w/nwhite01/storage/ocr_20150623/109/nnc1.0046979867/145.png"; bbox 0 0 4154 6446; ppageno 0'>
   <div class='ocr_carea' id='block_1_1' title="bbox 720 433 826 497">
    <p class='ocr_par' dir='ltr' id='par_1_1' title="bbox 720 433 826 497">
     <span class='ocr_line' id='line_1_1' title="bbox 720 433 826 497; baseline 0 0"><span class='ocrx_word' id='word_1_1' title='bbox 720 433 826 497; x_wconf 81' lang='lat'><strong>275</strong></span> 
     </span>
    </p>
   </div>
   <div class='ocr_carea' id='block_1_2' title="bbox 1815 438 2918 503">
    <p class='ocr_par' dir='ltr' id='par_1_2' title="bbox 1815 438 2918 503">
     <span class='ocr_line' id='line_1_2' title="bbox 1815 438 2918 503; baseline 0.002 -4"><span class='ocrx_word' id='word_1_2' title='bbox 1815 438 2323 501; x_wconf 74' lang='lat' dir='ltr'><strong>THEOPHANES</strong></span> <span class='ocrx_word' id='word_1_3' title='bbox 2360 441 2552 501; x_wconf 73' lang='grc' dir='ltr'><strong>ΟΟΝΤ</strong></span> <span class='ocrx_word' id='word_1_4' title='bbox 2559 443 2638 502; x_wconf 85' lang='lat' dir='ltr'><strong>1N</strong></span> <span class='ocrx_word' id='word_1_5' title='bbox 2650 441 2918 503; x_wconf 73' lang='lat' dir='ltr'><strong>UA&#39;J‘US.</strong></span> 
     </span>
    </p>
   </div>
   <div class='ocr_carea' id='block_1_3' title="bbox 3883 437 3991 499">
    <p class='ocr_par' dir='ltr' id='par_1_3' title="bbox 3883 437 3991 499">
     <span class='ocr_line' id='line_1_3' title="bbox 3883 437 3991 499; baseline -0.019 0"><span class='ocrx_word' id='word_1_6' title='bbox 3883 437 3991 499; x_wconf 68' lang='grc'><strong>976</strong></span> 
     </span>
    </p>
   </div>
   <div class='ocr_carea' id='block_1_4' title="bbox 722 551 2306 628">
    <p class='ocr_par' dir='ltr' id='par_1_4' title="bbox 722 551 2301 627">
     <span class='ocr_line' id='line_1_4' title="bbox 722 551 2301 627; baseline 0.004 -22"><span class='ocrx_word' id='word_1_7' title='bbox 722 560 957 619; x_wconf 83' lang='lat' dir='ltr'><strong>poterat,</strong></span> <span class='ocrx_word' id='word_1_8' title='bbox 997 551 1283 621; x_wconf 74' lang='lat' dir='ltr'><strong>ipsiusmet</strong></span> <span class='ocrx_word' id='word_1_9' title='bbox 1316 553 1661 621; x_wconf 72' lang='lat' dir='ltr'><strong>imperatoria</strong></span> <span class='ocrx_word' id='word_1_10' title='bbox 1687 571 1852 625; x_wconf 84' lang='lat' dir='ltr'><strong>opera</strong></span> <span class='ocrx_word' id='word_1_11' title='bbox 1902 558 2112 611; x_wconf 82' lang='lat' dir='ltr'><strong>meliori</strong></span> <span class='ocrx_word' id='word_1_12' title='bbox 2146 555 2301 627; x_wconf 82' lang='lat' dir='ltr'><strong>fruge</strong></span> 
     </span>
    </p>
   </div>
   <div class='ocr_carea' id='block_1_5' title="bbox 2412 551 4001 628">
    <p class='ocr_par' dir='ltr' id='par_1_5' title="bbox 2412 555 4001 628">
     <span class='ocr_line' id='line_1_5' title="bbox 2412 555 4001 628; baseline -0.004 -16"><span class='ocrx_word' id='word_1_13' title='bbox 2412 559 2785 627; x_wconf 73' lang='grc' dir='ltr'><strong>βασιλεύοντος</strong></span> <span class='ocrx_word' id='word_1_14' title='bbox 2840 558 2873 627; x_wconf 83' lang='grc' dir='ltr'>ἢ</span> <span class='ocrx_word' id='word_1_15' title='bbox 2941 556 3378 627; x_wconf 69' lang='grc' dir='ltr'>μετεϐάλλετοή</span> <span class='ocrx_word' id='word_1_16' title='bbox 3440 555 3671 615; x_wconf 52' lang='lat' dir='ltr'><strong>illicito;</strong></span> <span class='ocrx_word' id='word_1_17' title='bbox 3729 571 3845 617; x_wconf 87' lang='grc' dir='ltr'><strong>πως</strong></span> <span class='ocrx_word' id='word_1_18' title='bbox 3902 558 4001 628; x_wconf 68' lang='grc' dir='ltr'><strong>τήν</strong></span> 
     </span>
    </p>
   </div>
   <div class='ocr_carea' id='block_1_6' title="bbox 722 645 2305 714">
    <p class='ocr_par' dir='ltr' id='par_1_6' title="bbox 722 645 2305 714">
     <span class='ocr_line' id='line_1_6' title="bbox 722 645 2305 714; baseline 0.001 -13"><span class='ocrx_word' id='word_1_19' title='bbox 722 645 1175 714; x_wconf 71' lang='lat' dir='ltr'><strong>componebatur,</strong></span> <span class='ocrx_word' id='word_1_20' title='bbox 1210 656 1305 701; x_wconf 89' lang='lat' dir='ltr'><strong>aut</strong></span> <span class='ocrx_word' id='word_1_21' title='bbox 1345 656 1493 702; x_wconf 84' lang='lat' dir='ltr'><strong>certe</strong></span> <span class='ocrx_word' id='word_1_22' title='bbox 1523 648 1689 702; x_wconf 87' lang='lat' dir='ltr'><strong>variis</strong></span> <span class='ocrx_word' id='word_1_23' title='bbox 1722 649 1845 703; x_wconf 87' lang='lat' dir='ltr'><strong>aliis</strong></span> <span class='ocrx_word' id='word_1_24' title='bbox 1874 648 2051 704; x_wconf 86' lang='lat' dir='ltr'><strong>modis</strong></span> <span class='ocrx_word' id='word_1_25' title='bbox 2078 649 2305 705; x_wconf 85' lang='lat' dir='ltr'><strong>medici-</strong></span> 
     </span>
    </p>
   </div>
   <div class='ocr_carea' id='block_1_7' title="bbox 722 737 2305 810">
    <p class='ocr_par' dir='ltr' id='par_1_7' title="bbox 722 737 2305 810">
     <span class='ocr_line' id='line_1_7' title="bbox 722 737 2305 810; baseline 0.002 -19"><span class='ocrx_word' id='word_1_26' title='bbox 722 753 850 791; x_wconf 88' lang='lat' dir='ltr'><strong>nam</strong></span> <span class='ocrx_word' id='word_1_27' title='bbox 894 738 1219 806; x_wconf 87' lang='lat' dir='ltr'><strong>accipiebat.</strong></span> <span class='ocrx_word' id='word_1_28' title='bbox 1261 737 1399 792; x_wconf 85' lang='lat' dir='ltr'><strong>Cum</strong></span> <span class='ocrx_word' id='word_1_29' title='bbox 1431 741 1575 793; x_wconf 89' lang='lat' dir='ltr'><strong>enim</strong></span> <span class='ocrx_word' id='word_1_30' title='bbox 1606 740 1848 809; x_wconf 84' lang='lat' dir='ltr'><strong>Optimus</strong></span> <span class='ocrx_word' id='word_1_31' title='bbox 1876 740 1968 795; x_wconf 86' lang='lat' dir='ltr'><strong>hic</strong></span> <span class='ocrx_word' id='word_1_32' title='bbox 2002 741 2305 810; x_wconf 78' lang='lat' dir='ltr'><strong>imperator</strong></span> 
     </span>
    </p>
   </div>
   <div class='ocr_carea' id='block_1_8' title="bbox 721 830 2303 901">
    <p class='ocr_par' dir='ltr' id='par_1_8' title="bbox 721 830 2303 901">
     <span class='ocr_line' id='line_1_8' title="bbox 721 830 2303 901; baseline -0.001 -16"><span class='ocrx_word' id='word_1_33' title='bbox 721 845 818 900; x_wconf 92' lang='lat' dir='ltr'><strong>per</strong></span> <span class='ocrx_word' id='word_1_34' title='bbox 841 844 1057 884; x_wconf 90' lang='lat' dir='ltr'><strong>omnem</strong></span> <span class='ocrx_word' id='word_1_35' title='bbox 1090 830 1198 885; x_wconf 90' lang='lat' dir='ltr'><strong>late</strong></span> <span class='ocrx_word' id='word_1_36' title='bbox 1217 830 1475 885; x_wconf 78' lang='lat' dir='ltr'><strong>ditionem</strong></span> <span class='ocrx_word' id='word_1_37' title='bbox 1507 831 1831 900; x_wconf 86' lang='lat' dir='ltr'><strong>injustitiam</strong></span> <span class='ocrx_word' id='word_1_38' title='bbox 1850 845 2075 901; x_wconf 85' lang='lat' dir='ltr'><strong>prorsus</strong></span> <span class='ocrx_word' id='word_1_39' title='bbox 2103 830 2303 885; x_wconf 81' lang='lat' dir='ltr'><strong>exstir-</strong></span> 
     </span>
    </p>
   </div>
   <div class='ocr_carea' id='block_1_9' title="bbox 722 922 2303 994">
    <p class='ocr_par' dir='ltr' id='par_1_9' title="bbox 722 922 2303 994">
     <span class='ocr_line' id='line_1_9' title="bbox 722 922 2303 994; baseline 0.001 -17"><span class='ocrx_word' id='word_1_40' title='bbox 722 938 853 993; x_wconf 83' lang='lat' dir='ltr'><strong>pare</strong></span> <span class='ocrx_word' id='word_1_41' title='bbox 878 922 1255 988; x_wconf 76' lang='lat' dir='ltr'><strong>contenderet,</strong></span> <span class='ocrx_word' id='word_1_42' title='bbox 1293 924 1493 993; x_wconf 82' lang='lat' dir='ltr'><strong>ubique</strong></span> <span class='ocrx_word' id='word_1_43' title='bbox 1524 924 1738 980; x_wconf 83' lang='lat' dir='ltr'><strong>sancita</strong></span> <span class='ocrx_word' id='word_1_44' title='bbox 1769 924 1940 979; x_wconf 86' lang='lat' dir='ltr'><strong>edidit</strong></span> <span class='ocrx_word' id='word_1_45' title='bbox 1990 925 2157 994; x_wconf 87' lang='lat' dir='ltr'><strong>inquc</strong></span> <span class='ocrx_word' id='word_1_46' title='bbox 2179 938 2303 978; x_wconf 87' lang='lat' dir='ltr'><strong>om-</strong></span> 
     </span>
    </p>
   </div>
   <div class='ocr_carea' id='block_1_10' title="bbox 723 1016 2306 1085">
    <p class='ocr_par' dir='ltr' id='par_1_10' title="bbox 723 1016 2306 1085">
     <span class='ocr_line' id='line_1_10' title="bbox 723 1016 2306 1085; baseline -0.001 -15"><span class='ocrx_word' id='word_1_47' title='bbox 723 1031 821 1070; x_wconf 90' lang='lat' dir='ltr'><strong>nes</strong></span> <span class='ocrx_word' id='word_1_48' title='bbox 853 1016 1167 1084; x_wconf 83' lang='lat' dir='ltr'><strong>provincias</strong></span> <span class='ocrx_word' id='word_1_49' title='bbox 1208 1017 1380 1078; x_wconf 85' lang='lat' dir='ltr'><strong>misit,</strong></span> <span class='ocrx_word' id='word_1_50' title='bbox 1412 1017 1613 1085; x_wconf 80' lang='lat' dir='ltr'><strong>quibus</strong></span> <span class='ocrx_word' id='word_1_51' title='bbox 1649 1018 1798 1071; x_wconf 83' lang='lat' dir='ltr'><strong>datio</strong></span> <span class='ocrx_word' id='word_1_52' title='bbox 1833 1017 2017 1072; x_wconf 91' lang='lat' dir='ltr'><strong>omnis</strong></span> <span class='ocrx_word' id='word_1_53' title='bbox 2058 1031 2121 1070; x_wconf 91' lang='lat' dir='ltr'><strong>ac</strong></span> <span class='ocrx_word' id='word_1_54' title='bbox 2168 1030 2306 1085; x_wconf 66' lang='lat' dir='ltr'><strong>pra:-</strong></span> 
     </span>
    </p>
   </div>
   <div class='ocr_carea' id='block_1_11' title="bbox 722 1106 2306 1179">
    <p class='ocr_par' dir='ltr' id='par_1_11' title="bbox 722 1106 2306 1179">
     <span class='ocr_line' id='line_1_11' title="bbox 722 1106 2306 1179; baseline -0.001 -17"><span class='ocrx_word' id='word_1_55' title='bbox 722 1109 910 1175; x_wconf 85' lang='lat' dir='ltr'><strong>statio,</strong></span> <span class='ocrx_word' id='word_1_56' title='bbox 948 1124 1060 1178; x_wconf 49' lang='lat' dir='ltr'><strong>pra).</strong></span> <span class='ocrx_word' id='word_1_57' title='bbox 1093 1110 1283 1163; x_wconf 84' lang='lat' dir='ltr'><strong>inclita</strong></span> <span class='ocrx_word' id='word_1_58' title='bbox 1324 1110 1454 1163; x_wconf 92' lang='lat' dir='ltr'><strong>olim</strong></span> <span class='ocrx_word' id='word_1_59' title='bbox 1484 1126 1652 1179; x_wconf 79' lang='lat' dir='ltr'><strong>prava</strong></span> <span class='ocrx_word' id='word_1_60' title='bbox 1700 1110 2103 1165; x_wconf 89' lang='lat' dir='ltr'><strong>consuetudine</strong></span> <span class='ocrx_word' id='word_1_61' title='bbox 2160 1106 2306 1163; x_wconf 87' lang='lat' dir='ltr'><strong>baud</strong></span> 
     </span>
    </p>
   </div>
   <div class='ocr_carea' id='block_1_12' title="bbox 722 1200 2305 1266">
    <p class='ocr_par' dir='ltr' id='par_1_12' title="bbox 722 1200 2305 1266">
     <span class='ocr_line' id='line_1_12' title="bbox 722 1200 2305 1266; baseline -0.002 -11"><span class='ocrx_word' id='word_1_62' title='bbox 722 1202 899 1255; x_wconf 86' lang='lat' dir='ltr'><strong>aliena</strong></span> <span class='ocrx_word' id='word_1_63' title='bbox 929 1218 958 1255; x_wconf 88' lang='lat' dir='ltr'><strong>a</strong></span> <span class='ocrx_word' id='word_1_64' title='bbox 999 1203 1210 1256; x_wconf 80' lang='lat' dir='ltr'><strong>ratione</strong></span> <span class='ocrx_word' id='word_1_65' title='bbox 1240 1202 1380 1266; x_wconf 86' lang='lat' dir='ltr'><strong>visa,</strong></span> <span class='ocrx_word' id='word_1_66' title='bbox 1411 1203 1705 1257; x_wconf 78' lang='lat' dir='ltr'><strong>tollebatur</strong></span> <span class='ocrx_word' id='word_1_67' title='bbox 1750 1216 1814 1255; x_wconf 91' lang='lat' dir='ltr'><strong>ac</strong></span> <span class='ocrx_word' id='word_1_68' title='bbox 1856 1200 2305 1263; x_wconf 76' lang='lat' dir='ltr'><strong>exscitidebatur,</strong></span> 
     </span>
    </p>
   </div>
   <div class='ocr_carea' id='block_1_13' title="bbox 722 1294 2307 1365">
    <p class='ocr_par' dir='ltr' id='par_1_13' title="bbox 722 1294 2307 1365">
     <span class='ocr_line' id='line_1_13' title="bbox 722 1294 2307 1365; baseline -0.003 -16"><span class='ocrx_word' id='word_1_69' title='bbox 722 1296 1013 1364; x_wconf 89' lang='lat' dir='ltr'><strong>omnisque</strong></span> <span class='ocrx_word' id='word_1_70' title='bbox 1045 1296 1335 1365; x_wconf 71' lang='lat' dir='ltr'><strong>aequalitas</strong></span> <span class='ocrx_word' id='word_1_71' title='bbox 1362 1310 1425 1349; x_wconf 89' lang='lat' dir='ltr'><strong>ac</strong></span> <span class='ocrx_word' id='word_1_72' title='bbox 1450 1295 1659 1364; x_wconf 91' lang='lat' dir='ltr'><strong>justitia</strong></span> <span class='ocrx_word' id='word_1_73' title='bbox 1691 1295 1839 1347; x_wconf 79' lang='lat' dir='ltr'><strong>velut</strong></span> <span class='ocrx_word' id='word_1_74' title='bbox 1868 1311 1900 1348; x_wconf 90' lang='lat' dir='ltr'><strong>a</strong></span> <span class='ocrx_word' id='word_1_75' title='bbox 1932 1294 2145 1364; x_wconf 80' lang='lat' dir='ltr'><strong>prolixo</strong></span> <span class='ocrx_word' id='word_1_76' title='bbox 2167 1306 2307 1363; x_wconf 89' lang='lat' dir='ltr'><strong>quo-</strong></span> 
     </span>
    </p>
   </div>
   <div class='ocr_carea' id='block_1_14' title="bbox 721 1388 2309 1459">
    <p class='ocr_par' dir='ltr' id='par_1_14' title="bbox 721 1388 2309 1459">
     <span class='ocr_line' id='line_1_14' title="bbox 721 1388 2309 1459; baseline -0.002 -17"><span class='ocrx_word' id='word_1_77' title='bbox 721 1388 848 1442; x_wconf 86' lang='lat' dir='ltr'><strong>dam</strong></span> <span class='ocrx_word' id='word_1_78' title='bbox 884 1389 1080 1443; x_wconf 81' lang='lat' dir='ltr'><strong>exsilio</strong></span> <span class='ocrx_word' id='word_1_79' title='bbox 1112 1404 1176 1443; x_wconf 85' lang='lat' dir='ltr'><strong>ac</strong></span> <span class='ocrx_word' id='word_1_80' title='bbox 1218 1389 1342 1459; x_wconf 87' lang='lat' dir='ltr'><strong>fuga</strong></span> <span class='ocrx_word' id='word_1_81' title='bbox 1368 1390 1420 1442; x_wconf 92' lang='lat' dir='ltr'><strong>in</strong></span> <span class='ocrx_word' id='word_1_82' title='bbox 1457 1389 1583 1442; x_wconf 78' lang='lat' dir='ltr'><strong>vita:</strong></span> <span class='ocrx_word' id='word_1_83' title='bbox 1627 1404 1787 1443; x_wconf 91' lang='lat' dir='ltr'><strong>usum</strong></span> <span class='ocrx_word' id='word_1_84' title='bbox 1826 1388 2017 1443; x_wconf 87' lang='lat' dir='ltr'><strong>reduci</strong></span> <span class='ocrx_word' id='word_1_85' title='bbox 2058 1388 2309 1455; x_wconf 89' lang='lat' dir='ltr'><strong>interque</strong></span> 
     </span>
    </p>
   </div>
   <div class='ocr_carea' id='block_1_15' title="bbox 724 1482 1757 1536">
    <p class='ocr_par' dir='ltr' id='par_1_15' title="bbox 724 1482 1757 1536">
     <span class='ocr_line' id='line_1_15' title="bbox 724 1482 1757 1536; baseline 0.001 -2"><span class='ocrx_word' id='word_1_86' title='bbox 724 1482 972 1535; x_wconf 83' lang='lat' dir='ltr'><strong>homines</strong></span> <span class='ocrx_word' id='word_1_87' title='bbox 999 1498 1200 1535; x_wconf 87' lang='lat' dir='ltr'><strong>novum</strong></span> <span class='ocrx_word' id='word_1_88' title='bbox 1235 1483 1424 1536; x_wconf 86' lang='lat' dir='ltr'><strong>vivere</strong></span> <span class='ocrx_word' id='word_1_89' title='bbox 1450 1483 1757 1535; x_wconf 82' lang='lat' dir='ltr'><strong>videbatur.</strong></span> 
     </span>
    </p>
   </div>
   <div class='ocr_carea' id='block_1_16' title="bbox 793 1570 2308 1643">
    <p class='ocr_par' dir='ltr' id='par_1_16' title="bbox 793 1570 2308 1643">
     <span class='ocr_line' id='line_1_16' title="bbox 793 1570 2308 1643; baseline -0.002 -17"><span class='ocrx_word' id='word_1_90' title='bbox 793 1574 884 1626; x_wconf 83' lang='lat'><strong>5|.</strong></span> <span class='ocrx_word' id='word_1_91' title='bbox 919 1571 1024 1626; x_wconf 88' lang='lat' dir='ltr'><strong>Sed</strong></span> <span class='ocrx_word' id='word_1_92' title='bbox 1046 1588 1101 1626; x_wconf 89' lang='lat' dir='ltr'><strong>et</strong></span> <span class='ocrx_word' id='word_1_93' title='bbox 1138 1574 1231 1642; x_wconf 90' lang='lat' dir='ltr'><strong>qui</strong></span> <span class='ocrx_word' id='word_1_94' title='bbox 1261 1572 1553 1643; x_wconf 87' lang='lat' dir='ltr'><strong>adjudieia</strong></span> <span class='ocrx_word' id='word_1_95' title='bbox 1580 1573 1760 1626; x_wconf 88' lang='lat' dir='ltr'><strong>idonei</strong></span> <span class='ocrx_word' id='word_1_96' title='bbox 1795 1587 1969 1641; x_wconf 80' lang='lat' dir='ltr'><strong>exque</strong></span> <span class='ocrx_word' id='word_1_97' title='bbox 1998 1570 2308 1639; x_wconf 83' lang='lat' dir='ltr'><strong>disciplinis</strong></span> 
     </span>
    </p>
   </div>
   <div class='ocr_carea' id='block_1_17' title="bbox 722 1664 2311 1733">
    <p class='ocr_par' dir='ltr' id='par_1_17' title="bbox 722 1664 2311 1733">
     <span class='ocr_line' id='line_1_17' title="bbox 722 1664 2311 1733; baseline 0 -16"><span class='ocrx_word' id='word_1_98' title='bbox 722 1665 779 1718; x_wconf 90' lang='lat' dir='ltr'><strong>in</strong></span> <span class='ocrx_word' id='word_1_99' title='bbox 809 1679 931 1718; x_wconf 88' lang='lat' dir='ltr'><strong>eam</strong></span> <span class='ocrx_word' id='word_1_100' title='bbox 969 1680 1082 1718; x_wconf 90' lang='lat' dir='ltr'><strong>rem</strong></span> <span class='ocrx_word' id='word_1_101' title='bbox 1116 1666 1371 1721; x_wconf 87' lang='lat' dir='ltr'><strong>instructi</strong></span> <span class='ocrx_word' id='word_1_102' title='bbox 1414 1666 1551 1719; x_wconf 88' lang='lat' dir='ltr'><strong>satis</strong></span> <span class='ocrx_word' id='word_1_103' title='bbox 1592 1666 1875 1733; x_wconf 82' lang='lat' dir='ltr'><strong>animique</strong></span> <span class='ocrx_word' id='word_1_104' title='bbox 1921 1664 2192 1717; x_wconf 88' lang='lat' dir='ltr'><strong>sententia</strong></span> <span class='ocrx_word' id='word_1_105' title='bbox 2247 1677 2311 1717; x_wconf 87' lang='lat' dir='ltr'><strong>ac</strong></span> 
     </span>
    </p>
   </div>
   <div class='ocr_carea' id='block_1_18' title="bbox 722 1756 2311 1827">
    <p class='ocr_par' dir='ltr' id='par_1_18' title="bbox 722 1756 2311 1827">
     <span class='ocr_line' id='line_1_18' title="bbox 722 1756 2311 1827; baseline 0.001 -18"><span class='ocrx_word' id='word_1_106' title='bbox 722 1757 1005 1811; x_wconf 79' lang='lat' dir='ltr'><strong>voluntate</strong></span> <span class='ocrx_word' id='word_1_107' title='bbox 1046 1759 1286 1827; x_wconf 82' lang='lat' dir='ltr'><strong>religiosi</strong></span> <span class='ocrx_word' id='word_1_108' title='bbox 1322 1758 1631 1827; x_wconf 82' lang='lat' dir='ltr'><strong>integrique</strong></span> <span class='ocrx_word' id='word_1_109' title='bbox 1666 1757 2059 1822; x_wconf 87' lang='lat' dir='ltr'><strong>noscebantur,</strong></span> <span class='ocrx_word' id='word_1_110' title='bbox 2095 1756 2311 1811; x_wconf 86' lang='lat' dir='ltr'><strong>collatis</strong></span> 
     </span>
    </p>
   </div>
   <div class='ocr_carea' id='block_1_19' title="bbox 722 1848 2308 1918">
    <p class='ocr_par' dir='ltr' id='par_1_19' title="bbox 722 1848 2308 1918">
     <span class='ocr_line' id='line_1_19' title="bbox 722 1848 2308 1918; baseline 0 -16"><span class='ocrx_word' id='word_1_111' title='bbox 722 1849 1029 1903; x_wconf 84' lang='lat' dir='ltr'><strong>honoribus</strong></span> <span class='ocrx_word' id='word_1_112' title='bbox 1090 1849 1160 1903; x_wconf 89' lang='lat' dir='ltr'><strong>ab</strong></span> <span class='ocrx_word' id='word_1_113' title='bbox 1213 1850 1494 1903; x_wconf 84' lang='lat' dir='ltr'><strong>humiliori</strong></span> <span class='ocrx_word' id='word_1_114' title='bbox 1558 1849 1727 1918; x_wconf 86' lang='lat' dir='ltr'><strong>gradu</strong></span> <span class='ocrx_word' id='word_1_115' title='bbox 1781 1848 2077 1903; x_wconf 80' lang='lat' dir='ltr'><strong>sustollens</strong></span> <span class='ocrx_word' id='word_1_116' title='bbox 2142 1859 2308 1916; x_wconf 85' lang='lat' dir='ltr'><strong>atque</strong></span> 
     </span>
    </p>
   </div>
   <div class='ocr_carea' id='block_1_20' title="bbox 730 1941 2307 2012">
    <p class='ocr_par' dir='ltr' id='par_1_20' title="bbox 730 1941 2307 2012">
     <span class='ocr_line' id='line_1_20' title="bbox 730 1941 2307 2012; baseline -0.003 -16"><span class='ocrx_word' id='word_1_117' title='bbox 730 1942 1027 2006; x_wconf 75' lang='lat' dir='ltr'><strong>exultans,</strong></span> <span class='ocrx_word' id='word_1_118' title='bbox 1080 1943 1389 2012; x_wconf 82' lang='lat' dir='ltr'><strong>annuisque</strong></span> <span class='ocrx_word' id='word_1_119' title='bbox 1445 1942 1733 2010; x_wconf 84' lang='lat' dir='ltr'><strong>stipendiis</strong></span> <span class='ocrx_word' id='word_1_120' title='bbox 1778 1953 1832 1995; x_wconf 86' lang='lat' dir='ltr'><strong>et</strong></span> <span class='ocrx_word' id='word_1_121' title='bbox 1880 1941 2307 1994; x_wconf 77' lang='lat' dir='ltr'><strong>frumentatione</strong></span> 
     </span>
    </p>
   </div>
   <div class='ocr_carea' id='block_1_21' title="bbox 723 2029 2305 2099">
    <p class='ocr_par' dir='ltr' id='par_1_21' title="bbox 723 2029 2305 2099">
     <span class='ocr_line' id='line_1_21' title="bbox 723 2029 2305 2099; baseline 0 -16"><span class='ocrx_word' id='word_1_122' title='bbox 723 2032 960 2099; x_wconf 85' lang='lat' dir='ltr'><strong>aliisque</strong></span> <span class='ocrx_word' id='word_1_123' title='bbox 992 2032 1313 2085; x_wconf 83' lang='lat' dir='ltr'><strong>muneribus</strong></span> <span class='ocrx_word' id='word_1_124' title='bbox 1342 2031 1639 2086; x_wconf 79' lang='lat' dir='ltr'><strong>liberaliter</strong></span> <span class='ocrx_word' id='word_1_125' title='bbox 1672 2032 1908 2094; x_wconf 85' lang='lat' dir='ltr'><strong>donans,</strong></span> <span class='ocrx_word' id='word_1_126' title='bbox 1941 2045 2036 2099; x_wconf 88' lang='lat' dir='ltr'><strong>per</strong></span> <span class='ocrx_word' id='word_1_127' title='bbox 2060 2029 2305 2099; x_wconf 87' lang='lat' dir='ltr'><strong>singulos</strong></span> 
     </span>
    </p>
   </div>
   <div class='ocr_carea' id='block_1_22' title="bbox 725 2123 2302 2193">
    <p class='ocr_par' dir='ltr' id='par_1_22' title="bbox 725 2123 2302 2193">
     <span class='ocr_line' id='line_1_22' title="bbox 725 2123 2302 2193; baseline 0 -18"><span class='ocrx_word' id='word_1_128' title='bbox 725 2124 1117 2191; x_wconf 70' lang='lat' dir='ltr'><strong>pronemodum</strong></span> <span class='ocrx_word' id='word_1_129' title='bbox 1149 2124 1301 2177; x_wconf 84' lang='lat' dir='ltr'><strong>vicos</strong></span> <span class='ocrx_word' id='word_1_130' title='bbox 1335 2124 1637 2192; x_wconf 83' lang='lat' dir='ltr'><strong>domosque</strong></span> <span class='ocrx_word' id='word_1_131' title='bbox 1666 2123 1952 2193; x_wconf 83' lang='lat' dir='ltr'><strong>religiosas</strong></span> <span class='ocrx_word' id='word_1_132' title='bbox 1987 2123 2302 2177; x_wconf 88' lang='lat' dir='ltr'><strong>constituit.</strong></span> 
     </span>
    </p>
   </div>
   <div class='ocr_carea' id='block_1_23' title="bbox 723 2214 2307 2285">
    <p class='ocr_par' dir='ltr' id='par_1_23' title="bbox 723 2214 2307 2285">
     <span class='ocr_line' id='line_1_23' title="bbox 723 2214 2307 2285; baseline 0 -17"><span class='ocrx_word' id='word_1_133' title='bbox 723 2214 1078 2271; x_wconf 86' lang='lat' dir='ltr'><strong>Potissimum</strong></span> <span class='ocrx_word' id='word_1_134' title='bbox 1123 2231 1274 2277; x_wconf 83' lang='lat' dir='ltr'><strong>vero,</strong></span> <span class='ocrx_word' id='word_1_135' title='bbox 1323 2230 1487 2285; x_wconf 85' lang='lat' dir='ltr'><strong>quam</strong></span> <span class='ocrx_word' id='word_1_136' title='bbox 1540 2214 1771 2271; x_wconf 81' lang='lat' dir='ltr'><strong>Clialces</strong></span> <span class='ocrx_word' id='word_1_137' title='bbox 1821 2225 2037 2277; x_wconf 86' lang='lat' dir='ltr'><strong>vocant,</strong></span> <span class='ocrx_word' id='word_1_138' title='bbox 2086 2214 2307 2283; x_wconf 86' lang='lat' dir='ltr'><strong>conspi-</strong></span> 
     </span>
    </p>
   </div>
   <div class='ocr_carea' id='block_1_24' title="bbox 723 2301 2307 2375">
    <p class='ocr_par' dir='ltr' id='par_1_24' title="bbox 723 2301 2307 2375">
     <span class='ocr_line' id='line_1_24' title="bbox 723 2301 2307 2375; baseline 0.001 -19"><span class='ocrx_word' id='word_1_139' title='bbox 723 2316 884 2356; x_wconf 87' lang='lat' dir='ltr'><strong>cuam</strong></span> <span class='ocrx_word' id='word_1_140' title='bbox 914 2301 1045 2356; x_wconf 86' lang='lat' dir='ltr'><strong>olim</strong></span> <span class='ocrx_word' id='word_1_141' title='bbox 1069 2318 1133 2357; x_wconf 88' lang='lat' dir='ltr'><strong>ac</strong></span> <span class='ocrx_word' id='word_1_142' title='bbox 1159 2303 1536 2357; x_wconf 82' lang='lat' dir='ltr'><strong>admirandam</strong></span> <span class='ocrx_word' id='word_1_143' title='bbox 1561 2304 1757 2371; x_wconf 65' lang='lat' dir='ltr'><strong>aedem,</strong></span> <span class='ocrx_word' id='word_1_144' title='bbox 1810 2305 2075 2375; x_wconf 88' lang='lat' dir='ltr'><strong>temporis</strong></span> <span class='ocrx_word' id='word_1_145' title='bbox 2106 2305 2307 2374; x_wconf 85' lang='lat' dir='ltr'><strong>injuria</strong></span> 
     </span>
    </p>
   </div>
   <div class='ocr_carea' id='block_1_25' title="bbox 722 2394 2309 2467">
    <p class='ocr_par' dir='ltr' id='par_1_25' title="bbox 722 2394 2309 2467">
     <span class='ocr_line' id='line_1_25' title="bbox 722 2394 2309 2467; baseline 0.001 -18"><span class='ocrx_word' id='word_1_146' title='bbox 722 2408 1030 2464; x_wconf 85' lang='lat' dir='ltr'><strong>eorumque</strong></span> <span class='ocrx_word' id='word_1_147' title='bbox 1061 2395 1153 2464; x_wconf 92' lang='lat' dir='ltr'><strong>qui</strong></span> <span class='ocrx_word' id='word_1_148' title='bbox 1188 2410 1377 2449; x_wconf 87' lang='lat' dir='ltr'><strong>rerum</strong></span> <span class='ocrx_word' id='word_1_149' title='bbox 1403 2395 1559 2465; x_wconf 85' lang='lat' dir='ltr'><strong>potiti</strong></span> <span class='ocrx_word' id='word_1_150' title='bbox 1587 2404 1747 2450; x_wconf 89' lang='lat' dir='ltr'><strong>erant</strong></span> <span class='ocrx_word' id='word_1_151' title='bbox 1771 2397 2098 2467; x_wconf 76' lang='lat' dir='ltr'><strong>negligentia</strong></span> <span class='ocrx_word' id='word_1_152' title='bbox 2126 2394 2309 2465; x_wconf 87' lang='lat' dir='ltr'><strong>(forte</strong></span> 
     </span>
    </p>
   </div>
   <div class='ocr_carea' id='block_1_26' title="bbox 722 2486 2307 2557">
    <p class='ocr_par' dir='ltr' id='par_1_26' title="bbox 722 2486 2307 2557">
     <span class='ocr_line' id='line_1_26' title="bbox 722 2486 2307 2557; baseline 0.001 -16"><span class='ocrx_word' id='word_1_153' title='bbox 722 2486 889 2541; x_wconf 87' lang='lat' dir='ltr'><strong>etiam</strong></span> <span class='ocrx_word' id='word_1_154' title='bbox 932 2487 1309 2543; x_wconf 89' lang='lat' dir='ltr'><strong>incendiorum</strong></span> <span class='ocrx_word' id='word_1_155' title='bbox 1342 2486 1430 2557; x_wconf 89' lang='lat' dir='ltr'><strong>vi)</strong></span> <span class='ocrx_word' id='word_1_156' title='bbox 1478 2487 1669 2544; x_wconf 87' lang='lat' dir='ltr'><strong>multis</strong></span> <span class='ocrx_word' id='word_1_157' title='bbox 1719 2489 1774 2542; x_wconf 94' lang='lat' dir='ltr'><strong>in</strong></span> <span class='ocrx_word' id='word_1_158' title='bbox 1827 2489 1967 2544; x_wconf 88' lang='lat' dir='ltr'><strong>locis</strong></span> <span class='ocrx_word' id='word_1_159' title='bbox 2011 2488 2307 2544; x_wconf 87' lang='lat' dir='ltr'><strong>labefacta-</strong></span> 
     </span>
    </p>
   </div>
   <div class='ocr_carea' id='block_1_27' title="bbox 722 2578 2311 2651">
    <p class='ocr_par' dir='ltr' id='par_1_27' title="bbox 722 2578 2311 2651">
     <span class='ocr_line' id='line_1_27' title="bbox 722 2578 2311 2651; baseline 0.001 -18"><span class='ocrx_word' id='word_1_160' title='bbox 722 2587 860 2645; x_wconf 83' lang='lat' dir='ltr'><strong>tam,</strong></span> <span class='ocrx_word' id='word_1_161' title='bbox 892 2578 1141 2635; x_wconf 87' lang='lat' dir='ltr'><strong>obsoleto</strong></span> <span class='ocrx_word' id='word_1_162' title='bbox 1176 2588 1322 2634; x_wconf 90' lang='lat' dir='ltr'><strong>tecto</strong></span> <span class='ocrx_word' id='word_1_163' title='bbox 1358 2594 1421 2635; x_wconf 87' lang='lat' dir='ltr'><strong>ac</strong></span> <span class='ocrx_word' id='word_1_164' title='bbox 1444 2580 1771 2645; x_wconf 88' lang='lat' dir='ltr'><strong>collabente,</strong></span> <span class='ocrx_word' id='word_1_165' title='bbox 1807 2581 1924 2651; x_wconf 81' lang='lat' dir='ltr'><strong>ipse</strong></span> <span class='ocrx_word' id='word_1_166' title='bbox 1956 2590 2011 2635; x_wconf 87' lang='lat' dir='ltr'><strong>et</strong></span> <span class='ocrx_word' id='word_1_167' title='bbox 2040 2582 2226 2636; x_wconf 89' lang='lat' dir='ltr'><strong>labore</strong></span> <span class='ocrx_word' id='word_1_168' title='bbox 2256 2591 2311 2635; x_wconf 91' lang='lat' dir='ltr'><strong>et</strong></span> 
     </span>
    </p>
   </div>
   <div class='ocr_carea' id='block_1_28' title="bbox 720 2670 2311 2745">
    <p class='ocr_par' dir='ltr' id='par_1_28' title="bbox 720 2670 2311 2745">
     <span class='ocr_line' id='line_1_28' title="bbox 720 2670 2311 2745; baseline 0.004 -22"><span class='ocrx_word' id='word_1_169' title='bbox 720 2670 966 2740; x_wconf 87' lang='lat' dir='ltr'><strong>profusis</strong></span> <span class='ocrx_word' id='word_1_170' title='bbox 996 2672 1309 2743; x_wconf 89' lang='lat' dir='ltr'><strong>sumptibus</strong></span> <span class='ocrx_word' id='word_1_171' title='bbox 1335 2672 1659 2745; x_wconf 77' lang='lat' dir='ltr'><strong>expurgavit</strong></span> <span class='ocrx_word' id='word_1_172' title='bbox 1700 2683 1862 2743; x_wconf 90' lang='lat' dir='ltr'><strong>atque</strong></span> <span class='ocrx_word' id='word_1_173' title='bbox 1893 2671 2105 2738; x_wconf 83' lang='lat' dir='ltr'><strong>refecit,</strong></span> <span class='ocrx_word' id='word_1_174' title='bbox 2146 2673 2311 2745; x_wconf 77' lang='lat'><strong>260</strong></span> 
     </span>
    </p>
   </div>
   <div class='ocr_carea' id='block_1_29' title="bbox 720 2761 2311 2837">
    <p class='ocr_par' dir='ltr' id='par_1_29' title="bbox 720 2761 2311 2837">
     <span class='ocr_line' id='line_1_29' title="bbox 720 2761 2311 2837; baseline 0.003 -21"><span class='ocrx_word' id='word_1_175' title='bbox 720 2761 1013 2833; x_wconf 86' lang='lat' dir='ltr'><strong>forumque</strong></span> <span class='ocrx_word' id='word_1_176' title='bbox 1038 2763 1301 2832; x_wconf 76' lang='lat' dir='ltr'><strong>iudiciale</strong></span> <span class='ocrx_word' id='word_1_177' title='bbox 1334 2763 1655 2831; x_wconf 79' lang='lat' dir='ltr'><strong>destinavit,</strong></span> <span class='ocrx_word' id='word_1_178' title='bbox 1687 2766 1971 2837; x_wconf 76' lang='lat' dir='ltr'><strong>Areopago</strong></span> <span class='ocrx_word' id='word_1_179' title='bbox 2002 2764 2311 2836; x_wconf 70' lang='lat' dir='ltr'><strong>Helireaque</strong></span> 
     </span>
    </p>
   </div>
   <div class='ocr_carea' id='block_1_30' title="bbox 722 2852 2310 2925">
    <p class='ocr_par' dir='ltr' id='par_1_30' title="bbox 722 2852 2310 2925">
     <span class='ocr_line' id='line_1_30' title="bbox 722 2852 2310 2925; baseline 0.004 -18"><span class='ocrx_word' id='word_1_180' title='bbox 722 2853 897 2908; x_wconf 91' lang='lat' dir='ltr'><strong>multo</strong></span> <span class='ocrx_word' id='word_1_181' title='bbox 927 2854 1235 2924; x_wconf 86' lang='lat' dir='ltr'><strong>augustius.</strong></span> <span class='ocrx_word' id='word_1_182' title='bbox 1264 2852 1376 2911; x_wconf 89' lang='lat' dir='ltr'><strong>Nec</strong></span> <span class='ocrx_word' id='word_1_183' title='bbox 1425 2856 1673 2925; x_wconf 90' lang='lat' dir='ltr'><strong>judicum</strong></span> <span class='ocrx_word' id='word_1_184' title='bbox 1712 2858 2059 2913; x_wconf 83' lang='lat' dir='ltr'><strong>solummodo</strong></span> <span class='ocrx_word' id='word_1_185' title='bbox 2094 2858 2310 2913; x_wconf 89' lang='lat' dir='ltr'><strong>delectu</strong></span> 
     </span>
    </p>
   </div>
   <div class='ocr_carea' id='block_1_31' title="bbox 722 2946 2311 3021">
    <p class='ocr_par' dir='ltr' id='par_1_31' title="bbox 722 2946 2311 3021">
     <span class='ocr_line' id='line_1_31' title="bbox 722 2946 2311 3021; baseline 0.003 -21"><span class='ocrx_word' id='word_1_186' title='bbox 722 2961 788 3000; x_wconf 85' lang='lat' dir='ltr'><strong>ac</strong></span> <span class='ocrx_word' id='word_1_187' title='bbox 810 2946 1156 3016; x_wconf 89' lang='lat' dir='ltr'><strong>promotione</strong></span> <span class='ocrx_word' id='word_1_188' title='bbox 1186 2947 1295 3002; x_wconf 86' lang='lat' dir='ltr'><strong>illis</strong></span> <span class='ocrx_word' id='word_1_189' title='bbox 1322 2949 1558 3018; x_wconf 76' lang='lat' dir='ltr'><strong>providit</strong></span> <span class='ocrx_word' id='word_1_190' title='bbox 1584 2950 1677 3019; x_wconf 89' lang='lat' dir='ltr'><strong>qui</strong></span> <span class='ocrx_word' id='word_1_191' title='bbox 1704 2965 1766 3005; x_wconf 87' lang='lat' dir='ltr'><strong>se</strong></span> <span class='ocrx_word' id='word_1_192' title='bbox 1793 2950 1997 3021; x_wconf 80' lang='lat' dir='ltr'><strong>injuria</strong></span> <span class='ocrx_word' id='word_1_193' title='bbox 2030 2951 2150 3005; x_wconf 61' lang='lat' dir='ltr'><strong>laedi</strong></span> <span class='ocrx_word' id='word_1_194' title='bbox 2175 2966 2311 3020; x_wconf 67' lang='lat' dir='ltr'><strong>queo</strong></span> 
     </span>
    </p>
   </div>
   <div class='ocr_carea' id='block_1_32' title="bbox 720 3039 2310 3111">
    <p class='ocr_par' dir='ltr' id='par_1_32' title="bbox 720 3039 2310 3111">
     <span class='ocr_line' id='line_1_32' title="bbox 720 3039 2310 3111; baseline 0.003 -20"><span class='ocrx_word' id='word_1_195' title='bbox 720 3046 995 3104; x_wconf 87' lang='lat' dir='ltr'><strong>rerentur,</strong></span> <span class='ocrx_word' id='word_1_196' title='bbox 1020 3039 1114 3095; x_wconf 87' lang='lat' dir='ltr'><strong>sed</strong></span> <span class='ocrx_word' id='word_1_197' title='bbox 1142 3048 1197 3094; x_wconf 92' lang='lat' dir='ltr'><strong>et</strong></span> <span class='ocrx_word' id='word_1_198' title='bbox 1220 3040 1434 3095; x_wconf 87' lang='lat' dir='ltr'><strong>diurnis</strong></span> <span class='ocrx_word' id='word_1_199' title='bbox 1472 3041 1748 3097; x_wconf 82' lang='lat' dir='ltr'><strong>alimentis</strong></span> <span class='ocrx_word' id='word_1_200' title='bbox 1779 3042 1846 3097; x_wconf 93' lang='lat' dir='ltr'><strong>iis</strong></span> <span class='ocrx_word' id='word_1_201' title='bbox 1875 3043 2189 3098; x_wconf 80' lang='lat' dir='ltr'><strong>constitutis</strong></span> <span class='ocrx_word' id='word_1_202' title='bbox 2217 3042 2310 3111; x_wconf 87' lang='lat' dir='ltr'><strong>qui</strong></span> 
     </span>
    </p>
   </div>
   <div class='ocr_carea' id='block_1_33' title="bbox 722 3132 2311 3203">
    <p class='ocr_par' dir='ltr' id='par_1_33' title="bbox 722 3132 2311 3203">
     <span class='ocr_line' id='line_1_33' title="bbox 722 3132 2311 3203; baseline 0.003 -18"><span class='ocrx_word' id='word_1_203' title='bbox 722 3148 753 3185; x_wconf 85' lang='lat' dir='ltr'><strong>a</strong></span> <span class='ocrx_word' id='word_1_204' title='bbox 791 3132 1196 3201; x_wconf 81' lang='lat' dir='ltr'><strong>potentioribus</strong></span> <span class='ocrx_word' id='word_1_205' title='bbox 1225 3148 1323 3202; x_wconf 86' lang='lat' dir='ltr'><strong>per</strong></span> <span class='ocrx_word' id='word_1_206' title='bbox 1361 3134 1472 3187; x_wconf 89' lang='lat' dir='ltr'><strong>vim</strong></span> <span class='ocrx_word' id='word_1_207' title='bbox 1522 3135 1770 3203; x_wconf 85' lang='lat' dir='ltr'><strong>quotidie</strong></span> <span class='ocrx_word' id='word_1_208' title='bbox 1802 3136 1857 3188; x_wconf 88' lang='lat' dir='ltr'><strong>in</strong></span> <span class='ocrx_word' id='word_1_209' title='bbox 1895 3138 2084 3189; x_wconf 86' lang='lat' dir='ltr'><strong>urbem</strong></span> <span class='ocrx_word' id='word_1_210' title='bbox 2122 3136 2311 3191; x_wconf 82' lang='lat' dir='ltr'><strong>trahe-</strong></span> 
     </span>
    </p>
   </div>
   <div class='ocr_carea' id='block_1_34' title="bbox 2412 646 4005 721">
    <p class='ocr_par' dir='ltr' id='par_1_34' title="bbox 2412 646 4005 721">
     <span class='ocr_line' id='line_1_34' title="bbox 2412 646 4005 721; baseline -0.005 -14"><span class='ocrx_word' id='word_1_211' title='bbox 2412 652 2658 721; x_wconf 71' lang='grc' dir='ltr'>ἰατρείαν</span> <span class='ocrx_word' id='word_1_212' title='bbox 2706 652 2942 720; x_wconf 68' lang='grc' dir='ltr'>ἐδέχετο.</span> <span class='ocrx_word' id='word_1_213' title='bbox 2998 650 3195 703; x_wconf 76' lang='grc' dir='ltr'>Τέλεον</span> <span class='ocrx_word' id='word_1_214' title='bbox 3228 649 3337 719; x_wconf 68' lang='grc' dir='ltr'><strong>γὰρ</strong></span> <span class='ocrx_word' id='word_1_215' title='bbox 3377 649 3572 718; x_wconf 77' lang='grc' dir='ltr'><strong>ἐξᾶραι</strong></span> <span class='ocrx_word' id='word_1_216' title='bbox 3608 646 3879 700; x_wconf 77' lang='grc' dir='ltr'><strong>πάντοθεν</strong></span> <span class='ocrx_word' id='word_1_217' title='bbox 3904 648 4005 716; x_wconf 77' lang='grc' dir='ltr'><strong>τὴν</strong></span> 
     </span>
    </p>
   </div>
   <div class='ocr_carea' id='block_1_35' title="bbox 2409 735 4004 813">
    <p class='ocr_par' dir='ltr' id='par_1_35' title="bbox 2409 735 4004 813">
     <span class='ocr_line' id='line_1_35' title="bbox 2409 735 4004 813; baseline -0.005 -14"><span class='ocrx_word' id='word_1_218' title='bbox 2409 742 2627 799; x_wconf 78' lang='grc' dir='ltr'>ἀδικίαν</span> <span class='ocrx_word' id='word_1_219' title='bbox 2666 746 2694 797; x_wconf 86' lang='grc' dir='ltr'>ὁ</span> <span class='ocrx_word' id='word_1_220' title='bbox 2727 743 3018 813; x_wconf 81' lang='grc' dir='ltr'>κράτιστος</span> <span class='ocrx_word' id='word_1_221' title='bbox 3062 735 3219 805; x_wconf 71' lang='grc' dir='ltr'>οὗτος</span> <span class='ocrx_word' id='word_1_222' title='bbox 3261 741 3585 809; x_wconf 75' lang='grc' dir='ltr'>φιλονεικῶν</span> <span class='ocrx_word' id='word_1_223' title='bbox 3624 739 3907 808; x_wconf 85' lang='grc' dir='ltr'>πανταχοῦ</span> <span class='ocrx_word' id='word_1_224' title='bbox 3948 757 4004 791; x_wconf 84' lang='grc' dir='ltr'><strong>τε</strong></span> 
     </span>
    </p>
   </div>
   <div class='ocr_carea' id='block_1_36' title="bbox 2410 831 4007 905">
    <p class='ocr_par' dir='ltr' id='par_1_36' title="bbox 2410 831 4007 905">
     <span class='ocr_line' id='line_1_36' title="bbox 2410 831 4007 905; baseline -0.006 -15"><span class='ocrx_word' id='word_1_225' title='bbox 2410 837 2757 905; x_wconf 81' lang='grc' dir='ltr'><strong>διατάγματα</strong></span> <span class='ocrx_word' id='word_1_226' title='bbox 2785 835 3003 897; x_wconf 77' lang='grc' dir='ltr'><strong>ἐξέθετο</strong></span> <span class='ocrx_word' id='word_1_227' title='bbox 3028 836 3124 887; x_wconf 70' lang='grc' dir='ltr'>καὶ</span> <span class='ocrx_word' id='word_1_228' title='bbox 3156 833 3295 887; x_wconf 85' lang='grc' dir='ltr'><strong>κατά</strong></span> <span class='ocrx_word' id='word_1_229' title='bbox 3331 835 3511 886; x_wconf 80' lang='grc' dir='ltr'>πᾶσαν</span> <span class='ocrx_word' id='word_1_230' title='bbox 3547 831 3733 902; x_wconf 87' lang='grc' dir='ltr'>χώραν</span> <span class='ocrx_word' id='word_1_231' title='bbox 3764 832 4007 897; x_wconf 75' lang='grc' dir='ltr'>ἐξέπεμ-</span> 
     </span>
    </p>
   </div>
   <div class='ocr_carea' id='block_1_37' title="bbox 2410 923 4008 1001">
    <p class='ocr_par' dir='ltr' id='par_1_37' title="bbox 2410 923 4008 1001">
     <span class='ocr_line' id='line_1_37' title="bbox 2410 923 4008 1001; baseline -0.006 -18"><span class='ocrx_word' id='word_1_232' title='bbox 2410 932 2531 1001; x_wconf 71' lang='grc' dir='ltr'>ψεν,</span> <span class='ocrx_word' id='word_1_233' title='bbox 2556 930 2624 982; x_wconf 83' lang='grc' dir='ltr'><strong>δι’</strong></span> <span class='ocrx_word' id='word_1_234' title='bbox 2649 923 2724 983; x_wconf 82' lang='grc' dir='ltr'><strong>ὧν</strong></span> <span class='ocrx_word' id='word_1_235' title='bbox 2755 931 2907 993; x_wconf 84' lang='grc' dir='ltr'>πᾶσα</span> <span class='ocrx_word' id='word_1_236' title='bbox 2956 927 3104 989; x_wconf 79' lang='grc' dir='ltr'>δόσις</span> <span class='ocrx_word' id='word_1_237' title='bbox 3140 928 3303 996; x_wconf 88' lang='grc' dir='ltr'>μέχρι</span> <span class='ocrx_word' id='word_1_238' title='bbox 3345 926 3468 978; x_wconf 70' lang='grc' dir='ltr'>τότε</span> <span class='ocrx_word' id='word_1_239' title='bbox 3515 927 3578 978; x_wconf 84' lang='grc' dir='ltr'>τὸ</span> <span class='ocrx_word' id='word_1_240' title='bbox 3607 924 3832 992; x_wconf 79' lang='grc' dir='ltr'>εὔλογον</span> <span class='ocrx_word' id='word_1_241' title='bbox 3859 924 4008 992; x_wconf 75' lang='grc' dir='ltr'>ἔχειν</span> 
     </span>
    </p>
   </div>
   <div class='ocr_carea' id='block_1_38' title="bbox 2409 1002 4010 1089">
    <p class='ocr_par' dir='ltr' id='par_1_38' title="bbox 2409 1002 4010 1089">
     <span class='ocr_line' id='line_1_38' title="bbox 2409 1002 4010 1089; baseline -0.007 -15"><span class='ocrx_word' id='word_1_242' title='bbox 2409 1020 2643 1076; x_wconf 80' lang='grc' dir='ltr'>δοκοῦσα</span> <span class='ocrx_word' id='word_1_243' title='bbox 2701 1019 2791 1073; x_wconf 84' lang='grc' dir='ltr'><strong>διά</strong></span> <span class='ocrx_word' id='word_1_244' title='bbox 2841 1019 2941 1089; x_wconf 84' lang='grc' dir='ltr'>τὴν</span> <span class='ocrx_word' id='word_1_245' title='bbox 2990 1002 3245 1087; x_wconf 42' lang='grc' dir='ltr'>’πονηρὰν</span> <span class='ocrx_word' id='word_1_246' title='bbox 3296 1016 3405 1068; x_wconf 68' lang='grc' dir='ltr'><strong>ἀπὸ</strong></span> <span class='ocrx_word' id='word_1_247' title='bbox 3455 1017 3651 1085; x_wconf 75' lang='grc' dir='ltr'>χρόνου</span> <span class='ocrx_word' id='word_1_248' title='bbox 3711 1015 4010 1083; x_wconf 82' lang='grc' dir='ltr'>συνήθειαν</span> 
     </span>
    </p>
   </div>
   <div class='ocr_carea' id='block_1_39' title="bbox 2411 1103 4011 1184">
    <p class='ocr_par' dir='ltr' id='par_1_39' title="bbox 2411 1103 4011 1184">
     <span class='ocr_line' id='line_1_39' title="bbox 2411 1103 4011 1184; baseline -0.008 -17"><span class='ocrx_word' id='word_1_249' title='bbox 2411 1116 2666 1184; x_wconf 83' lang='grc' dir='ltr'>ἀνῃρεῖτο</span> <span class='ocrx_word' id='word_1_250' title='bbox 2726 1112 2823 1165; x_wconf 72' lang='grc' dir='ltr'>καὶ</span> <span class='ocrx_word' id='word_1_251' title='bbox 2871 1109 3223 1176; x_wconf 81' lang='grc' dir='ltr'>ἐξεκὸπτετο,</span> <span class='ocrx_word' id='word_1_252' title='bbox 3277 1109 3373 1160; x_wconf 77' lang='grc' dir='ltr'>καὶ</span> <span class='ocrx_word' id='word_1_253' title='bbox 3438 1105 3687 1176; x_wconf 73' lang='grc' dir='ltr'><strong>ἰσονομία</strong></span> <span class='ocrx_word' id='word_1_254' title='bbox 3728 1108 3881 1158; x_wconf 80' lang='grc' dir='ltr'>πᾶσα</span> <span class='ocrx_word' id='word_1_255' title='bbox 3912 1103 4011 1157; x_wconf 71' lang='grc' dir='ltr'>καὶ</span> 
     </span>
    </p>
   </div>
   <div class='ocr_carea' id='block_1_40' title="bbox 2411 1194 4013 1273">
    <p class='ocr_par' dir='ltr' id='par_1_40' title="bbox 2411 1194 4013 1273">
     <span class='ocr_line' id='line_1_40' title="bbox 2411 1194 4013 1273; baseline -0.007 -16"><span class='ocrx_word' id='word_1_256' title='bbox 2411 1204 2724 1273; x_wconf 82' lang='grc' dir='ltr'><strong>δικαιοσύνη</strong></span> <span class='ocrx_word' id='word_1_257' title='bbox 2758 1202 2948 1272; x_wconf 78' lang='grc' dir='ltr'>ὥσπερ</span> <span class='ocrx_word' id='word_1_258' title='bbox 2982 1202 3092 1254; x_wconf 82' lang='grc' dir='ltr'>ἀπό</span> <span class='ocrx_word' id='word_1_259' title='bbox 3138 1216 3287 1262; x_wconf 88' lang='grc' dir='ltr'>τινος</span> <span class='ocrx_word' id='word_1_260' title='bbox 3336 1197 3635 1267; x_wconf 78' lang='grc' dir='ltr'><strong>ὑπερορίου</strong></span> <span class='ocrx_word' id='word_1_261' title='bbox 3682 1196 3863 1266; x_wconf 78' lang='grc' dir='ltr'>φυγῆς</span> <span class='ocrx_word' id='word_1_262' title='bbox 3890 1194 4013 1246; x_wconf 77' lang='grc' dir='ltr'><strong>ὲδό-</strong></span> 
     </span>
    </p>
   </div>
   <div class='ocr_carea' id='block_1_41' title="bbox 2413 1290 4011 1367">
    <p class='ocr_par' dir='ltr' id='par_1_41' title="bbox 2413 1290 4011 1367">
     <span class='ocr_line' id='line_1_41' title="bbox 2413 1290 4011 1367; baseline -0.006 -17"><span class='ocrx_word' id='word_1_263' title='bbox 2413 1315 2499 1350; x_wconf 88' lang='grc' dir='ltr'><strong>κει</strong></span> <span class='ocrx_word' id='word_1_264' title='bbox 2530 1298 2781 1350; x_wconf 79' lang='grc' dir='ltr'>κατιέναι</span> <span class='ocrx_word' id='word_1_265' title='bbox 2804 1297 2941 1367; x_wconf 76' lang='grc' dir='ltr'>πρὸς</span> <span class='ocrx_word' id='word_1_266' title='bbox 2972 1297 3065 1349; x_wconf 78' lang='grc' dir='ltr'>τὸν</span> <span class='ocrx_word' id='word_1_267' title='bbox 3088 1294 3202 1365; x_wconf 83' lang='grc' dir='ltr'>βίον</span> <span class='ocrx_word' id='word_1_268' title='bbox 3235 1294 3331 1347; x_wconf 73' lang='grc' dir='ltr'>καὶ</span> <span class='ocrx_word' id='word_1_269' title='bbox 3354 1294 3466 1355; x_wconf 82' lang='grc' dir='ltr'>τοῖς</span> <span class='ocrx_word' id='word_1_270' title='bbox 3489 1290 3799 1361; x_wconf 84' lang='grc' dir='ltr'>ἀνθρώποις</span> <span class='ocrx_word' id='word_1_271' title='bbox 3828 1290 4011 1359; x_wconf 72' lang='grc' dir='ltr'>ἐμπο-</span> 
     </span>
    </p>
   </div>
   <div class='ocr_carea' id='block_1_42' title="bbox 2416 1389 2755 1442">
    <p class='ocr_par' dir='ltr' id='par_1_42' title="bbox 2416 1389 2755 1442">
     <span class='ocr_line' id='line_1_42' title="bbox 2416 1389 2755 1442; baseline 0.006 -2"><span class='ocrx_word' id='word_1_272' title='bbox 2416 1389 2755 1442; x_wconf 79' lang='grc' dir='ltr'>λιτεύεσθαι.</span> 
     </span>
    </p>
   </div>
   <div class='ocr_carea' id='block_1_43' title="bbox 2486 1565 4008 1639">
    <p class='ocr_par' dir='ltr' id='par_1_43' title="bbox 2486 1565 4008 1639">
     <span class='ocr_line' id='line_1_43' title="bbox 2486 1565 4008 1639; baseline -0.009 -10"><span class='ocrx_word' id='word_1_273' title='bbox 2486 1579 2589 1631; x_wconf 87' lang='grc' dir='ltr'><strong>λα’.</strong></span> <span class='ocrx_word' id='word_1_274' title='bbox 2634 1576 2795 1628; x_wconf 83' lang='grc' dir='ltr'>Ἀλλά</span> <span class='ocrx_word' id='word_1_275' title='bbox 2825 1575 2922 1626; x_wconf 79' lang='grc' dir='ltr'>καὶ</span> <span class='ocrx_word' id='word_1_276' title='bbox 2970 1574 3097 1635; x_wconf 82' lang='grc' dir='ltr'>τοὺς</span> <span class='ocrx_word' id='word_1_277' title='bbox 3146 1572 3227 1633; x_wconf 82' lang='grc' dir='ltr'>εἰς</span> <span class='ocrx_word' id='word_1_278' title='bbox 3272 1570 3335 1623; x_wconf 87' lang='grc' dir='ltr'>τὸ</span> <span class='ocrx_word' id='word_1_279' title='bbox 3389 1569 3599 1639; x_wconf 86' lang='grc' dir='ltr'>κρίνειν</span> <span class='ocrx_word' id='word_1_280' title='bbox 3633 1565 4008 1635; x_wconf 77' lang='grc' dir='ltr'>ἐπιτηδείους,</span> 
     </span>
    </p>
   </div>
   <div class='ocr_carea' id='block_1_44' title="bbox 2414 1660 4006 1739">
    <p class='ocr_par' dir='ltr' id='par_1_44' title="bbox 2414 1660 4006 1739">
     <span class='ocr_line' id='line_1_44' title="bbox 2414 1660 4006 1739; baseline -0.009 -17"><span class='ocrx_word' id='word_1_281' title='bbox 2414 1670 2523 1723; x_wconf 82' lang='grc' dir='ltr'>ἀπὸ</span> <span class='ocrx_word' id='word_1_282' title='bbox 2549 1668 2648 1739; x_wconf 84' lang='grc' dir='ltr'>μὲν</span> <span class='ocrx_word' id='word_1_283' title='bbox 2686 1669 2731 1699; x_wconf 74' lang='grc'><strong>⁸⁸</strong></span> <span class='ocrx_word' id='word_1_284' title='bbox 2758 1665 3103 1736; x_wconf 82' lang='grc' dir='ltr'><strong>μαθημάτων</strong></span> <span class='ocrx_word' id='word_1_285' title='bbox 3132 1662 3278 1732; x_wconf 80' lang='grc' dir='ltr'>ἔχειν</span> <span class='ocrx_word' id='word_1_286' title='bbox 3302 1662 3363 1714; x_wconf 82' lang='grc' dir='ltr'>τὸ</span> <span class='ocrx_word' id='word_1_287' title='bbox 3394 1662 3437 1693; x_wconf 70' lang='grc'><strong>⁸³</strong></span> <span class='ocrx_word' id='word_1_288' title='bbox 3464 1660 3651 1713; x_wconf 81' lang='grc' dir='ltr'>ἱκανὸν</span> <span class='ocrx_word' id='word_1_289' title='bbox 3681 1674 4006 1728; x_wconf 79' lang='grc' dir='ltr'>μαρτυρου-</span> 
     </span>
    </p>
   </div>
   <div class='ocr_carea' id='block_1_45' title="bbox 2417 1748 4010 1833">
    <p class='ocr_par' dir='ltr' id='par_1_45' title="bbox 2417 1748 4010 1833">
     <span class='ocr_line' id='line_1_45' title="bbox 2417 1748 4010 1833; baseline -0.01 -18"><span class='ocrx_word' id='word_1_290' title='bbox 2417 1765 2633 1833; x_wconf 82' lang='grc' dir='ltr'>μένους,</span> <span class='ocrx_word' id='word_1_291' title='bbox 2682 1761 2792 1814; x_wconf 85' lang='grc' dir='ltr'>ἀπὸ</span> <span class='ocrx_word' id='word_1_292' title='bbox 2820 1760 2876 1812; x_wconf 75' lang='grc' dir='ltr'>δὲ</span> <span class='ocrx_word' id='word_1_293' title='bbox 2910 1756 3136 1827; x_wconf 81' lang='grc' dir='ltr'>γνώμης</span> <span class='ocrx_word' id='word_1_294' title='bbox 3166 1756 3261 1810; x_wconf 73' lang='grc' dir='ltr'>καὶ</span> <span class='ocrx_word' id='word_1_295' title='bbox 3289 1754 3665 1824; x_wconf 85' lang='grc' dir='ltr'>προαιρέσεως</span> <span class='ocrx_word' id='word_1_296' title='bbox 3689 1751 3751 1803; x_wconf 82' lang='grc' dir='ltr'>τὸ</span> <span class='ocrx_word' id='word_1_297' title='bbox 3778 1748 4010 1810; x_wconf 77' lang='grc' dir='ltr'>εὐσεϐές</span> 
     </span>
    </p>
   </div>
   <div class='ocr_carea' id='block_1_46' title="bbox 2414 1840 4012 1921">
    <p class='ocr_par' dir='ltr' id='par_1_46' title="bbox 2414 1840 4012 1921">
     <span class='ocr_line' id='line_1_46' title="bbox 2414 1840 4012 1921; baseline -0.011 -13"><span class='ocrx_word' id='word_1_298' title='bbox 2414 1873 2474 1909; x_wconf 88' lang='grc' dir='ltr'><strong>τε</strong></span> <span class='ocrx_word' id='word_1_299' title='bbox 2508 1856 2604 1908; x_wconf 77' lang='grc' dir='ltr'><strong>καὶ</strong></span> <span class='ocrx_word' id='word_1_300' title='bbox 2627 1852 3035 1921; x_wconf 84' lang='grc' dir='ltr'>ἀδωρόληπτον,</span> <span class='ocrx_word' id='word_1_301' title='bbox 3074 1847 3350 1918; x_wconf 80' lang='grc' dir='ltr'>ἀξιώμασί</span> <span class='ocrx_word' id='word_1_302' title='bbox 3391 1863 3451 1898; x_wconf 82' lang='grc' dir='ltr'>τε</span> <span class='ocrx_word' id='word_1_303' title='bbox 3481 1845 3580 1915; x_wconf 78' lang='grc' dir='ltr'>τῆς</span> <span class='ocrx_word' id='word_1_304' title='bbox 3606 1840 4012 1910; x_wconf 79' lang='grc' dir='ltr'><strong>ταπεινοτέρας</strong></span> 
     </span>
    </p>
   </div>
   <div class='ocr_carea' id='block_1_47' title="bbox 2411 1926 4007 2015">
    <p class='ocr_par' dir='ltr' id='par_1_47' title="bbox 2411 1926 4007 2015">
     <span class='ocr_line' id='line_1_47' title="bbox 2411 1926 4007 2015; baseline -0.009 -17"><span class='ocrx_word' id='word_1_305' title='bbox 2411 1945 2670 2015; x_wconf 87' lang='grc' dir='ltr'>βαθμίδος</span> <span class='ocrx_word' id='word_1_306' title='bbox 2702 1942 3019 2013; x_wconf 80' lang='grc' dir='ltr'>ὑπεραίρων</span> <span class='ocrx_word' id='word_1_307' title='bbox 3068 1941 3164 1994; x_wconf 77' lang='grc' dir='ltr'><strong>καὶ</strong></span> <span class='ocrx_word' id='word_1_308' title='bbox 3217 1939 3441 2010; x_wconf 82' lang='grc' dir='ltr'>ἀνυψῶν</span> <span class='ocrx_word' id='word_1_309' title='bbox 3477 1937 3574 1991; x_wconf 74' lang='grc' dir='ltr'><strong>καὶ</strong></span> <span class='ocrx_word' id='word_1_310' title='bbox 3615 1926 3791 2007; x_wconf 79' lang='grc' dir='ltr'>ρογῶν</span> <span class='ocrx_word' id='word_1_311' title='bbox 3816 1937 4007 1987; x_wconf 76' lang='grc' dir='ltr'>ἐνιαυ-</span> 
     </span>
    </p>
   </div>
   <div class='ocr_carea' id='block_1_48' title="bbox 2412 2026 4008 2101">
    <p class='ocr_par' dir='ltr' id='par_1_48' title="bbox 2412 2026 4008 2101">
     <span class='ocr_line' id='line_1_48' title="bbox 2412 2026 4008 2101; baseline -0.008 -12"><span class='ocrx_word' id='word_1_312' title='bbox 2412 2038 2543 2089; x_wconf 85' lang='grc' dir='ltr'>σίων</span> <span class='ocrx_word' id='word_1_313' title='bbox 2569 2034 2822 2087; x_wconf 65' lang='grc' dir='ltr'>ἂκθέσεσι</span> <span class='ocrx_word' id='word_1_314' title='bbox 2860 2033 2955 2085; x_wconf 68' lang='grc' dir='ltr'><strong>καὶ</strong></span> <span class='ocrx_word' id='word_1_315' title='bbox 2979 2030 3307 2101; x_wconf 88' lang='grc' dir='ltr'>σιτηρεσίων</span> <span class='ocrx_word' id='word_1_316' title='bbox 3338 2030 3515 2083; x_wconf 79' lang='grc' dir='ltr'>ἄλλων</span> <span class='ocrx_word' id='word_1_317' title='bbox 3546 2028 3641 2081; x_wconf 61' lang='grc' dir='ltr'><strong>καὶ¹</strong></span> <span class='ocrx_word' id='word_1_318' title='bbox 3671 2026 4008 2096; x_wconf 77' lang='grc' dir='ltr'>φιλοτιμιῶν</span> 
     </span>
    </p>
   </div>
   <div class='ocr_carea' id='block_1_49' title="bbox 2409 2118 4009 2196">
    <p class='ocr_par' dir='ltr' id='par_1_49' title="bbox 2409 2118 4009 2196">
     <span class='ocr_line' id='line_1_49' title="bbox 2409 2118 4009 2196; baseline -0.008 -17"><span class='ocrx_word' id='word_1_319' title='bbox 2409 2129 2680 2196; x_wconf 81' lang='grc' dir='ltr'>παροχαίς</span> <span class='ocrx_word' id='word_1_320' title='bbox 2708 2124 3052 2193; x_wconf 78' lang='grc' dir='ltr'><strong>δεξιούμενος</strong></span> <span class='ocrx_word' id='word_1_321' title='bbox 3080 2123 3219 2176; x_wconf 84' lang='grc' dir='ltr'><strong>κατά</strong></span> <span class='ocrx_word' id='word_1_322' title='bbox 3245 2123 3427 2174; x_wconf 84' lang='grc' dir='ltr'>πᾶσαν</span> <span class='ocrx_word' id='word_1_323' title='bbox 3456 2119 3646 2189; x_wconf 78' lang='grc' dir='ltr'>σχεδὸν</span> <span class='ocrx_word' id='word_1_324' title='bbox 3674 2118 3875 2185; x_wconf 69' lang='grc' dir='ltr'>ἀγυιὰν</span> <span class='ocrx_word' id='word_1_325' title='bbox 3907 2119 4009 2168; x_wconf 71' lang='grc' dir='ltr'>καὶ</span> 
     </span>
    </p>
   </div>
   <div class='ocr_carea' id='block_1_50' title="bbox 2411 2210 4008 2285">
    <p class='ocr_par' dir='ltr' id='par_1_50' title="bbox 2411 2210 4008 2285">
     <span class='ocr_line' id='line_1_50' title="bbox 2411 2210 4008 2285; baseline -0.006 -16"><span class='ocrx_word' id='word_1_326' title='bbox 2411 2220 2519 2270; x_wconf 74' lang='grc' dir='ltr'><strong>πᾶν</strong></span> <span class='ocrx_word' id='word_1_327' title='bbox 2560 2218 2761 2285; x_wconf 71' lang='grc' dir='ltr'>εὐαγὲς</span> <span class='ocrx_word' id='word_1_328' title='bbox 2826 2216 3151 2285; x_wconf 74' lang='grc' dir='ltr'>ἐνδιαίτημα</span> <span class='ocrx_word' id='word_1_329' title='bbox 3199 2216 3630 2283; x_wconf 75' lang='grc' dir='ltr'><strong>ἐγκατέστησεν.</strong></span> <span class='ocrx_word' id='word_1_330' title='bbox 3673 2210 4008 2280; x_wconf 79' lang='grc' dir='ltr'>Ἐξαιρέτως</span> 
     </span>
    </p>
   </div>
   <div class='ocr_carea' id='block_1_51' title="bbox 2410 2302 4007 2379">
    <p class='ocr_par' dir='ltr' id='par_1_51' title="bbox 2410 2302 4007 2379">
     <span class='ocr_line' id='line_1_51' title="bbox 2410 2302 4007 2379; baseline -0.008 -15"><span class='ocrx_word' id='word_1_331' title='bbox 2410 2310 2468 2364; x_wconf 82' lang='grc' dir='ltr'>δὲ</span> <span class='ocrx_word' id='word_1_332' title='bbox 2500 2311 2560 2363; x_wconf 84' lang='grc' dir='ltr'>τὸ</span> <span class='ocrx_word' id='word_1_333' title='bbox 2584 2310 2879 2379; x_wconf 84' lang='grc' dir='ltr'>λεγόμενον</span> <span class='ocrx_word' id='word_1_334' title='bbox 2900 2310 3001 2378; x_wconf 80' lang='grc' dir='ltr'>τῆς</span> <span class='ocrx_word' id='word_1_335' title='bbox 3035 2308 3255 2377; x_wconf 84' lang='grc' dir='ltr'>Χαλκῆς</span> <span class='ocrx_word' id='word_1_336' title='bbox 3307 2305 3695 2376; x_wconf 85' lang='grc' dir='ltr'>λαμπρότατον</span> <span class='ocrx_word' id='word_1_337' title='bbox 3734 2304 3797 2355; x_wconf 77' lang='grc' dir='ltr'>τὸ</span> <span class='ocrx_word' id='word_1_338' title='bbox 3827 2302 4007 2355; x_wconf 71' lang='grc' dir='ltr'>πάλαι</span> 
     </span>
    </p>
   </div>
   <div class='ocr_carea' id='block_1_52' title="bbox 2410 2394 4005 2471">
    <p class='ocr_par' dir='ltr' id='par_1_52' title="bbox 2410 2394 4005 2471">
     <span class='ocr_line' id='line_1_52' title="bbox 2410 2394 4005 2471; baseline -0.006 -15"><span class='ocrx_word' id='word_1_339' title='bbox 2410 2404 2508 2456; x_wconf 72' lang='grc' dir='ltr'>καὶ</span> <span class='ocrx_word' id='word_1_340' title='bbox 2538 2402 2871 2470; x_wconf 78' lang='grc' dir='ltr'>ἀξιάγαστον</span> <span class='ocrx_word' id='word_1_341' title='bbox 2898 2402 3131 2471; x_wconf 75' lang='grc' dir='ltr'>οἴκημα,</span> <span class='ocrx_word' id='word_1_342' title='bbox 3174 2398 3251 2469; x_wconf 83' lang='grc' dir='ltr'>τῷ</span> <span class='ocrx_word' id='word_1_343' title='bbox 3284 2399 3466 2469; x_wconf 80' lang='grc' dir='ltr'>χρόνῳ</span> <span class='ocrx_word' id='word_1_344' title='bbox 3494 2398 3589 2450; x_wconf 77' lang='grc' dir='ltr'>καὶ</span> <span class='ocrx_word' id='word_1_345' title='bbox 3613 2399 3681 2467; x_wconf 77' lang='grc' dir='ltr'>τῇ</span> <span class='ocrx_word' id='word_1_346' title='bbox 3713 2394 3826 2447; x_wconf 88' lang='grc' dir='ltr'><strong>τῶν</strong></span> <span class='ocrx_word' id='word_1_347' title='bbox 3858 2410 4005 2463; x_wconf 84' lang='grc' dir='ltr'>κρα-</span> 
     </span>
    </p>
   </div>
   <div class='ocr_carea' id='block_1_53' title="bbox 2407 2484 4005 2563">
    <p class='ocr_par' dir='ltr' id='par_1_53' title="bbox 2407 2484 4005 2563">
     <span class='ocr_line' id='line_1_53' title="bbox 2407 2484 4005 2563; baseline -0.007 -17"><span class='ocrx_word' id='word_1_348' title='bbox 2407 2493 2644 2547; x_wconf 82' lang='grc' dir='ltr'>τούντων</span> <span class='ocrx_word' id='word_1_349' title='bbox 2678 2491 2943 2563; x_wconf 77' lang='grc' dir='ltr'><strong>ῥᾳθυμίᾳ,</strong></span> <span class='ocrx_word' id='word_1_350' title='bbox 2962 2492 3093 2553; x_wconf 81' lang='grc' dir='ltr'>ίσως</span> <span class='ocrx_word' id='word_1_351' title='bbox 3113 2490 3169 2543; x_wconf 82' lang='grc' dir='ltr'>δὲ</span> <span class='ocrx_word' id='word_1_352' title='bbox 3198 2490 3295 2543; x_wconf 68' lang='grc' dir='ltr'>καὶ</span> <span class='ocrx_word' id='word_1_353' title='bbox 3317 2488 3428 2541; x_wconf 85' lang='grc' dir='ltr'><strong>ἀπό</strong></span> <span class='ocrx_word' id='word_1_354' title='bbox 3445 2504 3607 2540; x_wconf 89' lang='grc' dir='ltr'>τινων</span> <span class='ocrx_word' id='word_1_355' title='bbox 3625 2484 4005 2555; x_wconf 70' lang='grc' dir='ltr'>ἔμπρησμῶν,</span> 
     </span>
    </p>
   </div>
   <div class='ocr_carea' id='block_1_54' title="bbox 2411 2576 4010 2654">
    <p class='ocr_par' dir='ltr' id='par_1_54' title="bbox 2411 2576 4010 2654">
     <span class='ocr_line' id='line_1_54' title="bbox 2411 2576 4010 2654; baseline -0.008 -17"><span class='ocrx_word' id='word_1_356' title='bbox 2411 2584 2555 2637; x_wconf 85' lang='grc' dir='ltr'><strong>κατά</strong></span> <span class='ocrx_word' id='word_1_357' title='bbox 2595 2584 2741 2654; x_wconf 81' lang='grc' dir='ltr'>μέρη</span> <span class='ocrx_word' id='word_1_358' title='bbox 2769 2581 2943 2636; x_wconf 85' lang='grc' dir='ltr'>πολλὰ</span> <span class='ocrx_word' id='word_1_359' title='bbox 2976 2580 3234 2653; x_wconf 77' lang='grc' dir='ltr'>διαρρυὲν</span> <span class='ocrx_word' id='word_1_360' title='bbox 3263 2579 3357 2633; x_wconf 77' lang='grc' dir='ltr'><strong>καὶ</strong></span> <span class='ocrx_word' id='word_1_361' title='bbox 3382 2578 3483 2649; x_wconf 83' lang='grc' dir='ltr'>τὴν</span> <span class='ocrx_word' id='word_1_362' title='bbox 3522 2576 3727 2647; x_wconf 85' lang='grc' dir='ltr'>ὀροφὴν</span> <span class='ocrx_word' id='word_1_363' title='bbox 3756 2578 4010 2644; x_wconf 78' lang='grc' dir='ltr'>πονήσα-</span> 
     </span>
    </p>
   </div>
   <div class='ocr_carea' id='block_1_55' title="bbox 2414 2670 4009 2744">
    <p class='ocr_par' dir='ltr' id='par_1_55' title="bbox 2414 2670 4009 2744">
     <span class='ocr_line' id='line_1_55' title="bbox 2414 2670 4009 2744; baseline -0.006 -15"><span class='ocrx_word' id='word_1_364' title='bbox 2414 2694 2515 2731; x_wconf 90' lang='grc' dir='ltr'><strong>σαν</strong></span> <span class='ocrx_word' id='word_1_365' title='bbox 2541 2675 2801 2744; x_wconf 78' lang='grc' dir='ltr'>ἔσχηκὸς,</span> <span class='ocrx_word' id='word_1_366' title='bbox 2840 2673 3006 2736; x_wconf 79' lang='grc' dir='ltr'>αὐτὸς</span> <span class='ocrx_word' id='word_1_367' title='bbox 3040 2672 3135 2726; x_wconf 72' lang='grc' dir='ltr'>καὶ</span> <span class='ocrx_word' id='word_1_368' title='bbox 3170 2671 3319 2740; x_wconf 82' lang='grc' dir='ltr'>πόνῳ</span> <span class='ocrx_word' id='word_1_369' title='bbox 3348 2670 3443 2723; x_wconf 71' lang='grc' dir='ltr'><strong>καὶ</strong></span> <span class='ocrx_word' id='word_1_370' title='bbox 3472 2670 3742 2731; x_wconf 79' lang='grc' dir='ltr'>δαπάναις</span> <span class='ocrx_word' id='word_1_371' title='bbox 3772 2670 4009 2737; x_wconf 61' lang='lat' dir='ltr'><strong>erupui;</strong></span> 
     </span>
    </p>
   </div>
   <div class='ocr_carea' id='block_1_56' title="bbox 2412 2760 4008 2837">
    <p class='ocr_par' dir='ltr' id='par_1_56' title="bbox 2412 2760 4008 2837">
     <span class='ocr_line' id='line_1_56' title="bbox 2412 2760 4008 2837; baseline -0.009 -13"><span class='ocrx_word' id='word_1_372' title='bbox 2412 2767 2734 2837; x_wconf 80' lang='grc' dir='ltr'>ἀπεκάθηρέ</span> <span class='ocrx_word' id='word_1_373' title='bbox 2788 2785 2849 2820; x_wconf 88' lang='grc' dir='ltr'><strong>τε</strong></span> <span class='ocrx_word' id='word_1_374' title='bbox 2894 2766 2987 2819; x_wconf 74' lang='grc' dir='ltr'>καὶ</span> <span class='ocrx_word' id='word_1_375' title='bbox 3040 2765 3469 2835; x_wconf 83' lang='grc' dir='ltr'>περιεποιήσατο</span> <span class='ocrx_word' id='word_1_376' title='bbox 3505 2762 3600 2815; x_wconf 76' lang='grc' dir='ltr'>καὶ</span> <span class='ocrx_word' id='word_1_377' title='bbox 3652 2760 3831 2813; x_wconf 83' lang='grc' dir='ltr'>κοινὸν</span> <span class='ocrx_word' id='word_1_378' title='bbox 3862 2775 4008 2811; x_wconf 80' lang='grc' dir='ltr'>κατ-</span> 
     </span>
    </p>
   </div>
   <div class='ocr_carea' id='block_1_57' title="bbox 2413 2849 4008 2929">
    <p class='ocr_par' dir='ltr' id='par_1_57' title="bbox 2413 2849 4008 2929">
     <span class='ocr_line' id='line_1_57' title="bbox 2413 2849 4008 2929; baseline -0.009 -16"><span class='ocrx_word' id='word_1_379' title='bbox 2413 2862 2611 2929; x_wconf 85' lang='grc' dir='ltr'>έστησε</span> <span class='ocrx_word' id='word_1_380' title='bbox 2641 2858 3016 2927; x_wconf 81' lang='grc' dir='ltr'>δικαστήριον,</span> <span class='ocrx_word' id='word_1_381' title='bbox 3061 2852 3277 2923; x_wconf 82' lang='grc' dir='ltr'>Ἀρείου</span> <span class='ocrx_word' id='word_1_382' title='bbox 3305 2868 3364 2905; x_wconf 86' lang='grc' dir='ltr'>τε</span> <span class='ocrx_word' id='word_1_383' title='bbox 3400 2851 3577 2920; x_wconf 81' lang='grc' dir='ltr'>πάγου</span> <span class='ocrx_word' id='word_1_384' title='bbox 3614 2854 3708 2903; x_wconf 68' lang='grc' dir='ltr'><strong>καῖν⁵</strong></span> <span class='ocrx_word' id='word_1_385' title='bbox 3748 2849 4008 2909; x_wconf 81' lang='grc' dir='ltr'>Ἠλιαίας</span> 
     </span>
    </p>
   </div>
   <div class='ocr_carea' id='block_1_58' title="bbox 2417 2942 4011 3022">
    <p class='ocr_par' dir='ltr' id='par_1_58' title="bbox 2417 2942 4011 3022">
     <span class='ocr_line' id='line_1_58' title="bbox 2417 2942 4011 3022; baseline -0.008 -17"><span class='ocrx_word' id='word_1_386' title='bbox 2417 2952 2765 3022; x_wconf 84' lang='grc' dir='ltr'>σεμνότερον.</span> <span class='ocrx_word' id='word_1_387' title='bbox 2797 2950 2873 3003; x_wconf 85' lang='grc' dir='ltr'><strong>Οὐ</strong></span> <span class='ocrx_word' id='word_1_388' title='bbox 2910 2949 3071 3019; x_wconf 84' lang='grc' dir='ltr'>μόνον</span> <span class='ocrx_word' id='word_1_389' title='bbox 3097 2946 3155 3000; x_wconf 83' lang='grc' dir='ltr'>δὲ</span> <span class='ocrx_word' id='word_1_390' title='bbox 3207 2946 3295 2999; x_wconf 71' lang='grc' dir='ltr'>διὰ</span> <span class='ocrx_word' id='word_1_391' title='bbox 3323 2948 3422 3016; x_wconf 79' lang='grc' dir='ltr'>τῆς</span> <span class='ocrx_word' id='word_1_392' title='bbox 3449 2943 3560 2997; x_wconf 89' lang='grc' dir='ltr'><strong>τῶν</strong></span> <span class='ocrx_word' id='word_1_393' title='bbox 3601 2943 3806 3013; x_wconf 79' lang='grc' dir='ltr'>κριτῶν</span> <span class='ocrx_word' id='word_1_394' title='bbox 3843 2942 4011 2994; x_wconf 67' lang='grc' dir='ltr'>ἐκλοο</span> 
     </span>
    </p>
   </div>
   <div class='ocr_carea' id='block_1_59' title="bbox 2416 3033 4010 3113">
    <p class='ocr_par' dir='ltr' id='par_1_59' title="bbox 2416 3033 4010 3113">
     <span class='ocr_line' id='line_1_59' title="bbox 2416 3033 4010 3113; baseline -0.008 -16"><span class='ocrx_word' id='word_1_395' title='bbox 2416 3048 2521 3113; x_wconf 78' lang='grc' dir='ltr'>γῆς</span> <span class='ocrx_word' id='word_1_396' title='bbox 2541 3061 2597 3097; x_wconf 89' lang='grc' dir='ltr'><strong>τε</strong></span> <span class='ocrx_word' id='word_1_397' title='bbox 2624 3043 2717 3096; x_wconf 78' lang='grc' dir='ltr'>καὶ</span> <span class='ocrx_word' id='word_1_398' title='bbox 2742 3040 3017 3111; x_wconf 82' lang='grc' dir='ltr'>προϐολῆς</span> <span class='ocrx_word' id='word_1_399' title='bbox 3047 3040 3094 3070; x_wconf 82' lang='grc'><strong><em>⁵⁸</em></strong></span> <span class='ocrx_word' id='word_1_400' title='bbox 3137 3039 3266 3101; x_wconf 81' lang='grc' dir='ltr'>τοὺς</span> <span class='ocrx_word' id='word_1_401' title='bbox 3302 3034 3607 3090; x_wconf 82' lang='grc' dir='ltr'>ἀδικεῖσθαι</span> <span class='ocrx_word' id='word_1_402' title='bbox 3641 3033 3882 3106; x_wconf 76' lang='grc' dir='ltr'><strong>[Ρ.16-2]</strong></span> <span class='ocrx_word' id='word_1_403' title='bbox 3912 3034 4010 3085; x_wconf 79' lang='grc' dir='ltr'><strong>λὲο</strong></span> 
     </span>
    </p>
   </div>
   <div class='ocr_carea' id='block_1_60' title="bbox 2416 3126 4013 3205">
    <p class='ocr_par' dir='ltr' id='par_1_60' title="bbox 2416 3126 4013 3205">
     <span class='ocr_line' id='line_1_60' title="bbox 2416 3126 4013 3205; baseline -0.008 -15"><span class='ocrx_word' id='word_1_404' title='bbox 2416 3153 2614 3205; x_wconf 85' lang='grc' dir='ltr'>γοντας</span> <span class='ocrx_word' id='word_1_405' title='bbox 2667 3135 2776 3187; x_wconf 87' lang='grc' dir='ltr'><strong>τῶν</strong></span> <span class='ocrx_word' id='word_1_406' title='bbox 2828 3134 3056 3187; x_wconf 87' lang='grc' dir='ltr'>δικαίων</span> <span class='ocrx_word' id='word_1_407' title='bbox 3090 3131 3380 3201; x_wconf 77' lang='grc' dir='ltr'>τυγχάνειν</span> <span class='ocrx_word' id='word_1_408' title='bbox 3426 3129 3815 3199; x_wconf 81' lang='grc' dir='ltr'>προενοήσατο,</span> <span class='ocrx_word' id='word_1_409' title='bbox 3860 3126 4013 3179; x_wconf 71' lang='grc' dir='ltr'>ἀλλὰ</span> 
     </span>
    </p>
   </div>
   <div class='ocr_carea' id='block_1_61' title="bbox 722 3219 2306 3297">
    <p class='ocr_par' dir='ltr' id='par_1_61' title="bbox 722 3222 2302 3296">
     <span class='ocr_line' id='line_1_61' title="bbox 722 3222 2302 3296; baseline 0.003 -19"><span class='ocrx_word' id='word_1_410' title='bbox 722 3233 937 3277; x_wconf 86' lang='lat' dir='ltr'><strong>rentur.</strong></span> <span class='ocrx_word' id='word_1_411' title='bbox 970 3222 1188 3279; x_wconf 84' lang='lat' dir='ltr'><strong>Veritus</strong></span> <span class='ocrx_word' id='word_1_412' title='bbox 1214 3225 1361 3279; x_wconf 84' lang='lat' dir='ltr'><strong>enim</strong></span> <span class='ocrx_word' id='word_1_413' title='bbox 1391 3240 1460 3279; x_wconf 90' lang='lat' dir='ltr'><strong>ne</strong></span> <span class='ocrx_word' id='word_1_414' title='bbox 1487 3227 1791 3281; x_wconf 88' lang='lat' dir='ltr'><strong>necessarii</strong></span> <span class='ocrx_word' id='word_1_415' title='bbox 1826 3236 2167 3282; x_wconf 85' lang='lat' dir='ltr'><strong>commeatus</strong></span> <span class='ocrx_word' id='word_1_416' title='bbox 2212 3242 2302 3296; x_wconf 87' lang='lat' dir='ltr'><strong>pe-</strong></span> 
     </span>
    </p>
   </div>
   <div class='ocr_carea' id='block_1_62' title="bbox 2412 3219 4010 3297">
    <p class='ocr_par' dir='ltr' id='par_1_62' title="bbox 2412 3219 4010 3297">
     <span class='ocr_line' id='line_1_62' title="bbox 2412 3219 4010 3297; baseline -0.008 -15"><span class='ocrx_word' id='word_1_417' title='bbox 2412 3231 2507 3283; x_wconf 73' lang='grc' dir='ltr'><strong>καὶ</strong></span> <span class='ocrx_word' id='word_1_418' title='bbox 2543 3229 2632 3281; x_wconf 84' lang='grc' dir='ltr'>διὰ</span> <span class='ocrx_word' id='word_1_419' title='bbox 2660 3229 2757 3297; x_wconf 84' lang='grc' dir='ltr'>τῆς</span> <span class='ocrx_word' id='word_1_420' title='bbox 2788 3226 3035 3296; x_wconf 78' lang='grc' dir='ltr'>παροχῆς</span> <span class='ocrx_word' id='word_1_421' title='bbox 3088 3227 3187 3295; x_wconf 81' lang='grc' dir='ltr'>τῆς</span> <span class='ocrx_word' id='word_1_422' title='bbox 3238 3222 3363 3277; x_wconf 85' lang='grc' dir='ltr'>καθ’</span> <span class='ocrx_word' id='word_1_423' title='bbox 3400 3223 3618 3291; x_wconf 79' lang='grc' dir='ltr'>ἡμέραν</span> <span class='ocrx_word' id='word_1_424' title='bbox 3651 3221 3856 3290; x_wconf 74' lang='grc' dir='ltr'>τροφῆς</span> <span class='ocrx_word' id='word_1_425' title='bbox 3890 3219 4010 3271; x_wconf 82' lang='grc' dir='ltr'><strong>τῶν</strong></span> 
     </span>
    </p>
   </div>
   <div class='ocr_carea' id='block_1_63' title="bbox 721 3315 2303 3389">
    <p class='ocr_par' dir='ltr' id='par_1_63' title="bbox 721 3315 2303 3389">
     <span class='ocr_line' id='line_1_63' title="bbox 721 3315 2303 3389; baseline 0.003 -20"><span class='ocrx_word' id='word_1_426' title='bbox 721 3316 883 3369; x_wconf 90' lang='lat' dir='ltr'><strong>nuria</strong></span> <span class='ocrx_word' id='word_1_427' title='bbox 929 3315 1162 3370; x_wconf 83' lang='lat' dir='ltr'><strong>necdum</strong></span> <span class='ocrx_word' id='word_1_428' title='bbox 1205 3315 1461 3371; x_wconf 87' lang='lat' dir='ltr'><strong>absoluto</strong></span> <span class='ocrx_word' id='word_1_429' title='bbox 1495 3319 1711 3387; x_wconf 89' lang='lat' dir='ltr'><strong>negotio</strong></span> <span class='ocrx_word' id='word_1_430' title='bbox 1743 3318 1887 3372; x_wconf 87' lang='lat' dir='ltr'><strong>haud</strong></span> <span class='ocrx_word' id='word_1_431' title='bbox 1918 3335 2047 3373; x_wconf 90' lang='lat' dir='ltr'><strong>raro</strong></span> <span class='ocrx_word' id='word_1_432' title='bbox 2076 3319 2303 3389; x_wconf 87' lang='lat' dir='ltr'><strong>quidam</strong></span> 
     </span>
    </p>
   </div>
   <div class='ocr_carea' id='block_1_64' title="bbox 720 3406 2305 3473">
    <p class='ocr_par' dir='ltr' id='par_1_64' title="bbox 720 3406 2305 3473">
     <span class='ocr_line' id='line_1_64' title="bbox 720 3406 2305 3473; baseline 0.002 -13"><span class='ocrx_word' id='word_1_433' title='bbox 720 3406 859 3460; x_wconf 89' lang='lat' dir='ltr'><strong>urbe</strong></span> <span class='ocrx_word' id='word_1_434' title='bbox 912 3406 1270 3472; x_wconf 80' lang='lat' dir='ltr'><strong>excederent,</strong></span> <span class='ocrx_word' id='word_1_435' title='bbox 1324 3406 1659 3463; x_wconf 74' lang='lat' dir='ltr'><strong>sufﬁcientes</strong></span> <span class='ocrx_word' id='word_1_436' title='bbox 1716 3409 2002 3464; x_wconf 85' lang='lat' dir='ltr'><strong>constituit</strong></span> <span class='ocrx_word' id='word_1_437' title='bbox 2060 3409 2305 3473; x_wconf 85' lang='lat' dir='ltr'><strong>reditus,</strong></span> 
     </span>
    </p>
   </div>
   <div class='ocr_carea' id='block_1_65' title="bbox 721 3475 2308 3572">
    <p class='ocr_par' dir='ltr' id='par_1_65' title="bbox 721 3475 2308 3572">
     <span class='ocr_line' id='line_1_65' title="bbox 721 3475 2308 3572; baseline 0.001 -19"><span class='ocrx_word' id='word_1_438' title='bbox 721 3497 868 3553; x_wconf 86' lang='lat' dir='ltr'><strong>unde</strong></span> <span class='ocrx_word' id='word_1_439' title='bbox 896 3506 1112 3554; x_wconf 85' lang='lat' dir='ltr'><strong>actores</strong></span> <span class='ocrx_word' id='word_1_440' title='bbox 1131 3508 1580 3568; x_wconf 88' lang='lat' dir='ltr'><strong>procurarentur,</strong></span> <span class='ocrx_word' id='word_1_441' title='bbox 1600 3502 1773 3556; x_wconf 83' lang='lat' dir='ltr'><strong>donec</strong></span> <span class='ocrx_word' id='word_1_442' title='bbox 1798 3518 1827 3555; x_wconf 91' lang='lat' dir='ltr'><strong>a</strong></span> <span class='ocrx_word' id='word_1_443' title='bbox 1846 3475 2032 3572; x_wconf 59' lang='lat' dir='ltr'><strong>judi/ce</strong></span> <span class='ocrx_word' id='word_1_444' title='bbox 2056 3503 2202 3555; x_wconf 89' lang='lat' dir='ltr'><strong>dicta</strong></span> <span class='ocrx_word' id='word_1_445' title='bbox 2226 3502 2308 3557; x_wconf 91' lang='lat' dir='ltr'><strong>eis</strong></span> 
     </span>
    </p>
   </div>
   <div class='ocr_carea' id='block_1_66' title="bbox 720 3589 2307 3663">
    <p class='ocr_par' dir='ltr' id='par_1_66' title="bbox 720 3589 2307 3663">
     <span class='ocr_line' id='line_1_66' title="bbox 720 3589 2307 3663; baseline 0.002 -19"><span class='ocrx_word' id='word_1_446' title='bbox 720 3590 993 3645; x_wconf 83' lang='lat' dir='ltr'><strong>sententia</strong></span> <span class='ocrx_word' id='word_1_447' title='bbox 1022 3600 1191 3645; x_wconf 87' lang='lat' dir='ltr'><strong>esset.</strong></span> <span class='ocrx_word' id='word_1_448' title='bbox 1221 3589 1333 3646; x_wconf 88' lang='lat' dir='ltr'><strong>Nec</strong></span> <span class='ocrx_word' id='word_1_449' title='bbox 1372 3592 1477 3647; x_wconf 92' lang='lat' dir='ltr'><strong>ista</strong></span> <span class='ocrx_word' id='word_1_450' title='bbox 1516 3593 1682 3647; x_wconf 91' lang='lat' dir='ltr'><strong>modo</strong></span> <span class='ocrx_word' id='word_1_451' title='bbox 1711 3594 1832 3663; x_wconf 89' lang='lat' dir='ltr'><strong>ejus</strong></span> <span class='ocrx_word' id='word_1_452' title='bbox 1880 3594 2099 3649; x_wconf 89' lang='lat' dir='ltr'><strong>inventa</strong></span> <span class='ocrx_word' id='word_1_453' title='bbox 2125 3594 2192 3648; x_wconf 87' lang='lat' dir='ltr'><strong>ad</strong></span> <span class='ocrx_word' id='word_1_454' title='bbox 2222 3593 2307 3647; x_wconf 93' lang='lat' dir='ltr'><strong>in-</strong></span> 
     </span>
    </p>
   </div>
   <div class='ocr_carea' id='block_1_67' title="bbox 717 3684 2305 3756">
    <p class='ocr_par' dir='ltr' id='par_1_67' title="bbox 717 3684 2305 3756">
     <span class='ocr_line' id='line_1_67' title="bbox 717 3684 2305 3756; baseline 0.002 -18"><span class='ocrx_word' id='word_1_455' title='bbox 717 3684 923 3754; x_wconf 90' lang='lat' dir='ltr'><strong>juriam</strong></span> <span class='ocrx_word' id='word_1_456' title='bbox 974 3686 1195 3754; x_wconf 89' lang='lat' dir='ltr'><strong>penitus</strong></span> <span class='ocrx_word' id='word_1_457' title='bbox 1260 3684 1675 3755; x_wconf 84' lang='lat' dir='ltr'><strong>profligandam,</strong></span> <span class='ocrx_word' id='word_1_458' title='bbox 1730 3690 1826 3743; x_wconf 90' lang='lat' dir='ltr'><strong>sed</strong></span> <span class='ocrx_word' id='word_1_459' title='bbox 1865 3699 1918 3742; x_wconf 91' lang='lat' dir='ltr'><strong>et</strong></span> <span class='ocrx_word' id='word_1_460' title='bbox 1960 3689 2197 3756; x_wconf 88' lang='lat' dir='ltr'><strong>seipsum</strong></span> <span class='ocrx_word' id='word_1_461' title='bbox 2252 3688 2305 3741; x_wconf 92' lang='lat' dir='ltr'><strong>in</strong></span> 
     </span>
    </p>
   </div>
   <div class='ocr_carea' id='block_1_68' title="bbox 722 3775 2308 3844">
    <p class='ocr_par' dir='ltr' id='par_1_68' title="bbox 722 3775 2308 3844">
     <span class='ocr_line' id='line_1_68' title="bbox 722 3775 2308 3844; baseline 0.001 -15"><span class='ocrx_word' id='word_1_462' title='bbox 722 3776 865 3831; x_wconf 88' lang='lat' dir='ltr'><strong>banc</strong></span> <span class='ocrx_word' id='word_1_463' title='bbox 903 3775 1111 3831; x_wconf 88' lang='lat' dir='ltr'><strong>dedidit</strong></span> <span class='ocrx_word' id='word_1_464' title='bbox 1137 3786 1367 3844; x_wconf 85' lang='lat' dir='ltr'><strong>partem.</strong></span> <span class='ocrx_word' id='word_1_465' title='bbox 1399 3775 1542 3830; x_wconf 87' lang='lat' dir='ltr'><strong>Cum</strong></span> <span class='ocrx_word' id='word_1_466' title='bbox 1563 3778 1707 3830; x_wconf 89' lang='lat' dir='ltr'><strong>enim</strong></span> <span class='ocrx_word' id='word_1_467' title='bbox 1731 3792 1760 3830; x_wconf 89' lang='lat' dir='ltr'><strong>a</strong></span> <span class='ocrx_word' id='word_1_468' title='bbox 1801 3778 2064 3832; x_wconf 81' lang='lat' dir='ltr'><strong>ducendis</strong></span> <span class='ocrx_word' id='word_1_469' title='bbox 2098 3778 2308 3832; x_wconf 79' lang='lat' dir='ltr'><strong>exerci-</strong></span> 
     </span>
    </p>
   </div>
   <div class='ocr_carea' id='block_1_69' title="bbox 724 3866 2307 3937">
    <p class='ocr_par' dir='ltr' id='par_1_69' title="bbox 724 3866 2307 3937">
     <span class='ocr_line' id='line_1_69' title="bbox 724 3866 2307 3937; baseline 0 -17"><span class='ocrx_word' id='word_1_470' title='bbox 724 3868 871 3922; x_wconf 85' lang='lat' dir='ltr'><strong>tibus</strong></span> <span class='ocrx_word' id='word_1_471' title='bbox 895 3875 990 3920; x_wconf 90' lang='lat' dir='ltr'><strong>aut</strong></span> <span class='ocrx_word' id='word_1_472' title='bbox 1015 3866 1213 3921; x_wconf 80' lang='lat' dir='ltr'><strong>dandis</strong></span> <span class='ocrx_word' id='word_1_473' title='bbox 1242 3868 1527 3935; x_wconf 71' lang='lat' dir='ltr'><strong>I‘CSPOIlSlS</strong></span> <span class='ocrx_word' id='word_1_474' title='bbox 1555 3867 1918 3937; x_wconf 90' lang='lat' dir='ltr'><strong>undequaque</strong></span> <span class='ocrx_word' id='word_1_475' title='bbox 1962 3868 2307 3923; x_wconf 80' lang='lat' dir='ltr'><strong>adventanti-</strong></span> 
     </span>
    </p>
   </div>
   <div class='ocr_carea' id='block_1_70' title="bbox 719 3959 2306 4031">
    <p class='ocr_par' dir='ltr' id='par_1_70' title="bbox 719 3959 2306 4031">
     <span class='ocr_line' id='line_1_70' title="bbox 719 3959 2306 4031; baseline 0.001 -17"><span class='ocrx_word' id='word_1_476' title='bbox 719 3962 825 4015; x_wconf 85' lang='lat' dir='ltr'><strong>bus</strong></span> <span class='ocrx_word' id='word_1_477' title='bbox 860 3959 1053 4029; x_wconf 82' lang='lat' dir='ltr'><strong>legatis</strong></span> <span class='ocrx_word' id='word_1_478' title='bbox 1084 3960 1132 4013; x_wconf 91' lang='lat' dir='ltr'><strong>ei</strong></span> <span class='ocrx_word' id='word_1_479' title='bbox 1167 3970 1408 4025; x_wconf 86' lang='lat' dir='ltr'><strong>vacaret,</strong></span> <span class='ocrx_word' id='word_1_480' title='bbox 1436 3960 1552 4029; x_wconf 90' lang='lat' dir='ltr'><strong>ipse</strong></span> <span class='ocrx_word' id='word_1_481' title='bbox 1574 3975 1633 4015; x_wconf 91' lang='lat' dir='ltr'><strong>se</strong></span> <span class='ocrx_word' id='word_1_482' title='bbox 1659 3961 1784 4015; x_wconf 89' lang='lat' dir='ltr'><strong>aula</strong></span> <span class='ocrx_word' id='word_1_483' title='bbox 1803 3961 2117 4017; x_wconf 89' lang='lat' dir='ltr'><strong>subducens</strong></span> <span class='ocrx_word' id='word_1_484' title='bbox 2139 3962 2306 4031; x_wconf 89' lang='lat' dir='ltr'><strong>inque</strong></span> 
     </span>
    </p>
   </div>
   <div class='ocr_carea' id='block_1_71' title="bbox 722 4050 2303 4121">
    <p class='ocr_par' dir='ltr' id='par_1_71' title="bbox 722 4050 2303 4121">
     <span class='ocr_line' id='line_1_71' title="bbox 722 4050 2303 4121; baseline 0.001 -16"><span class='ocrx_word' id='word_1_485' title='bbox 722 4050 928 4105; x_wconf 80' lang='lat' dir='ltr'><strong>Genico</strong></span> <span class='ocrx_word' id='word_1_486' title='bbox 964 4051 1145 4120; x_wconf 90' lang='lat' dir='ltr'><strong>posito</strong></span> <span class='ocrx_word' id='word_1_487' title='bbox 1172 4051 1429 4104; x_wconf 88' lang='lat' dir='ltr'><strong>tribunali</strong></span> <span class='ocrx_word' id='word_1_488' title='bbox 1459 4052 1573 4121; x_wconf 84' lang='lat' dir='ltr'><strong>(sic</strong></span> <span class='ocrx_word' id='word_1_489' title='bbox 1610 4052 1756 4106; x_wconf 93' lang='lat' dir='ltr'><strong>dicto</strong></span> <span class='ocrx_word' id='word_1_490' title='bbox 1787 4053 1926 4116; x_wconf 93' lang='lat' dir='ltr'><strong>loco,</strong></span> <span class='ocrx_word' id='word_1_491' title='bbox 1953 4053 2027 4107; x_wconf 95' lang='lat' dir='ltr'><strong>uti</strong></span> <span class='ocrx_word' id='word_1_492' title='bbox 2070 4053 2303 4119; x_wconf 84' lang='lat' dir='ltr'><strong>videtur,</strong></span> 
     </span>
    </p>
   </div>
   <div class='ocr_carea' id='block_1_72' title="bbox 721 4142 2305 4212">
    <p class='ocr_par' dir='ltr' id='par_1_72' title="bbox 721 4142 2305 4212">
     <span class='ocr_line' id='line_1_72' title="bbox 721 4142 2305 4212; baseline 0.001 -15"><span class='ocrx_word' id='word_1_493' title='bbox 721 4143 870 4212; x_wconf 85' lang='lat' dir='ltr'><strong>quod</strong></span> <span class='ocrx_word' id='word_1_494' title='bbox 900 4157 969 4198; x_wconf 79' lang='lat' dir='ltr'><strong>ex</strong></span> <span class='ocrx_word' id='word_1_495' title='bbox 1002 4143 1153 4197; x_wconf 86' lang='lat' dir='ltr'><strong>omni</strong></span> <span class='ocrx_word' id='word_1_496' title='bbox 1182 4143 1303 4197; x_wconf 93' lang='lat' dir='ltr'><strong>loco</strong></span> <span class='ocrx_word' id='word_1_497' title='bbox 1333 4142 1399 4196; x_wconf 89' lang='lat' dir='ltr'><strong>ad</strong></span> <span class='ocrx_word' id='word_1_498' title='bbox 1426 4143 1675 4212; x_wconf 81' lang='lat' dir='ltr'><strong>publicas</strong></span> <span class='ocrx_word' id='word_1_499' title='bbox 1704 4144 1946 4198; x_wconf 83' lang='lat' dir='ltr'><strong>rationes</strong></span> <span class='ocrx_word' id='word_1_500' title='bbox 1969 4159 2035 4198; x_wconf 92' lang='lat' dir='ltr'><strong>eo</strong></span> <span class='ocrx_word' id='word_1_501' title='bbox 2062 4143 2305 4198; x_wconf 83' lang='lat' dir='ltr'><strong>conflue-</strong></span> 
     </span>
    </p>
   </div>
   <div class='ocr_carea' id='block_1_73' title="bbox 722 4235 2306 4307">
    <p class='ocr_par' dir='ltr' id='par_1_73' title="bbox 722 4235 2306 4307">
     <span class='ocr_line' id='line_1_73' title="bbox 722 4235 2306 4307; baseline -0.004 -16"><span class='ocrx_word' id='word_1_502' title='bbox 722 4236 883 4307; x_wconf 88' lang='lat' dir='ltr'><strong>rent)</strong></span> <span class='ocrx_word' id='word_1_503' title='bbox 915 4252 1011 4293; x_wconf 89' lang='lat' dir='ltr'><strong>cos</strong></span> <span class='ocrx_word' id='word_1_504' title='bbox 1041 4235 1133 4306; x_wconf 85' lang='lat' dir='ltr'><strong>qui</strong></span> <span class='ocrx_word' id='word_1_505' title='bbox 1166 4251 1196 4290; x_wconf 92' lang='lat' dir='ltr'><strong>a</strong></span> <span class='ocrx_word' id='word_1_506' title='bbox 1233 4236 1540 4305; x_wconf 86' lang='lat' dir='ltr'><strong>publicanis</strong></span> <span class='ocrx_word' id='word_1_507' title='bbox 1567 4236 1713 4291; x_wconf 90' lang='lat' dir='ltr'><strong>baud</strong></span> <span class='ocrx_word' id='word_1_508' title='bbox 1749 4252 1896 4301; x_wconf 89' lang='lat' dir='ltr'><strong>raro,</strong></span> <span class='ocrx_word' id='word_1_509' title='bbox 1926 4247 1986 4290; x_wconf 93' lang='lat' dir='ltr'><strong>ut</strong></span> <span class='ocrx_word' id='word_1_510' title='bbox 2026 4235 2139 4291; x_wconf 86' lang='lat' dir='ltr'><strong>fere</strong></span> <span class='ocrx_word' id='word_1_511' title='bbox 2168 4252 2306 4290; x_wconf 85' lang='lat' dir='ltr'><strong>con-</strong></span> 
     </span>
    </p>
   </div>
   <div class='ocr_carea' id='block_1_74' title="bbox 722 4327 2307 4398">
    <p class='ocr_par' dir='ltr' id='par_1_74' title="bbox 722 4327 2307 4398">
     <span class='ocr_line' id='line_1_74' title="bbox 722 4327 2307 4398; baseline -0.003 -15"><span class='ocrx_word' id='word_1_512' title='bbox 722 4328 884 4398; x_wconf 88' lang='lat' dir='ltr'><strong>tingit</strong></span> <span class='ocrx_word' id='word_1_513' title='bbox 913 4328 985 4381; x_wconf 87' lang='lat' dir='ltr'><strong>ob</strong></span> <span class='ocrx_word' id='word_1_514' title='bbox 1021 4328 1235 4397; x_wconf 88' lang='lat' dir='ltr'><strong>imperii</strong></span> <span class='ocrx_word' id='word_1_515' title='bbox 1268 4327 1707 4397; x_wconf 87' lang='lat' dir='ltr'><strong>amplitudinem,</strong></span> <span class='ocrx_word' id='word_1_516' title='bbox 1734 4328 1932 4397; x_wconf 87' lang='lat' dir='ltr'><strong>injuria</strong></span> <span class='ocrx_word' id='word_1_517' title='bbox 1961 4328 2307 4382; x_wconf 69' lang='lat' dir='ltr'><strong>afﬁcerentur</strong></span> 
     </span>
    </p>
   </div>
   <div class='ocr_carea' id='block_1_75' title="bbox 722 4420 2302 4490">
    <p class='ocr_par' dir='ltr' id='par_1_75' title="bbox 722 4420 2302 4490">
     <span class='ocr_line' id='line_1_75' title="bbox 722 4420 2302 4490; baseline -0.003 -15"><span class='ocrx_word' id='word_1_518' title='bbox 722 4437 787 4477; x_wconf 91' lang='lat' dir='ltr'><strong>ac</strong></span> <span class='ocrx_word' id='word_1_519' title='bbox 814 4421 963 4475; x_wconf 90' lang='lat' dir='ltr'><strong>velut</strong></span> <span class='ocrx_word' id='word_1_520' title='bbox 995 4422 1062 4476; x_wconf 86' lang='lat' dir='ltr'><strong>ad</strong></span> <span class='ocrx_word' id='word_1_521' title='bbox 1097 4432 1416 4490; x_wconf 73' lang='lat' dir='ltr'><strong>prytaneum</strong></span> <span class='ocrx_word' id='word_1_522' title='bbox 1452 4421 1518 4474; x_wconf 84' lang='lat' dir='ltr'><strong>ad</strong></span> <span class='ocrx_word' id='word_1_523' title='bbox 1568 4421 1841 4490; x_wconf 89' lang='lat' dir='ltr'><strong>ejusmodi</strong></span> <span class='ocrx_word' id='word_1_524' title='bbox 1880 4420 2073 4489; x_wconf 86' lang='lat' dir='ltr'><strong>judicii</strong></span> <span class='ocrx_word' id='word_1_525' title='bbox 2120 4421 2302 4473; x_wconf 88' lang='lat' dir='ltr'><strong>locum</strong></span> 
     </span>
    </p>
   </div>
   <div class='ocr_carea' id='block_1_76' title="bbox 722 4510 2304 4582">
    <p class='ocr_par' dir='ltr' id='par_1_76' title="bbox 722 4510 2304 4582">
     <span class='ocr_line' id='line_1_76' title="bbox 722 4510 2304 4582; baseline -0.003 -15"><span class='ocrx_word' id='word_1_526' title='bbox 722 4510 1087 4582; x_wconf 88' lang='lat' dir='ltr'><strong>confugerent</strong></span> <span class='ocrx_word' id='word_1_527' title='bbox 1112 4525 1353 4579; x_wconf 83' lang='lat' dir='ltr'><strong>suasque</strong></span> <span class='ocrx_word' id='word_1_528' title='bbox 1385 4511 1849 4580; x_wconf 81' lang='lat' dir='ltr'><strong>expostulationes</strong></span> <span class='ocrx_word' id='word_1_529' title='bbox 1877 4511 2156 4574; x_wconf 72' lang='lat' dir='ltr'><strong>offerrent,</strong></span> <span class='ocrx_word' id='word_1_530' title='bbox 2190 4526 2304 4563; x_wconf 88' lang='lat' dir='ltr'><strong>ma-</strong></span> 
     </span>
    </p>
   </div>
   <div class='ocr_carea' id='block_1_77' title="bbox 2414 3311 4011 3389">
    <p class='ocr_par' dir='ltr' id='par_1_77' title="bbox 2414 3311 4011 3389">
     <span class='ocr_line' id='line_1_77' title="bbox 2414 3311 4011 3389; baseline -0.008 -15"><span class='ocrx_word' id='word_1_531' title='bbox 2414 3321 2509 3375; x_wconf 74' lang='grc' dir='ltr'><strong>ἐπὶ</strong></span> <span class='ocrx_word' id='word_1_532' title='bbox 2536 3324 2601 3389; x_wconf 80' lang='grc' dir='ltr'>τῇ</span> <span class='ocrx_word' id='word_1_533' title='bbox 2628 3320 2780 3387; x_wconf 82' lang='grc' dir='ltr'><strong>παρά</strong></span> <span class='ocrx_word' id='word_1_534' title='bbox 2808 3317 2917 3369; x_wconf 86' lang='grc' dir='ltr'><strong>τῶν</strong></span> <span class='ocrx_word' id='word_1_535' title='bbox 2950 3316 3317 3387; x_wconf 82' lang='grc' dir='ltr'>ἰσχυροτέρων</span> <span class='ocrx_word' id='word_1_536' title='bbox 3347 3314 3438 3383; x_wconf 81' lang='grc' dir='ltr'>βία</span> <span class='ocrx_word' id='word_1_537' title='bbox 3460 3314 3719 3366; x_wconf 76' lang='grc' dir='ltr'>ἑκάστοτε</span> <span class='ocrx_word' id='word_1_538' title='bbox 3744 3311 3880 3381; x_wconf 69' lang='grc' dir='ltr'>πρὸς</span> <span class='ocrx_word' id='word_1_539' title='bbox 3900 3312 4011 3378; x_wconf 74' lang='grc' dir='ltr'><strong>τὴν</strong></span> 
     </span>
    </p>
   </div>
   <div class='ocr_carea' id='block_1_78' title="bbox 2415 3403 4012 3481">
    <p class='ocr_par' dir='ltr' id='par_1_78' title="bbox 2415 3403 4012 3481">
     <span class='ocr_line' id='line_1_78' title="bbox 2415 3403 4012 3481; baseline -0.007 -17"><span class='ocrx_word' id='word_1_540' title='bbox 2415 3410 2811 3481; x_wconf 79' lang='grc' dir='ltr'>βασιλεύουσαν</span> <span class='ocrx_word' id='word_1_541' title='bbox 2858 3407 3328 3476; x_wconf 75' lang='grc' dir='ltr'>ἀναγκαζομένων</span> <span class='ocrx_word' id='word_1_542' title='bbox 3382 3403 3730 3476; x_wconf 87' lang='grc' dir='ltr'>εἰσέρχεσθαι</span> <span class='ocrx_word' id='word_1_543' title='bbox 3802 3403 4012 3465; x_wconf 89' lang='grc' dir='ltr'>Δείσας</span> 
     </span>
    </p>
   </div>
   <div class='ocr_carea' id='block_1_79' title="bbox 2411 3495 4012 3571">
    <p class='ocr_par' dir='ltr' id='par_1_79' title="bbox 2411 3495 4012 3571">
     <span class='ocr_line' id='line_1_79' title="bbox 2411 3495 4012 3571; baseline -0.006 -17"><span class='ocrx_word' id='word_1_544' title='bbox 2411 3503 2521 3571; x_wconf 80' lang='grc' dir='ltr'><strong>γὰρ</strong></span> <span class='ocrx_word' id='word_1_545' title='bbox 2557 3502 2631 3571; x_wconf 83' lang='grc' dir='ltr'>μὴ</span> <span class='ocrx_word' id='word_1_546' title='bbox 2664 3500 2870 3571; x_wconf 71' lang='grc' dir='ltr'>ἀπορίᾳ</span> <span class='ocrx_word' id='word_1_547' title='bbox 2899 3497 3009 3551; x_wconf 86' lang='grc' dir='ltr'><strong>τῶν</strong></span> <span class='ocrx_word' id='word_1_548' title='bbox 3039 3497 3361 3565; x_wconf 80' lang='grc' dir='ltr'>ἐπιτηδείων</span> <span class='ocrx_word' id='word_1_549' title='bbox 3397 3497 3655 3558; x_wconf 69' lang='grc' dir='ltr'>πολλάκις</span> <span class='ocrx_word' id='word_1_550' title='bbox 3695 3495 3840 3555; x_wconf 76' lang='grc' dir='ltr'>τινες</span> <span class='ocrx_word' id='word_1_551' title='bbox 3891 3495 4012 3561; x_wconf 75' lang='grc' dir='ltr'>πρὸ</span> 
     </span>
    </p>
   </div>
   <div class='ocr_carea' id='block_1_80' title="bbox 2409 3583 4011 3661">
    <p class='ocr_par' dir='ltr' id='par_1_80' title="bbox 2409 3583 4011 3661">
     <span class='ocr_line' id='line_1_80' title="bbox 2409 3583 4011 3661; baseline -0.006 -17"><span class='ocrx_word' id='word_1_552' title='bbox 2409 3591 2504 3645; x_wconf 79' lang='grc' dir='ltr'>τοῦ</span> <span class='ocrx_word' id='word_1_553' title='bbox 2536 3593 2711 3661; x_wconf 80' lang='grc' dir='ltr'>πέρας</span> <span class='ocrx_word' id='word_1_554' title='bbox 2746 3590 2845 3659; x_wconf 78' lang='grc' dir='ltr'><strong>τήν</strong></span> <span class='ocrx_word' id='word_1_555' title='bbox 2874 3587 2994 3642; x_wconf 86' lang='grc' dir='ltr'>κατ’</span> <span class='ocrx_word' id='word_1_556' title='bbox 3034 3587 3233 3649; x_wconf 81' lang='grc' dir='ltr'>αὐτοὺς</span> <span class='ocrx_word' id='word_1_557' title='bbox 3283 3587 3545 3638; x_wconf 79' lang='grc' dir='ltr'>ὑπόθεσιν</span> <span class='ocrx_word' id='word_1_558' title='bbox 3599 3584 3859 3649; x_wconf 80' lang='grc' dir='ltr'>δέξασθαι</span> <span class='ocrx_word' id='word_1_559' title='bbox 3888 3583 4011 3635; x_wconf 88' lang='grc' dir='ltr'><strong>τῶν</strong></span> 
     </span>
    </p>
   </div>
   <div class='ocr_carea' id='block_1_81' title="bbox 2409 3678 4011 3753">
    <p class='ocr_par' dir='ltr' id='par_1_81' title="bbox 2409 3678 4011 3753">
     <span class='ocr_line' id='line_1_81' title="bbox 2409 3678 4011 3753; baseline -0.005 -17"><span class='ocrx_word' id='word_1_560' title='bbox 2409 3683 2535 3753; x_wconf 78' lang='grc' dir='ltr'>τῇδε</span> <span class='ocrx_word' id='word_1_561' title='bbox 2589 3682 3013 3751; x_wconf 81' lang='grc' dir='ltr'>ἀναχωρήσωσι,</span> <span class='ocrx_word' id='word_1_562' title='bbox 3069 3679 3333 3750; x_wconf 84' lang='grc' dir='ltr'>πρόσοδον</span> <span class='ocrx_word' id='word_1_563' title='bbox 3394 3678 3670 3749; x_wconf 78' lang='grc' dir='ltr'>ἀρκοῦσαν</span> <span class='ocrx_word' id='word_1_564' title='bbox 3713 3679 4011 3747; x_wconf 77' lang='grc' dir='ltr'>ἀφώρισεν</span> 
     </span>
    </p>
   </div>
   <div class='ocr_carea' id='block_1_82' title="bbox 2412 3769 4010 3845">
    <p class='ocr_par' dir='ltr' id='par_1_82' title="bbox 2412 3769 4010 3845">
     <span class='ocr_line' id='line_1_82' title="bbox 2412 3769 4010 3845; baseline -0.006 -16"><span class='ocrx_word' id='word_1_565' title='bbox 2412 3769 2595 3845; x_wconf 80' lang='grc' dir='ltr'>ἀφ’ἧς</span> <span class='ocrx_word' id='word_1_566' title='bbox 2625 3776 2672 3826; x_wconf 80' lang='grc' dir='ltr'><strong>οἱ</strong></span> <span class='ocrx_word' id='word_1_567' title='bbox 2708 3774 2752 3804; x_wconf 76' lang='grc'>⁸⁸</span> <span class='ocrx_word' id='word_1_568' title='bbox 2784 3770 3146 3841; x_wconf 76' lang='grc' dir='ltr'>ἐγκαλοῦντες</span> <span class='ocrx_word' id='word_1_569' title='bbox 3191 3771 3335 3824; x_wconf 88' lang='grc' dir='ltr'><strong>κατά</strong></span> <span class='ocrx_word' id='word_1_570' title='bbox 3380 3789 3541 3824; x_wconf 89' lang='grc' dir='ltr'>τινων</span> <span class='ocrx_word' id='word_1_571' title='bbox 3598 3769 4010 3837; x_wconf 83' lang='grc' dir='ltr'>ἀπετρέφοντο,</span> 
     </span>
    </p>
   </div>
   <div class='ocr_carea' id='block_1_83' title="bbox 2410 3860 4009 3939">
    <p class='ocr_par' dir='ltr' id='par_1_83' title="bbox 2410 3860 4009 3939">
     <span class='ocr_line' id='line_1_83' title="bbox 2410 3860 4009 3939; baseline -0.006 -18"><span class='ocrx_word' id='word_1_572' title='bbox 2410 3868 2514 3930; x_wconf 73' lang='grc' dir='ltr'>ἕως</span> <span class='ocrx_word' id='word_1_573' title='bbox 2536 3869 2635 3939; x_wconf 79' lang='grc' dir='ltr'>τὴν</span> <span class='ocrx_word' id='word_1_574' title='bbox 2654 3865 2761 3919; x_wconf 84' lang='grc' dir='ltr'>ἀπὸ</span> <span class='ocrx_word' id='word_1_575' title='bbox 2782 3865 2876 3917; x_wconf 78' lang='grc' dir='ltr'>τοῦ</span> <span class='ocrx_word' id='word_1_576' title='bbox 2893 3864 3148 3917; x_wconf 74' lang='grc' dir='ltr'>δικαστοῦ</span> <span class='ocrx_word' id='word_1_577' title='bbox 3169 3864 3445 3931; x_wconf 81' lang='grc' dir='ltr'>ἀπόφασιν</span> <span class='ocrx_word' id='word_1_578' title='bbox 3478 3861 3692 3915; x_wconf 78' lang='grc' dir='ltr'>ἔλαϐον.</span> <span class='ocrx_word' id='word_1_579' title='bbox 3720 3863 3794 3915; x_wconf 77' lang='grc' dir='ltr'><strong>Οὐ</strong></span> <span class='ocrx_word' id='word_1_580' title='bbox 3826 3860 4009 3913; x_wconf 78' lang='grc' dir='ltr'>ταῦτα</span> 
     </span>
    </p>
   </div>
   <div class='ocr_carea' id='block_1_84' title="bbox 2410 3956 4011 4030">
    <p class='ocr_par' dir='ltr' id='par_1_84' title="bbox 2410 3956 4011 4030">
     <span class='ocr_line' id='line_1_84' title="bbox 2410 3956 4011 4030; baseline -0.004 -17"><span class='ocrx_word' id='word_1_581' title='bbox 2410 3960 2465 4013; x_wconf 76' lang='grc' dir='ltr'>δὲ</span> <span class='ocrx_word' id='word_1_582' title='bbox 2486 3959 2626 4030; x_wconf 89' lang='grc' dir='ltr'>μόνα</span> <span class='ocrx_word' id='word_1_583' title='bbox 2662 3959 2799 4028; x_wconf 79' lang='grc' dir='ltr'>πρὸς</span> <span class='ocrx_word' id='word_1_584' title='bbox 2856 3957 2957 4027; x_wconf 83' lang='grc' dir='ltr'>τὴν</span> <span class='ocrx_word' id='word_1_585' title='bbox 2995 3957 3243 4027; x_wconf 83' lang='grc' dir='ltr'>παντελῆ</span> <span class='ocrx_word' id='word_1_586' title='bbox 3264 3959 3363 4027; x_wconf 86' lang='grc' dir='ltr'>τῆς</span> <span class='ocrx_word' id='word_1_587' title='bbox 3415 3956 3629 4018; x_wconf 82' lang='grc' dir='ltr'>ἀδικίας</span> <span class='ocrx_word' id='word_1_588' title='bbox 3658 3956 4011 4025; x_wconf 82' lang='grc' dir='ltr'>ἐπενοήσατο</span> 
     </span>
    </p>
   </div>
   <div class='ocr_carea' id='block_1_85' title="bbox 2410 4047 4009 4121">
    <p class='ocr_par' dir='ltr' id='par_1_85' title="bbox 2410 4047 4009 4121">
     <span class='ocr_line' id='line_1_85' title="bbox 2410 4047 4009 4121; baseline -0.004 -16"><span class='ocrx_word' id='word_1_589' title='bbox 2410 4051 2810 4121; x_wconf 70' lang='grc' dir='ltr'>ἑξολὸθρευσιν,</span> <span class='ocrx_word' id='word_1_590' title='bbox 2836 4050 2974 4105; x_wconf 84' lang='grc' dir='ltr'><strong>ἀλλά</strong></span> <span class='ocrx_word' id='word_1_591' title='bbox 2999 4051 3097 4105; x_wconf 77' lang='grc' dir='ltr'>καὶ</span> <span class='ocrx_word' id='word_1_592' title='bbox 3152 4050 3347 4103; x_wconf 77' lang='grc' dir='ltr'>ἑαυτὸν</span> <span class='ocrx_word' id='word_1_593' title='bbox 3384 4051 3464 4112; x_wconf 88' lang='grc' dir='ltr'>εἰς</span> <span class='ocrx_word' id='word_1_594' title='bbox 3505 4049 3564 4100; x_wconf 85' lang='grc' dir='ltr'><strong>τὺ</strong></span> <span class='ocrx_word' id='word_1_595' title='bbox 3590 4048 3803 4102; x_wconf 81' lang='grc' dir='ltr'>τοιοῦτο</span> <span class='ocrx_word' id='word_1_596' title='bbox 3828 4047 4009 4118; x_wconf 82' lang='grc' dir='ltr'>μέρος</span> 
     </span>
    </p>
   </div>
   <div class='ocr_carea' id='block_1_86' title="bbox 2410 4142 4012 4214">
    <p class='ocr_par' dir='ltr' id='par_1_86' title="bbox 2410 4142 4012 4214">
     <span class='ocr_line' id='line_1_86' title="bbox 2410 4142 4012 4214; baseline -0.004 -15"><span class='ocrx_word' id='word_1_597' title='bbox 2410 4146 2689 4200; x_wconf 65' lang='grc' dir='ltr'>ἐπέδωκε·</span> <span class='ocrx_word' id='word_1_598' title='bbox 2726 4148 2817 4197; x_wconf 73' lang='grc' dir='ltr'>καὶ</span> <span class='ocrx_word' id='word_1_599' title='bbox 2844 4146 2973 4198; x_wconf 84' lang='grc' dir='ltr'>ὅταν</span> <span class='ocrx_word' id='word_1_600' title='bbox 3013 4146 3172 4214; x_wconf 81' lang='grc' dir='ltr'>ἔτυχε</span> <span class='ocrx_word' id='word_1_601' title='bbox 3208 4145 3317 4197; x_wconf 84' lang='grc' dir='ltr'><strong>τῶν</strong></span> <span class='ocrx_word' id='word_1_602' title='bbox 3377 4143 3679 4213; x_wconf 81' lang='grc' dir='ltr'>στρατειῶν</span> <span class='ocrx_word' id='word_1_603' title='bbox 3720 4142 4012 4210; x_wconf 74' lang='grc' dir='ltr'>σχολάζων</span> 
     </span>
    </p>
   </div>
   <div class='ocr_carea' id='block_1_87' title="bbox 2411 4234 4007 4309">
    <p class='ocr_par' dir='ltr' id='par_1_87' title="bbox 2411 4234 4007 4309">
     <span class='ocr_line' id='line_1_87' title="bbox 2411 4234 4007 4309; baseline -0.004 -17"><span class='ocrx_word' id='word_1_604' title='bbox 2411 4240 2506 4292; x_wconf 69' lang='grc' dir='ltr'>καὶ</span> <span class='ocrx_word' id='word_1_605' title='bbox 2528 4237 2620 4291; x_wconf 82' lang='grc' dir='ltr'>τοῦ</span> <span class='ocrx_word' id='word_1_606' title='bbox 2645 4239 3009 4309; x_wconf 79' lang='grc' dir='ltr'>χρηματίζειν</span> <span class='ocrx_word' id='word_1_607' title='bbox 3061 4240 3182 4300; x_wconf 81' lang='grc' dir='ltr'>ταῖς</span> <span class='ocrx_word' id='word_1_608' title='bbox 3242 4236 3618 4305; x_wconf 72' lang='grc' dir='ltr'>ἁπανταχόθεν</span> <span class='ocrx_word' id='word_1_609' title='bbox 3651 4234 4007 4305; x_wconf 81' lang='grc' dir='ltr'>πρεσϐείαις,</span> 
     </span>
    </p>
   </div>
   <div class='ocr_carea' id='block_1_88' title="bbox 2412 4329 4013 4402">
    <p class='ocr_par' dir='ltr' id='par_1_88' title="bbox 2412 4329 4013 4402">
     <span class='ocr_line' id='line_1_88' title="bbox 2412 4329 4013 4402; baseline -0.003 -17"><span class='ocrx_word' id='word_1_610' title='bbox 2412 4332 2576 4395; x_wconf 73' lang='grc' dir='ltr'>αὐτὸς</span> <span class='ocrx_word' id='word_1_611' title='bbox 2632 4332 2742 4384; x_wconf 88' lang='grc' dir='ltr'><strong>τῶν</strong></span> <span class='ocrx_word' id='word_1_612' title='bbox 2797 4332 3086 4402; x_wconf 84' lang='grc' dir='ltr'>βασιλείων</span> <span class='ocrx_word' id='word_1_613' title='bbox 3143 4329 3453 4384; x_wconf 80' lang='grc' dir='ltr'>ὑποκατιὼν</span> <span class='ocrx_word' id='word_1_614' title='bbox 3506 4332 3598 4383; x_wconf 76' lang='grc' dir='ltr'>καὶ</span> <span class='ocrx_word' id='word_1_615' title='bbox 3655 4332 3734 4392; x_wconf 80' lang='grc' dir='ltr'>εἰς</span> <span class='ocrx_word' id='word_1_616' title='bbox 3794 4329 3855 4381; x_wconf 85' lang='grc' dir='ltr'>τὸ</span> <span class='ocrx_word' id='word_1_617' title='bbox 3915 4330 4013 4381; x_wconf 68' lang='grc' dir='ltr'>διὰ</span> 
     </span>
    </p>
   </div>
   <div class='ocr_carea' id='block_1_89' title="bbox 2409 4421 4012 4494">
    <p class='ocr_par' dir='ltr' id='par_1_89' title="bbox 2409 4421 4012 4494">
     <span class='ocr_line' id='line_1_89' title="bbox 2409 4421 4012 4494; baseline -0.003 -17"><span class='ocrx_word' id='word_1_618' title='bbox 2409 4425 2536 4488; x_wconf 81' lang='grc' dir='ltr'>τοὺς</span> <span class='ocrx_word' id='word_1_619' title='bbox 2567 4425 2612 4455; x_wconf 85' lang='grc'><strong>⁸¹</strong></span> <span class='ocrx_word' id='word_1_620' title='bbox 2635 4424 2979 4494; x_wconf 85' lang='grc' dir='ltr'>πανταχόθεν</span> <span class='ocrx_word' id='word_1_621' title='bbox 3000 4426 3078 4486; x_wconf 85' lang='grc' dir='ltr'><strong>εἰς</strong></span> <span class='ocrx_word' id='word_1_622' title='bbox 3126 4424 3259 4476; x_wconf 78' lang='grc' dir='ltr'><strong>αὐτὸ</strong></span> <span class='ocrx_word' id='word_1_623' title='bbox 3312 4424 3723 4493; x_wconf 78' lang='grc' dir='ltr'>συντρέχοντας,</span> <span class='ocrx_word' id='word_1_624' title='bbox 3770 4422 3846 4482; x_wconf 86' lang='grc' dir='ltr'>ὠς</span> <span class='ocrx_word' id='word_1_625' title='bbox 3892 4421 4012 4473; x_wconf 75' lang='grc' dir='ltr'>ἐοι-</span> 
     </span>
    </p>
   </div>
   <div class='ocr_carea' id='block_1_90' title="bbox 2415 4514 4010 4586">
    <p class='ocr_par' dir='ltr' id='par_1_90' title="bbox 2415 4514 4010 4586">
     <span class='ocr_line' id='line_1_90' title="bbox 2415 4514 4010 4586; baseline -0.002 -17"><span class='ocrx_word' id='word_1_626' title='bbox 2415 4534 2530 4579; x_wconf 83' lang='grc' dir='ltr'>κεν,</span> <span class='ocrx_word' id='word_1_627' title='bbox 2564 4517 2857 4586; x_wconf 85' lang='grc' dir='ltr'>λεγόμενον</span> <span class='ocrx_word' id='word_1_628' title='bbox 2918 4517 3141 4569; x_wconf 76' lang='grc' dir='ltr'>Γενικδν</span> <span class='ocrx_word' id='word_1_629' title='bbox 3188 4516 3551 4582; x_wconf 76' lang='grc' dir='ltr'>καθεζόμενος</span> <span class='ocrx_word' id='word_1_630' title='bbox 3588 4517 3713 4577; x_wconf 77' lang='grc' dir='ltr'>τοὺς</span> <span class='ocrx_word' id='word_1_631' title='bbox 3758 4514 3863 4567; x_wconf 77' lang='grc' dir='ltr'><strong>ὑπὸ</strong></span> <span class='ocrx_word' id='word_1_632' title='bbox 3889 4515 4010 4567; x_wconf 82' lang='grc' dir='ltr'><strong>τῶν</strong></span> 
     </span>
    </p>
   </div>
   <div class='ocr_carea' id='block_1_91' title="bbox 723 4581 2306 4677">
    <p class='ocr_par' dir='ltr' id='par_1_91' title="bbox 723 4581 2306 4674">
     <span class='ocr_line' id='line_1_91' title="bbox 723 4581 2306 4674; baseline -0.001 -17"><span class='ocrx_word' id='word_1_633' title='bbox 723 4617 833 4674; x_wconf 85' lang='lat' dir='ltr'><strong>gno</strong></span> <span class='ocrx_word' id='word_1_634' title='bbox 860 4581 1048 4657; x_wconf 85' lang='lat' dir='ltr'><strong>labore</strong></span> <span class='ocrx_word' id='word_1_635' title='bbox 1074 4601 1406 4670; x_wconf 79' lang='lat' dir='ltr'><strong>assiduaque.</strong></span> <span class='ocrx_word' id='word_1_636' title='bbox 1434 4601 1710 4671; x_wconf 85' lang='lat' dir='ltr'><strong>diligentia</strong></span> <span class='ocrx_word' id='word_1_637' title='bbox 1738 4602 2110 4665; x_wconf 76' lang='lat' dir='ltr'><strong>examinabat,</strong></span> <span class='ocrx_word' id='word_1_638' title='bbox 2142 4612 2306 4670; x_wconf 84' lang='lat' dir='ltr'><strong>atque</strong></span> 
     </span>
    </p>
   </div>
   <div class='ocr_carea' id='block_1_92' title="bbox 2412 4581 4006 4677">
    <p class='ocr_par' dir='ltr' id='par_1_92' title="bbox 2414 4606 4006 4677">
     <span class='ocr_line' id='line_1_92' title="bbox 2414 4606 4006 4677; baseline -0.003 -16"><span class='ocrx_word' id='word_1_639' title='bbox 2414 4610 2853 4676; x_wconf 79' lang='grc' dir='ltr'>εἰσπραττόντων</span> <span class='ocrx_word' id='word_1_640' title='bbox 2910 4610 3041 4671; x_wconf 84' lang='grc' dir='ltr'>τοὺς</span> <span class='ocrx_word' id='word_1_641' title='bbox 3094 4608 3393 4677; x_wconf 84' lang='grc' dir='ltr'>δημοσίους</span> <span class='ocrx_word' id='word_1_642' title='bbox 3447 4608 3647 4677; x_wconf 78' lang='grc' dir='ltr'>φόρους</span> <span class='ocrx_word' id='word_1_643' title='bbox 3712 4606 4006 4669; x_wconf 65' lang='grc' dir='ltr'>πολλάκις,</span> 
     </span>
    </p>
   </div>
   <div class='ocr_carea' id='block_1_93' title="bbox 723 4691 2305 4762">
    <p class='ocr_par' dir='ltr' id='par_1_93' title="bbox 723 4691 2305 4762">
     <span class='ocr_line' id='line_1_93' title="bbox 723 4691 2305 4762; baseline -0.003 -12"><span class='ocrx_word' id='word_1_644' title='bbox 723 4698 781 4750; x_wconf 92' lang='lat' dir='ltr'><strong>in</strong></span> <span class='ocrx_word' id='word_1_645' title='bbox 811 4710 937 4751; x_wconf 87' lang='lat' dir='ltr'><strong>eum</strong></span> <span class='ocrx_word' id='word_1_646' title='bbox 966 4694 1189 4750; x_wconf 89' lang='lat' dir='ltr'><strong>modum</strong></span> <span class='ocrx_word' id='word_1_647' title='bbox 1224 4693 1292 4747; x_wconf 94' lang='lat' dir='ltr'><strong>iis</strong></span> <span class='ocrx_word' id='word_1_648' title='bbox 1318 4691 1414 4762; x_wconf 84' lang='lat' dir='ltr'><strong>qui</strong></span> <span class='ocrx_word' id='word_1_649' title='bbox 1459 4692 1660 4760; x_wconf 83' lang='lat' dir='ltr'><strong>injuria</strong></span> <span class='ocrx_word' id='word_1_650' title='bbox 1701 4692 2077 4747; x_wconf 76' lang='lat' dir='ltr'><strong>alliciebantur</strong></span> <span class='ocrx_word' id='word_1_651' title='bbox 2110 4694 2305 4747; x_wconf 78' lang='lat' dir='ltr'><strong>vindex</strong></span> 
     </span>
    </p>
   </div>
   <div class='ocr_carea' id='block_1_94' title="bbox 724 4784 2308 4859">
    <p class='ocr_par' dir='ltr' id='par_1_94' title="bbox 724 4784 2308 4859">
     <span class='ocr_line' id='line_1_94' title="bbox 724 4784 2308 4859; baseline -0.001 -15"><span class='ocrx_word' id='word_1_652' title='bbox 724 4788 984 4853; x_wconf 87' lang='lat' dir='ltr'><strong>sedebat;</strong></span> <span class='ocrx_word' id='word_1_653' title='bbox 1017 4802 1110 4841; x_wconf 90' lang='lat' dir='ltr'><strong>cos</strong></span> <span class='ocrx_word' id='word_1_654' title='bbox 1137 4801 1269 4840; x_wconf 84' lang='lat' dir='ltr'><strong>vero</strong></span> <span class='ocrx_word' id='word_1_655' title='bbox 1296 4786 1389 4857; x_wconf 90' lang='lat' dir='ltr'><strong>qui</strong></span> <span class='ocrx_word' id='word_1_656' title='bbox 1418 4784 1711 4850; x_wconf 84' lang='lat' dir='ltr'><strong>faciebant,</strong></span> <span class='ocrx_word' id='word_1_657' title='bbox 1746 4788 1921 4856; x_wconf 77' lang='lat' dir='ltr'><strong>pomis</strong></span> <span class='ocrx_word' id='word_1_658' title='bbox 1960 4804 1989 4841; x_wconf 90' lang='lat' dir='ltr'><strong>a</strong></span> <span class='ocrx_word' id='word_1_659' title='bbox 2017 4789 2133 4858; x_wconf 81' lang='lat' dir='ltr'><strong>lege</strong></span> <span class='ocrx_word' id='word_1_660' title='bbox 2173 4805 2308 4859; x_wconf 58' lang='lat' dir='ltr'><strong>prte-</strong></span> 
     </span>
    </p>
   </div>
   <div class='ocr_carea' id='block_1_95' title="bbox 722 4876 2304 4947">
    <p class='ocr_par' dir='ltr' id='par_1_95' title="bbox 722 4876 2304 4947">
     <span class='ocr_line' id='line_1_95' title="bbox 722 4876 2304 4947; baseline -0.001 -13"><span class='ocrx_word' id='word_1_661' title='bbox 722 4879 967 4947; x_wconf 87' lang='lat' dir='ltr'><strong>scriptis,</strong></span> <span class='ocrx_word' id='word_1_662' title='bbox 1028 4893 1096 4931; x_wconf 83' lang='lat' dir='ltr'><strong>ne</strong></span> <span class='ocrx_word' id='word_1_663' title='bbox 1152 4876 1281 4930; x_wconf 91' lang='lat' dir='ltr'><strong>talia</strong></span> <span class='ocrx_word' id='word_1_664' title='bbox 1339 4876 1596 4946; x_wconf 87' lang='lat' dir='ltr'><strong>deinceps</strong></span> <span class='ocrx_word' id='word_1_665' title='bbox 1650 4876 1937 4941; x_wconf 75' lang='lat' dir='ltr'><strong>auderent,</strong></span> <span class='ocrx_word' id='word_1_666' title='bbox 1976 4880 2304 4935; x_wconf 86' lang='lat' dir='ltr'><strong>deterrebat.</strong></span> 
     </span>
    </p>
   </div>
   <div class='ocr_carea' id='block_1_96' title="bbox 724 4967 2306 5037">
    <p class='ocr_par' dir='ltr' id='par_1_96' title="bbox 724 4967 2306 5037">
     <span class='ocr_line' id='line_1_96' title="bbox 724 4967 2306 5037; baseline 0.001 -13"><span class='ocrx_word' id='word_1_667' title='bbox 724 4968 1048 5024; x_wconf 85' lang='lat' dir='ltr'><strong>Subsecutis</strong></span> <span class='ocrx_word' id='word_1_668' title='bbox 1081 4967 1279 5022; x_wconf 78' lang='lat' dir='ltr'><strong>deinde,</strong></span> <span class='ocrx_word' id='word_1_669' title='bbox 1322 4968 1660 5037; x_wconf 89' lang='lat' dir='ltr'><strong>temporibus</strong></span> <span class='ocrx_word' id='word_1_670' title='bbox 1714 4969 1856 5023; x_wconf 87' lang='lat' dir='ltr'><strong>fama</strong></span> <span class='ocrx_word' id='word_1_671' title='bbox 1903 4981 2005 5035; x_wconf 83' lang='lat' dir='ltr'><strong>est,</strong></span> <span class='ocrx_word' id='word_1_672' title='bbox 2056 4987 2181 5024; x_wconf 84' lang='lat' dir='ltr'><strong>cum</strong></span> <span class='ocrx_word' id='word_1_673' title='bbox 2238 4972 2306 5026; x_wconf 90' lang='lat' dir='ltr'><strong>ad</strong></span> 
     </span>
    </p>
   </div>
   <div class='ocr_carea' id='block_1_97' title="bbox 722 5059 2305 5151">
    <p class='ocr_par' dir='ltr' id='par_1_97' title="bbox 722 5059 2305 5151">
     <span class='ocr_line' id='line_1_97' title="bbox 722 5059 2305 5151; baseline 0.004 -37"><span class='ocrx_word' id='word_1_674' title='bbox 722 5076 849 5115; x_wconf 89' lang='lat' dir='ltr'><strong>eum</strong></span> <span class='ocrx_word' id='word_1_675' title='bbox 876 5059 1067 5129; x_wconf 90' lang='lat' dir='ltr'><strong>judicii</strong></span> <span class='ocrx_word' id='word_1_676' title='bbox 1100 5059 1280 5113; x_wconf 90' lang='lat' dir='ltr'><strong>locum</strong></span> <span class='ocrx_word' id='word_1_677' title='bbox 1315 5068 1475 5129; x_wconf 87' lang='lat' dir='ltr'><strong>atque</strong></span> <span class='ocrx_word' id='word_1_678' title='bbox 1502 5059 1808 5128; x_wconf 60' lang='lat' dir='ltr'><strong>palestram</strong></span> <span class='ocrx_word' id='word_1_679' title='bbox 1839 5066 2160 5151; x_wconf 49' lang='lat' dir='ltr'><strong>accessisset</strong></span> <span class='ocrx_word' id='word_1_680' title='bbox 2196 5065 2305 5121; x_wconf 80' lang='lat' dir='ltr'><strong>illis</strong></span> 
     </span>
    </p>
   </div>
   <div class='ocr_carea' id='block_1_98' title="bbox 723 5148 2301 5232">
    <p class='ocr_par' dir='ltr' id='par_1_98' title="bbox 723 5148 2301 5232">
     <span class='ocr_line' id='line_1_98' title="bbox 723 5148 2301 5232; baseline 0.003 -23"><span class='ocrx_word' id='word_1_681' title='bbox 723 5155 921 5210; x_wconf 81' lang='lat' dir='ltr'><strong>vindex</strong></span> <span class='ocrx_word' id='word_1_682' title='bbox 952 5153 1172 5209; x_wconf 88' lang='lat' dir='ltr'><strong>futurus</strong></span> <span class='ocrx_word' id='word_1_683' title='bbox 1216 5155 1311 5225; x_wconf 89' lang='lat' dir='ltr'><strong>qui</strong></span> <span class='ocrx_word' id='word_1_684' title='bbox 1349 5155 1455 5208; x_wconf 82' lang='lat' dir='ltr'><strong>ulla</strong></span> <span class='ocrx_word' id='word_1_685' title='bbox 1498 5155 1697 5225; x_wconf 88' lang='lat' dir='ltr'><strong>injuria</strong></span> <span class='ocrx_word' id='word_1_686' title='bbox 1731 5148 2104 5225; x_wconf 59' lang='lat' dir='ltr'><strong>pulsat-enimn</strong></span> <span class='ocrx_word' id='word_1_687' title='bbox 2142 5160 2301 5232; x_wconf 76' lang='lat'><strong>261</strong></span> 
     </span>
    </p>
   </div>
   <div class='ocr_carea' id='block_1_99' title="bbox 632 5248 2308 5316">
    <p class='ocr_par' dir='ltr' id='par_1_99' title="bbox 632 5248 2308 5316">
     <span class='ocr_line' id='line_1_99' title="bbox 632 5248 2308 5316; baseline 0.004 -15"><span class='ocrx_word' id='word_1_688' title='bbox 632 5254 638 5260; x_wconf 81' lang='grc'><strong>’</strong></span> <span class='ocrx_word' id='word_1_689' title='bbox 724 5248 944 5303; x_wconf 88' lang='lat' dir='ltr'><strong>nemine</strong></span> <span class='ocrx_word' id='word_1_690' title='bbox 970 5248 1372 5316; x_wconf 79' lang='lat' dir='ltr'><strong>expostulante,</strong></span> <span class='ocrx_word' id='word_1_691' title='bbox 1422 5262 1549 5303; x_wconf 91' lang='lat' dir='ltr'><strong>cum</strong></span> <span class='ocrx_word' id='word_1_692' title='bbox 1578 5249 1630 5300; x_wconf 93' lang='lat' dir='ltr'><strong>in</strong></span> <span class='ocrx_word' id='word_1_693' title='bbox 1680 5260 1914 5304; x_wconf 90' lang='lat' dir='ltr'><strong>mentem</strong></span> <span class='ocrx_word' id='word_1_694' title='bbox 1964 5252 2207 5307; x_wconf 84' lang='lat' dir='ltr'><strong>venisset</strong></span> <span class='ocrx_word' id='word_1_695' title='bbox 2242 5270 2308 5309; x_wconf 88' lang='lat' dir='ltr'><strong>ne</strong></span> 
     </span>
    </p>
   </div>
   <div class='ocr_carea' id='block_1_100' title="bbox 724 5336 2302 5412">
    <p class='ocr_par' dir='ltr' id='par_1_100' title="bbox 724 5336 2302 5412">
     <span class='ocr_line' id='line_1_100' title="bbox 724 5336 2302 5412; baseline 0.006 -21"><span class='ocrx_word' id='word_1_696' title='bbox 724 5336 864 5391; x_wconf 89' lang='lat' dir='ltr'><strong>forte</strong></span> <span class='ocrx_word' id='word_1_697' title='bbox 895 5338 1143 5407; x_wconf 86' lang='lat' dir='ltr'><strong>ingressu</strong></span> <span class='ocrx_word' id='word_1_698' title='bbox 1165 5338 1233 5392; x_wconf 91' lang='lat' dir='ltr'><strong>ad</strong></span> <span class='ocrx_word' id='word_1_699' title='bbox 1267 5338 1442 5407; x_wconf 89' lang='lat' dir='ltr'><strong>ipsum</strong></span> <span class='ocrx_word' id='word_1_700' title='bbox 1470 5340 1895 5408; x_wconf 85' lang='lat' dir='ltr'><strong>prohiberentur</strong></span> <span class='ocrx_word' id='word_1_701' title='bbox 1914 5343 2006 5412; x_wconf 90' lang='lat' dir='ltr'><strong>qui</strong></span> <span class='ocrx_word' id='word_1_702' title='bbox 2038 5344 2302 5401; x_wconf 88' lang='lat' dir='ltr'><strong>damnum</strong></span> 
     </span>
    </p>
   </div>
   <div class='ocr_carea' id='block_1_101' title="bbox 726 5430 2308 5503">
    <p class='ocr_par' dir='ltr' id='par_1_101' title="bbox 726 5430 2308 5503">
     <span class='ocr_line' id='line_1_101' title="bbox 726 5430 2308 5503; baseline 0.007 -18"><span class='ocrx_word' id='word_1_703' title='bbox 726 5430 949 5497; x_wconf 81' lang='lat' dir='ltr'><strong>aliquod</strong></span> <span class='ocrx_word' id='word_1_704' title='bbox 991 5430 1196 5499; x_wconf 90' lang='lat' dir='ltr'><strong>injuste</strong></span> <span class='ocrx_word' id='word_1_705' title='bbox 1237 5439 1579 5500; x_wconf 86' lang='lat' dir='ltr'><strong>paterentur,</strong></span> <span class='ocrx_word' id='word_1_706' title='bbox 1619 5448 1683 5487; x_wconf 81' lang='lat' dir='ltr'><strong>ex</strong></span> <span class='ocrx_word' id='word_1_707' title='bbox 1728 5434 2047 5503; x_wconf 87' lang='lat' dir='ltr'><strong>stipantium</strong></span> <span class='ocrx_word' id='word_1_708' title='bbox 2083 5440 2308 5496; x_wconf 87' lang='lat' dir='ltr'><strong>cohorte</strong></span> 
     </span>
    </p>
   </div>
   <div class='ocr_carea' id='block_1_102' title="bbox 726 5520 2304 5595">
    <p class='ocr_par' dir='ltr' id='par_1_102' title="bbox 726 5520 2304 5595">
     <span class='ocr_line' id='line_1_102' title="bbox 726 5520 2304 5595; baseline 0.006 -20"><span class='ocrx_word' id='word_1_709' title='bbox 726 5521 946 5576; x_wconf 84' lang='lat' dir='ltr'><strong>misisse</strong></span> <span class='ocrx_word' id='word_1_710' title='bbox 976 5520 1069 5591; x_wconf 85' lang='lat' dir='ltr'><strong>qui</strong></span> <span class='ocrx_word' id='word_1_711' title='bbox 1098 5537 1193 5591; x_wconf 90' lang='lat' dir='ltr'><strong>per</strong></span> <span class='ocrx_word' id='word_1_712' title='bbox 1232 5522 1379 5575; x_wconf 79' lang='lat' dir='ltr'><strong>varia</strong></span> <span class='ocrx_word' id='word_1_713' title='bbox 1412 5522 1563 5577; x_wconf 90' lang='lat' dir='ltr'><strong>urbis</strong></span> <span class='ocrx_word' id='word_1_714' title='bbox 1611 5525 1725 5578; x_wconf 89' lang='lat' dir='ltr'><strong>loca</strong></span> <span class='ocrx_word' id='word_1_715' title='bbox 1779 5527 2140 5595; x_wconf 90' lang='lat' dir='ltr'><strong>inquirerent.</strong></span> <span class='ocrx_word' id='word_1_716' title='bbox 2174 5546 2304 5585; x_wconf 90' lang='lat' dir='ltr'><strong>uum</strong></span> 
     </span>
    </p>
   </div>
   <div class='ocr_carea' id='block_1_103' title="bbox 723 5612 2301 5689">
    <p class='ocr_par' dir='ltr' id='par_1_103' title="bbox 723 5612 2301 5689">
     <span class='ocr_line' id='line_1_103' title="bbox 723 5612 2301 5689; baseline 0.009 -24"><span class='ocrx_word' id='word_1_717' title='bbox 723 5613 849 5681; x_wconf 86' lang='lat' dir='ltr'><strong>quis</strong></span> <span class='ocrx_word' id='word_1_718' title='bbox 872 5612 1142 5667; x_wconf 88' lang='lat' dir='ltr'><strong>adversus</strong></span> <span class='ocrx_word' id='word_1_719' title='bbox 1171 5613 1410 5684; x_wconf 91' lang='lat' dir='ltr'><strong>aliquem</strong></span> <span class='ocrx_word' id='word_1_720' title='bbox 1442 5618 1833 5685; x_wconf 76' lang='lat' dir='ltr'><strong>expostularct.</strong></span> <span class='ocrx_word' id='word_1_721' title='bbox 1864 5619 1962 5674; x_wconf 82' lang='lat' dir='ltr'><strong>Ubi</strong></span> <span class='ocrx_word' id='word_1_722' title='bbox 2002 5622 2301 5689; x_wconf 87' lang='lat' dir='ltr'><strong>redierunt,</strong></span> 
     </span>
    </p>
   </div>
   <div class='ocr_carea' id='block_1_104' title="bbox 724 5704 2305 5783">
    <p class='ocr_par' dir='ltr' id='par_1_104' title="bbox 724 5704 2305 5783">
     <span class='ocr_line' id='line_1_104' title="bbox 724 5704 2305 5783; baseline 0.008 -25"><span class='ocrx_word' id='word_1_723' title='bbox 724 5704 933 5759; x_wconf 90' lang='lat' dir='ltr'><strong>nullum</strong></span> <span class='ocrx_word' id='word_1_724' title='bbox 980 5720 1040 5761; x_wconf 91' lang='lat' dir='ltr'><strong>se</strong></span> <span class='ocrx_word' id='word_1_725' title='bbox 1071 5704 1344 5761; x_wconf 87' lang='lat' dir='ltr'><strong>invenisse</strong></span> <span class='ocrx_word' id='word_1_726' title='bbox 1377 5706 1624 5764; x_wconf 84' lang='lat' dir='ltr'><strong>dicentes</strong></span> <span class='ocrx_word' id='word_1_727' title='bbox 1666 5711 1756 5779; x_wconf 93' lang='lat' dir='ltr'><strong>qui</strong></span> <span class='ocrx_word' id='word_1_728' title='bbox 1809 5714 2154 5783; x_wconf 75' lang='lat' dir='ltr'><strong>querelarum</strong></span> <span class='ocrx_word' id='word_1_729' title='bbox 2206 5718 2305 5771; x_wconf 86' lang='lat' dir='ltr'><strong>ali-</strong></span> 
     </span>
    </p>
   </div>
   <div class='ocr_carea' id='block_1_105' title="bbox 2414 4695 4005 4768">
    <p class='ocr_par' dir='ltr' id='par_1_105' title="bbox 2414 4695 4005 4768">
     <span class='ocr_line' id='line_1_105' title="bbox 2414 4695 4005 4768; baseline -0.003 -16"><span class='ocrx_word' id='word_1_730' title='bbox 2414 4695 2501 4752; x_wconf 79' lang='grc' dir='ltr'><strong>οἶα</strong></span> <span class='ocrx_word' id='word_1_731' title='bbox 2548 4698 2859 4767; x_wconf 80' lang='grc' dir='ltr'>συμϐαίνει,</span> <span class='ocrx_word' id='word_1_732' title='bbox 2905 4698 2995 4751; x_wconf 72' lang='grc' dir='ltr'><strong>διὰ</strong></span> <span class='ocrx_word' id='word_1_733' title='bbox 3043 4698 3104 4751; x_wconf 76' lang='grc' dir='ltr'>τὸ</span> <span class='ocrx_word' id='word_1_734' title='bbox 3156 4698 3387 4768; x_wconf 85' lang='grc' dir='ltr'>μέγεθος</span> <span class='ocrx_word' id='word_1_735' title='bbox 3430 4696 3527 4767; x_wconf 84' lang='grc' dir='ltr'>τῆς</span> <span class='ocrx_word' id='word_1_736' title='bbox 3559 4699 3735 4767; x_wconf 76' lang='grc' dir='ltr'>ἀρχῆς</span> <span class='ocrx_word' id='word_1_737' title='bbox 3772 4697 4005 4749; x_wconf 85' lang='grc' dir='ltr'>ἀδικου-</span> 
     </span>
    </p>
   </div>
   <div class='ocr_carea' id='block_1_106' title="bbox 2420 4789 4010 4862">
    <p class='ocr_par' dir='ltr' id='par_1_106' title="bbox 2420 4789 4010 4862">
     <span class='ocr_line' id='line_1_106' title="bbox 2420 4789 4010 4862; baseline -0.003 -19"><span class='ocrx_word' id='word_1_738' title='bbox 2420 4792 2616 4862; x_wconf 80' lang='grc' dir='ltr'>μένους</span> <span class='ocrx_word' id='word_1_739' title='bbox 2652 4856 2657 4859; x_wconf 91' lang='lat'>_</span> <span class='ocrx_word' id='word_1_740' title='bbox 2691 4790 2788 4844; x_wconf 75' lang='grc' dir='ltr'>καὶ</span> <span class='ocrx_word' id='word_1_741' title='bbox 2836 4789 3029 4860; x_wconf 73' lang='grc' dir='ltr'>ὥσπερ</span> <span class='ocrx_word' id='word_1_742' title='bbox 3082 4792 3160 4854; x_wconf 85' lang='grc' dir='ltr'>εἰς</span> <span class='ocrx_word' id='word_1_743' title='bbox 3202 4790 3381 4843; x_wconf 83' lang='grc' dir='ltr'>κοινὸν</span> <span class='ocrx_word' id='word_1_744' title='bbox 3435 4793 3761 4858; x_wconf 82' lang='grc' dir='ltr'>πρυτανεῖον</span> <span class='ocrx_word' id='word_1_745' title='bbox 3796 4792 3877 4851; x_wconf 78' lang='grc' dir='ltr'>εἰς</span> <span class='ocrx_word' id='word_1_746' title='bbox 3942 4790 4010 4840; x_wconf 71' lang='grc' dir='ltr'>τὸ</span> 
     </span>
    </p>
   </div>
   <div class='ocr_carea' id='block_1_107' title="bbox 2414 4882 4011 4959">
    <p class='ocr_par' dir='ltr' id='par_1_107' title="bbox 2414 4882 4011 4954">
     <span class='ocr_line' id='line_1_107' title="bbox 2414 4882 4011 4954; baseline -0.003 -17"><span class='ocrx_word' id='word_1_747' title='bbox 2414 4883 2658 4937; x_wconf 81' lang='grc' dir='ltr'>τοιοῦτον</span> <span class='ocrx_word' id='word_1_748' title='bbox 2722 4883 3091 4954; x_wconf 83' lang='grc' dir='ltr'>διαιτητήριον</span> <span class='ocrx_word' id='word_1_749' title='bbox 3194 4883 3640 4951; x_wconf 76' lang='grc' dir='ltr'>καταφεύγοντας</span> <span class='ocrx_word' id='word_1_750' title='bbox 3725 4883 3818 4934; x_wconf 75' lang='grc' dir='ltr'>καὶ</span> <span class='ocrx_word' id='word_1_751' title='bbox 3902 4882 4011 4943; x_wconf 74' lang='grc' dir='ltr'>τὰς</span> 
     </span>
    </p>
   </div>
   <div class='ocr_carea' id='block_1_108' title="bbox 2410 4975 4006 5046">
    <p class='ocr_par' dir='ltr' id='par_1_108' title="bbox 2410 4975 4006 5046">
     <span class='ocr_line' id='line_1_108' title="bbox 2410 4975 4006 5046; baseline -0.001 -17"><span class='ocrx_word' id='word_1_752' title='bbox 2410 4977 2618 5040; x_wconf 69' lang='grc' dir='ltr'>οἰκείας</span> <span class='ocrx_word' id='word_1_753' title='bbox 2692 4977 2984 5046; x_wconf 84' lang='grc' dir='ltr'>ἑγκλήσεις</span> <span class='ocrx_word' id='word_1_754' title='bbox 3048 4975 3528 5045; x_wconf 82' lang='grc' dir='ltr'>προϐαλλομένους</span> <span class='ocrx_word' id='word_1_755' title='bbox 3610 4976 3751 5046; x_wconf 83' lang='grc' dir='ltr'><strong>μετά</strong></span> <span class='ocrx_word' id='word_1_756' title='bbox 3829 4976 4006 5028; x_wconf 84' lang='grc' dir='ltr'>πόνου</span> 
     </span>
    </p>
   </div>
   <div class='ocr_carea' id='block_1_109' title="bbox 2416 5066 4009 5139">
    <p class='ocr_par' dir='ltr' id='par_1_109' title="bbox 2416 5066 4009 5139">
     <span class='ocr_line' id='line_1_109' title="bbox 2416 5066 4009 5139; baseline -0.001 -17"><span class='ocrx_word' id='word_1_757' title='bbox 2416 5068 2613 5123; x_wconf 80' lang='grc' dir='ltr'>πολλοῦ</span> <span class='ocrx_word' id='word_1_758' title='bbox 2642 5068 2739 5122; x_wconf 73' lang='grc' dir='ltr'>καὶ</span> <span class='ocrx_word' id='word_1_759' title='bbox 2793 5068 2993 5139; x_wconf 81' lang='grc' dir='ltr'>συχνῆς</span> <span class='ocrx_word' id='word_1_760' title='bbox 3041 5068 3359 5138; x_wconf 76' lang='grc' dir='ltr'>ἐπιμελείας</span> <span class='ocrx_word' id='word_1_761' title='bbox 3403 5067 3690 5134; x_wconf 74' lang='grc' dir='ltr'>ἐξήταζεν,</span> <span class='ocrx_word' id='word_1_762' title='bbox 3728 5069 3821 5120; x_wconf 77' lang='grc' dir='ltr'>καὶ</span> <span class='ocrx_word' id='word_1_763' title='bbox 3855 5066 4009 5120; x_wconf 73' lang='grc' dir='ltr'>οὕτω</span> 
     </span>
    </p>
   </div>
   <div class='ocr_carea' id='block_1_110' title="bbox 2414 5160 4007 5232">
    <p class='ocr_par' dir='ltr' id='par_1_110' title="bbox 2414 5160 4007 5232">
     <span class='ocr_line' id='line_1_110' title="bbox 2414 5160 4007 5232; baseline -0.003 -15"><span class='ocrx_word' id='word_1_764' title='bbox 2414 5166 2525 5225; x_wconf 73' lang='grc' dir='ltr'>τοῖς</span> <span class='ocrx_word' id='word_1_765' title='bbox 2567 5163 2947 5230; x_wconf 82' lang='grc' dir='ltr'>ἀδικουμένοις</span> <span class='ocrx_word' id='word_1_766' title='bbox 3014 5164 3293 5232; x_wconf 78' lang='grc' dir='ltr'>ἐπήμυνεν</span> <span class='ocrx_word' id='word_1_767' title='bbox 3346 5164 3440 5214; x_wconf 74' lang='grc' dir='ltr'>καὶ</span> <span class='ocrx_word' id='word_1_768' title='bbox 3496 5162 3619 5223; x_wconf 74' lang='grc' dir='ltr'>τοὺς</span> <span class='ocrx_word' id='word_1_769' title='bbox 3672 5160 4007 5224; x_wconf 77' lang='grc' dir='ltr'>ἀδικοῦντας</span> 
     </span>
    </p>
   </div>
   <div class='ocr_carea' id='block_1_111' title="bbox 2416 5254 4008 5324">
    <p class='ocr_par' dir='ltr' id='par_1_111' title="bbox 2416 5254 4008 5324">
     <span class='ocr_line' id='line_1_111' title="bbox 2416 5254 4008 5324; baseline -0.003 -15"><span class='ocrx_word' id='word_1_770' title='bbox 2416 5258 2585 5309; x_wconf 76' lang='grc' dir='ltr'>ἔπαυε</span> <span class='ocrx_word' id='word_1_771' title='bbox 2606 5256 2694 5307; x_wconf 81' lang='grc' dir='ltr'>διὰ</span> <span class='ocrx_word' id='word_1_772' title='bbox 2732 5254 2831 5324; x_wconf 82' lang='grc' dir='ltr'>τῆς</span> <span class='ocrx_word' id='word_1_773' title='bbox 2856 5255 3090 5324; x_wconf 81' lang='grc' dir='ltr'>νομίμου</span> <span class='ocrx_word' id='word_1_774' title='bbox 3131 5254 3400 5323; x_wconf 77' lang='grc' dir='ltr'>τιμωρίας</span> <span class='ocrx_word' id='word_1_775' title='bbox 3426 5254 3521 5306; x_wconf 74' lang='grc' dir='ltr'><strong>τοῦ</strong></span> <span class='ocrx_word' id='word_1_776' title='bbox 3567 5254 3764 5323; x_wconf 81' lang='grc' dir='ltr'>μηκέτι</span> <span class='ocrx_word' id='word_1_777' title='bbox 3792 5254 4008 5324; x_wconf 74' lang='grc' dir='ltr'>τολμᾷν</span> 
     </span>
    </p>
   </div>
   <div class='ocr_carea' id='block_1_112' title="bbox 2414 5344 4004 5414">
    <p class='ocr_par' dir='ltr' id='par_1_112' title="bbox 2414 5344 4004 5414">
     <span class='ocr_line' id='line_1_112' title="bbox 2414 5344 4004 5414; baseline -0.006 -13"><span class='ocrx_word' id='word_1_778' title='bbox 2414 5349 2485 5401; x_wconf 72' lang='grc' dir='ltr'>τὰ</span> <span class='ocrx_word' id='word_1_779' title='bbox 2519 5346 2743 5401; x_wconf 77' lang='grc' dir='ltr'>τοιαῦτα</span> <span class='ocrx_word' id='word_1_780' title='bbox 2773 5348 2967 5398; x_wconf 87' lang='grc' dir='ltr'>ποιεῖν.</span> <span class='ocrx_word' id='word_1_781' title='bbox 3018 5345 3243 5413; x_wconf 69' lang='grc' dir='ltr'>Χρόνοις</span> <span class='ocrx_word' id='word_1_782' title='bbox 3276 5344 3331 5397; x_wconf 70' lang='grc' dir='ltr'><strong>δὲ.</strong></span> <span class='ocrx_word' id='word_1_783' title='bbox 3365 5344 3591 5414; x_wconf 78' lang='grc' dir='ltr'>ὕστερον</span> <span class='ocrx_word' id='word_1_784' title='bbox 3617 5344 3837 5411; x_wconf 81' lang='grc' dir='ltr'>λέγεταί</span> <span class='ocrx_word' id='word_1_785' title='bbox 3868 5360 4004 5393; x_wconf 66' lang='grc' dir='ltr'>ποτε</span> 
     </span>
    </p>
   </div>
   <div class='ocr_carea' id='block_1_113' title="bbox 2419 5437 4007 5507">
    <p class='ocr_par' dir='ltr' id='par_1_113' title="bbox 2419 5437 4007 5507">
     <span class='ocr_line' id='line_1_113' title="bbox 2419 5437 4007 5507; baseline -0.004 -12"><span class='ocrx_word' id='word_1_786' title='bbox 2419 5441 2705 5495; x_wconf 79' lang='grc' dir='ltr'>κατελθεῖν</span> <span class='ocrx_word' id='word_1_787' title='bbox 2736 5440 2815 5501; x_wconf 86' lang='grc' dir='ltr'>εἰς</span> <span class='ocrx_word' id='word_1_788' title='bbox 2846 5440 2944 5507; x_wconf 79' lang='grc' dir='ltr'><strong>τὴν</strong></span> <span class='ocrx_word' id='word_1_789' title='bbox 2974 5437 3233 5505; x_wconf 79' lang='grc' dir='ltr'>τοιαύτην</span> <span class='ocrx_word' id='word_1_790' title='bbox 3284 5437 3571 5507; x_wconf 83' lang='grc' dir='ltr'>διατριϐὴν</span> <span class='ocrx_word' id='word_1_791' title='bbox 3600 5438 3736 5506; x_wconf 81' lang='grc' dir='ltr'>πρὸς</span> <span class='ocrx_word' id='word_1_792' title='bbox 3761 5438 3860 5507; x_wconf 75' lang='grc' dir='ltr'>τὴν</span> <span class='ocrx_word' id='word_1_793' title='bbox 3891 5438 4007 5489; x_wconf 61' lang='grc' dir='ltr'>τιῖιν</span> 
     </span>
    </p>
   </div>
   <div class='ocr_carea' id='block_1_114' title="bbox 2416 5529 4000 5602">
    <p class='ocr_par' dir='ltr' id='par_1_114' title="bbox 2416 5529 4000 5602">
     <span class='ocr_line' id='line_1_114' title="bbox 2416 5529 4000 5602; baseline -0.011 -16"><span class='ocrx_word' id='word_1_794' title='bbox 2416 5532 2794 5602; x_wconf 81' lang='grc' dir='ltr'>ἀδικουμένων</span> <span class='ocrx_word' id='word_1_795' title='bbox 2852 5529 3131 5599; x_wconf 78' lang='grc' dir='ltr'>ἐκδίκησιν</span> <span class='ocrx_word' id='word_1_796' title='bbox 3157 5547 3169 5558; x_wconf 87' lang='grc'><strong>·</strong></span> <span class='ocrx_word' id='word_1_797' title='bbox 3222 5529 3297 5592; x_wconf 82' lang='grc' dir='ltr'>ὡς</span> <span class='ocrx_word' id='word_1_798' title='bbox 3337 5529 3383 5583; x_wconf 81' lang='grc' dir='ltr'>δ’</span> <span class='ocrx_word' id='word_1_799' title='bbox 3406 5529 3595 5599; x_wconf 77' lang='grc' dir='ltr'>ἔτυχεν</span> <span class='ocrx_word' id='word_1_800' title='bbox 3618 5529 3797 5592; x_wconf 73' lang='grc' dir='ltr'>οὐδεὶς</span> <span class='ocrx_word' id='word_1_801' title='bbox 3826 5532 4000 5596; x_wconf 66' lang='grc' dir='ltr'><strong>ἰγκι-</strong></span> 
     </span>
    </p>
   </div>
   <div class='ocr_carea' id='block_1_115' title="bbox 2414 5622 3998 5694">
    <p class='ocr_par' dir='ltr' id='par_1_115' title="bbox 2414 5622 3998 5694">
     <span class='ocr_line' id='line_1_115' title="bbox 2414 5622 3998 5694; baseline -0.003 -16"><span class='ocrx_word' id='word_1_802' title='bbox 2414 5626 2541 5690; x_wconf 85' lang='grc' dir='ltr'>λῶν,</span> <span class='ocrx_word' id='word_1_803' title='bbox 2576 5625 2927 5694; x_wconf 75' lang='grc' dir='ltr'>ὑποτοπήσας</span> <span class='ocrx_word' id='word_1_804' title='bbox 2957 5623 3061 5675; x_wconf 79' lang='grc' dir='ltr'><strong>ὑπὸ</strong></span> <span class='ocrx_word' id='word_1_805' title='bbox 3106 5640 3266 5675; x_wconf 81' lang='grc' dir='ltr'>τινων</span> <span class='ocrx_word' id='word_1_806' title='bbox 3293 5624 3389 5690; x_wconf 77' lang='grc' dir='ltr'>τῆς</span> <span class='ocrx_word' id='word_1_807' title='bbox 3432 5623 3565 5693; x_wconf 76' lang='grc' dir='ltr'>πρὸς</span> <span class='ocrx_word' id='word_1_808' title='bbox 3597 5622 3760 5675; x_wconf 69' lang='grc' dir='ltr'>αὑτὸν</span> <span class='ocrx_word' id='word_1_809' title='bbox 3788 5622 3998 5675; x_wconf 77' lang='grc' dir='ltr'>εἰσόδου</span> 
     </span>
    </p>
   </div>
   <div class='ocr_carea' id='block_1_116' title="bbox 2416 5713 3997 5785">
    <p class='ocr_par' dir='ltr' id='par_1_116' title="bbox 2416 5713 3997 5785">
     <span class='ocr_line' id='line_1_116' title="bbox 2416 5713 3997 5785; baseline -0.002 -17"><span class='ocrx_word' id='word_1_810' title='bbox 2416 5715 2787 5785; x_wconf 47' lang='grc' dir='ltr'>ἀνέρχεσθαι,</span> <span class='ocrx_word' id='word_1_811' title='bbox 2822 5716 2947 5775; x_wconf 75' lang='grc' dir='ltr'>τοὺς</span> <span class='ocrx_word' id='word_1_812' title='bbox 2982 5715 3109 5783; x_wconf 75' lang='grc' dir='ltr'>περὶ</span> <span class='ocrx_word' id='word_1_813' title='bbox 3142 5713 3303 5766; x_wconf 68' lang='grc' dir='ltr'>αὑτὸν</span> <span class='ocrx_word' id='word_1_814' title='bbox 3334 5714 3669 5785; x_wconf 81' lang='grc' dir='ltr'>δορυφόρους</span> <span class='ocrx_word' id='word_1_815' title='bbox 3705 5714 3997 5769; x_wconf 65' lang='grc' dir='ltr'>ἀπέστειλε</span> 
     </span>
    </p>
   </div>
   <div class='ocr_carea' id='block_1_117' title="bbox 1994 5811 2676 5870">
    <p class='ocr_par' dir='ltr' id='par_1_117' title="bbox 1994 5811 2676 5870">
     <span class='ocr_line' id='line_1_117' title="bbox 1994 5811 2676 5870; baseline -0.001 -2"><span class='ocrx_word' id='word_1_816' title='bbox 1994 5811 2231 5869; x_wconf 60' lang='grc' dir='ltr'>νλιιιτε</span> <span class='ocrx_word' id='word_1_817' title='bbox 2270 5813 2676 5870; x_wconf 70' lang='lat' dir='ltr'><strong>LECTIUNES.</strong></span> 
     </span>
    </p>
   </div>
   <div class='ocr_carea' id='block_1_118' title="bbox 793 5895 1086 5927">
    <p class='ocr_par' dir='ltr' id='par_1_118' title="bbox 793 5895 1086 5927">
     <span class='ocr_line' id='line_1_118' title="bbox 793 5895 1086 5927; baseline 0 0"><span class='ocrx_word' id='word_1_818' title='bbox 793 5895 835 5927; x_wconf 71' lang='grc' dir='ltr'><strong><em>η</em></strong></span> <span class='ocrx_word' id='word_1_819' title='bbox 874 5896 994 5927; x_wconf 69' lang='grc' dir='ltr'>..ιηι</span> <span class='ocrx_word' id='word_1_820' title='bbox 1020 5899 1086 5927; x_wconf 66' lang='grc' dir='ltr'><strong>-.τ</strong></span> 
     </span>
    </p>
   </div>
   <div class='ocr_carea' id='block_1_119' title="bbox 871 5896 2219 5977">
    <p class='ocr_par' dir='ltr' id='par_1_119' title="bbox 871 5896 2219 5977">
     <span class='ocr_line' id='line_1_119' title="bbox 871 5896 2219 5977; baseline 0.028 -50"><span class='ocrx_word' id='word_1_821' title='bbox 871 5896 994 5970; x_wconf 54' lang='grc' dir='ltr'><strong>μὲν]</strong></span> <span class='ocrx_word' id='word_1_822' title='bbox 1020 5899 1126 5952; x_wconf 72' lang='grc' dir='ltr'><strong>τῶν</strong></span> <span class='ocrx_word' id='word_1_823' title='bbox 1157 5898 1217 5955; x_wconf 84' lang='grc' dir='ltr'>Ρ,</span> <span class='ocrx_word' id='word_1_824' title='bbox 1296 5899 1338 5933; x_wconf 69' lang='grc'><strong>³³</strong></span> <span class='ocrx_word' id='word_1_825' title='bbox 1375 5902 1436 5956; x_wconf 76' lang='grc' dir='ltr'>τὸ</span> <span class='ocrx_word' id='word_1_826' title='bbox 1466 5921 1571 5960; x_wconf 83' lang='grc' dir='ltr'>υιη.</span> <span class='ocrx_word' id='word_1_827' title='bbox 1605 5904 1666 5959; x_wconf 81' lang='lat' dir='ltr'><strong>P.</strong></span> <span class='ocrx_word' id='word_1_828' title='bbox 1744 5910 1789 5941; x_wconf 79' lang='grc'>⁵⁸</span> <span class='ocrx_word' id='word_1_829' title='bbox 1820 5908 2124 5977; x_wconf 59' lang='grc' dir='ltr'>πρεσϐοἰιίς</span> <span class='ocrx_word' id='word_1_830' title='bbox 2157 5913 2219 5965; x_wconf 73' lang='grc' dir='ltr'><strong>Α.</strong></span> 
     </span>
    </p>
   </div>
   <div class='ocr_carea' id='block_1_120' title="bbox 2304 5911 2673 5969">
    <p class='ocr_par' dir='ltr' id='par_1_120' title="bbox 2304 5911 2673 5969">
     <span class='ocr_line' id='line_1_120' title="bbox 2304 5911 2673 5969; baseline -0.011 0"><span class='ocrx_word' id='word_1_831' title='bbox 2304 5914 2341 5944; x_wconf 63' lang='grc' dir='ltr'>δ’</span> <span class='ocrx_word' id='word_1_832' title='bbox 2376 5916 2422 5969; x_wconf 80' lang='lat' dir='ltr'><strong>ci</strong></span> <span class='ocrx_word' id='word_1_833' title='bbox 2460 5928 2565 5967; x_wconf 88' lang='lat' dir='ltr'><strong>om.</strong></span> <span class='ocrx_word' id='word_1_834' title='bbox 2614 5911 2673 5965; x_wconf 77' lang='grc' dir='ltr'>Ρ.</span> 
     </span>
    </p>
   </div>
   <div class='ocr_carea' id='block_1_121' title="bbox 2754 5905 3378 5976">
    <p class='ocr_par' dir='ltr' id='par_1_121' title="bbox 2754 5905 3378 5976">
     <span class='ocr_line' id='line_1_121' title="bbox 2754 5905 3378 5976; baseline -0.003 -14"><span class='ocrx_word' id='word_1_835' title='bbox 2754 5910 2796 5942; x_wconf 64' lang='grc'><strong>⁸³</strong></span> <span class='ocrx_word' id='word_1_836' title='bbox 2828 5906 2974 5976; x_wconf 67' lang='grc' dir='ltr'>τοὺς]</span> <span class='ocrx_word' id='word_1_837' title='bbox 3003 5908 3063 5959; x_wconf 70' lang='grc' dir='ltr'>τὸ</span> <span class='ocrx_word' id='word_1_838' title='bbox 3101 5908 3225 5969; x_wconf 77' lang='grc' dir='ltr'>τοὺς</span> <span class='ocrx_word' id='word_1_839' title='bbox 3268 5905 3378 5960; x_wconf 79' lang='grc' dir='ltr'><strong>ΑΡ.</strong></span> 
     </span>
    </p>
   </div>
  </div>
