4154 6446
140 412 210 471 ΞΠ
1194 410 1335 469 LIB.
1389 412 1452 471 ν.
1482 436 1551 445 -
1581 410 1667 469 ΒΑ

1772 408 1829 469 LI
1841 410 1931 470 US
1963 412 2282 477 MACEDO.
3242 416 3346 478 278

138 519 387 588 ζητοῦντας
420 519 561 571 κατὰ
590 518 758 572 πολλὰ
794 518 934 588 μέρη
972 519 1069 587 τῆς
1109 518 1314 581 πόλεως
1350 518 1401 571 εῖ
1434 536 1515 580 τις
1549 518 1664 573 ἔστι

1772 525 1898 592 quid
1921 529 2182 582 adversus
2204 530 2437 598 aliquem
2477 534 2719 598 haberet,
2746 532 2945 603 gaudio
2974 534 3153 588 lerunt
3183 548 3346 601 gene-

138 611 240 664 κατά
264 627 409 673 τινος
442 611 765 679 ποιούμενος
800 610 1058 679 ἐγκλησιν
1084 624 1097 637 °
1155 609 1230 672 ὡς
1277 610 1323 662 δ’
1372 609 1667 680 ἐπανῆλθον

1778 615 1887 669 rosi
1923 621 2159 691 pectoris
2186 622 2360 674 virum
2393 622 2444 675 in
2466 625 2733 692 lacrymas
2761 623 2994 679 eﬂ'usum
3019 640 3158 690 esse,
3186 634 3351 694 atque

138 696 242 756 ὦτοι
287 703 493 770 μηδένα
550 702 799 773 μηδαμοῦ
853 701 1152 771 εὑρηκέναι
1196 702 1449 769 λέγοντες
1505 704 1667 769 ἐγκα-

1780 707 1831 759 in
1862 722 1984 760 cum
2012 712 2229 764 modum
2266 712 2375 766 Deo
2406 715 2609 780 gratias
2645 716 2842 783 egisse.
2878 715 2959 768 Ad
2994 715 3110 767 haec
3163 716 3348 768 consi-

138 794 292 847 λοῦντα
314 794 458 847 κατά
479 811 645 858 τινος,
673 792 942 864 δακρῦσαί
977 810 1109 860 φασι
1132 793 1223 845 τὸν
1258 794 1503 859 γενναῖον
1528 794 1667 846 ἐκεῖ-

1776 797 1976 852 derans
2001 801 2122 853 inde
2147 801 2410 871 improbis
2442 804 2658 873 injuria:
2681 818 2870 858 ansam
2898 805 3032 867 fore,
3075 803 3221 874 quod
3260 819 3349 857 ve-

135 908 197 941 νον
216 888 293 955 ὑφ’
322 890 540 959 ἡδονῆς,
575 890 671 943 καὶ
692 889 839 942 οὕτω
866 890 967 959 τὴν
996 889 1351 958 εὐχαριστίαν
1379 889 1667 943 ἀποδοῦναι

1778 898 1918 944 teres
1945 894 2353 949 conscribendis
2378 898 2720 965 publicorum
2768 898 3109 967 vectigalium
3150 894 3351 950 tabulis

136 981 243 1049 Θεῷ.
290 980 465 1050 Ὁρῶν
519 983 575 1034 δὲ
634 983 714 1034 ὅτι
757 981 872 1034 ἔστι
929 999 1014 1045 τις
1062 985 1175 1044 τοῖς
1206 983 1461 1051 πονηροῖς
1506 982 1585 1043 είς
1614 980 1667 1033 τὸ

1776 981 2058 1038 brevitatis
2091 1000 2256 1040 causa
2307 1004 2657 1045 numerorum
2694 992 2943 1060 partibus
2986 1005 3049 1045 ac
3077 990 3347 1058 apicibus,

134 1072 297 1123 ἀδικεῖν
323 1070 550 1139 ἀφορμὴ
584 1070 693 1123 ἀπὸ
738 1070 835 1122 τοῦ
882 1070 969 1123 διὰ
1008 1070 1067 1121 τὸ
1100 1070 1366 1136 σύντομον
1412 1068 1524 1129 τοῖς
1563 1065 1667 1119 τῶν

1775 1081 1904 1141 puta
1965 1077 2232 1141 semissis,
2276 1083 2542 1134 sextantis
2592 1094 2755 1152 atque
2799 1083 2993 1147 uncia,
3044 1089 3346 1141 uterentur,

132 1162 341 1232 ἀριθμῶν
360 1160 572 1231 μορίοις
602 1162 697 1214 καὶ
750 1161 942 1231 μέρεσι
984 1160 1079 1212 τοῦ
1118 1160 1361 1228 ἡμίσεως
1395 1158 1488 1210 καὶ
1510 1157 1667 1210 ἕκτου

1776 1159 1915 1213 banc
1947 1177 2161 1232 quoque
2188 1166 2403 1235 injuria:
2438 1170 2783 1225 occasionem
2820 1172 3124 1236 ablaturus,
3160 1171 3351 1225 statuit.

133 1254 204 1306 καὶ
221 1252 511 1306 δωδεκάτου
541 1254 703 1323 τυχὸν
730 1253 1030 1322 κεχρῆσθαι
1049 1254 1162 1315 τοῖς
1196 1251 1442 1313 παλαιοῖς
1468 1253 1525 1302 ἐν
1553 1252 1667 1312 ταῖς

1774 1250 2125 1321 decrevitque
2157 1266 2216 1311 ut
2242 1259 2442 1314 litteris
2470 1262 2832 1331 simplicibus,
2860 1280 2982 1334 quae
3014 1264 3093 1318 vel
3132 1264 3350 1317 rusticis

129 1346 433 1414 ἀναγραφαῖς
484 1344 588 1413 τῆς
635 1345 745 1397 τῶν
802 1345 983 1414 φόρων
1025 1344 1386 1414 εἰσπράξεως,
1439 1340 1667 1411 ἠθέλησε

1775 1338 1917 1393 lectu
1960 1342 2151 1399 faciles
2180 1357 2385 1413 essent,
2426 1350 2768 1421 integrisque
2797 1366 2850 1408 et
2885 1355 3093 1423 apertis
3124 1353 3351 1409 calculis

131 1438 206 1488 καί
229 1436 317 1504 τὴν
346 1437 608 1505 τοιαύτην
636 1436 746 1489 τῶν
778 1436 989 1489 ἀδικεῖν
1032 1435 1372 1505 βουλομένων
1402 1432 1667 1503 περιελεῖν

1773 1434 2079 1499 quantitate
2108 1445 2317 1500 notata,
2346 1443 2695 1497 exactionum
2716 1446 2935 1500 codices
2955 1446 3347 1510 scriberentur,

129 1525 370 1595 ἀφορμὴν,
395 1529 490 1579 καὶ
520 1525 811 1596 διωρίσατο
837 1526 935 1579 καλ⁸
960 1526 1257 1595 γράμμασι
1290 1524 1478 1586 λιτοῖς,
1508 1522 1543 1576 δι
1577 1524 1667 1575 καὶ

1773 1527 2025 1592 expensis
2060 1527 2126 1580 de
2153 1543 2254 1582 suo
2296 1530 2349 1583 in
2383 1531 2603 1588 chartas
2651 1545 2705 1589 et
2750 1537 3079 1606 scripturam
3116 1552 3179 1591 ac
3207 1539 3348 1594 scri-

126 1619 215 1679 ιοῖς
259 1618 536 1686 ἀγροίκοις
587 1616 987 1684 ἀναγινώσκειν
1027 1618 1175 1669 ἐστὶν
1219 1617 1277 1670 ἐν
1305 1614 1539 1684 δυνατῷ,
1578 1614 1667 1666 καὶ

1773 1624 1956 1681 ptores
1983 1618 2324 1685 constitutis,
2355 1637 2423 1676 ne
2458 1625 2565 1677 ulla
2590 1630 2915 1695 pauperibus
2943 1630 3143 1700 injuria
3178 1630 3347 1684 lieret.

124 1708 413 1777 όλογράφοις
458 1711 555 1762 καὶ
576 1712 840 1778 φανεραῖς
881 1710 1001 1770 ταῖς
1031 1706 1234 1777 ψήφοις
1270 1706 1370 1775 τῆς
1407 1704 1667 1773 δηλουμέ-

1773 1704 1840 1757 Ει
1865 1704 1969 1757 hoe
1998 1706 2217 1774 quidem
2255 1712 2360 1766 tale
2406 1721 2731 1788 tantumque
2765 1719 2910 1776 illius
2940 1738 3067 1792 erga
3100 1723 3350 1778 subditos

125 1814 201 1864 νης
230 1801 518 1869 ποσότητος
545 1802 671 1862 τοὺς
699 1799 809 1851 τῶν
835 1799 1189 1867 ἀπαιτήσεων
1217 1795 1527 1867 γράφεσθαι
1558 1793 1667 1848 κώ-

1776 1806 1922 1846 curte
1954 1793 2357 1866 diligentiaeque
2408 1802 2692 1874 indicium,
2733 1811 2988 1879 quodque
3036 1812 3239 1866 nemini
3271 1814 3352 1865 ul-

122 1889 270 1953 δικας,
297 1890 511 1943 οἴκοθεν
536 1893 598 1943 τὸ
632 1892 712 1953 είς
736 1889 897 1945 τοῦτο
922 1889 1092 1955 τάξας
1131 1888 1399 1958 ἀνάλωμα
1428 1888 1524 1941 καὶ
1552 1886 1661 1939 τῶν

1772 1884 1874 1937 Iam
1904 1887 2019 1941 lieri
2055 1888 2313 1959 injuriam
2351 1892 2549 1959 vellet;
2604 1878 2836 1968 talisque
2891 1878 2943 1955 in
2996 1903 3351 1958 administra-

122 1982 323 2051 χαρτίων
352 1984 400 2016 ⁸³
428 1984 520 2037 καὶ
547 1984 645 2052 τῆς
684 1983 902 2053 γραφῆς
931 1983 1027 2036 καὶ
1072 1980 1183 2034 τῶν
1215 1981 1497 2051 γραφέων,
1528 1977 1661 2046 πρὸς

1774 1976 1920 2031 tione
1945 1978 2186 2033 civilium
2208 1997 2388 2035 rerum
2413 1992 2467 2037 et
2492 1986 2831 2053 publicarum
2854 2001 2990 2047 erat.

120 2079 168 2129 τὸ
190 2080 253 2148 μὴ
274 2079 723 2141 ἁδικεῖσθαιτοὺς
749 2077 1011 2147 πένητας.
1039 2076 1151 2131 Καὶ
1170 2075 1328 2130 τοῦτο
1357 2074 1456 2144 μὲν
1486 2068 1732 2124 τοιοῦτον
1775 2071 1871 2122 καὶ
1923 2071 2179 2125 τοσοῦτον
2249 2075 2347 2143 τῆς
2395 2078 2523 2145 περὶ
2584 2080 2645 2132 τὸ
2708 2081 2951 2152 ὑπήκοον
3021 2086 3350 2156 κηδεμονίας

118 2178 256 2231 αὐτοῦ
302 2179 615 2251 καθέστηκε
667 2180 981 2251 γνώρισμα,
1038 2181 1131 2232 καὶ
1180 2179 1261 2232 ὅτι
1316 2177 1409 2231 ὑπ’
1452 2174 1669 2238 οὐδενὸς
1718 2174 1908 2228 οὐδένα
1953 2176 2261 2232 ἀδικεῖσθαι
2302 2180 2573 2239 ἐϐούλετο.
2641 2181 2722 2253 [Ρ.
2786 2181 2910 2254 165]
2952 2183 3063 2236 Καὶ
3112 2181 3349 2249 τοιοῦτος

120 2277 199 2343 μὲν
224 2272 287 2347 ἦν
317 2280 447 2348 περὶ
473 2279 548 2330 τὰ
568 2277 825 2331 πολιτικὰ
852 2279 945 2331 καὶ
968 2275 1228 2347 δημόσια.

169 2371 369 2440 λβ¹.Μὴ
403 2373 730 2444 βουλόμενος
782 2372 839 2426 δέ
874 2373 1009 2443 μηδέ
1060 2373 1169 2426 τῶν
1220 2371 1529 2444 ἐκκλησιῶν
1572 2370 1666 2425 τοῦ

113 2468 226 2521 Θεοῦ
259 2469 435 2521 δοκεῖν
484 2469 712 2539 ἀμελεῖν
764 2470 1005 2539 (πάντως
1036 2468 1145 2539 γὰρ
1174 2469 1249 2532 ὼς
1301 2471 1359 2521 ἐν
1390 2468 1470 2539 τῷ
1501 2468 1547 2499 ⁸⁵
1571 2484 1667 2520 κο-

114 2560 271 2631 σμικῷ
293 2561 689 2631 περιεχόμεναι
743 2561 974 2629 σκάφει,
1008 2561 1112 2613 ὑπὸ
1138 2562 1238 2629 τὴν
1263 2560 1518 2630 πρόνοιαν
1569 2558 1665 2613 τοῦ

113 2650 409 2717 κρατοῦντος
458 2655 558 2705 καὶ
606 2646 769 2707 αὗται
815 2653 1199 2722 τυγχάνουσιν,
1236 2652 1449 2708 ἐκείνου
1476 2652 1534 2706 δὲ
1573 2652 1666 2706 καὶ

113 2740 286 2806 μᾶλλον
308 2742 409 2795 ᾰτε
448 2742 737 2812 θεοφιλοῦς
792 2744 887 2796 καὶ
931 2743 1132 2814 πολλὴν
1166 2744 1295 2814 περὶ
1325 2743 1392 2796 τά
1423 2744 1539 2796 θεῖα
1570 2760 1665 2795 κε-

111 2833 352 2901 κτημένου
386 2835 726 2903 εὐλάϐειαν),
757 2838 878 2889 ἐπεὶ
900 2836 1031 2905 γοῦν
1051 2836 1145 2889 καὶ
1168 2837 1371 2898 ταύτας
1395 2831 1505 2889 οἷον
1528 2832 1667 2888 εἶναι

108 2923 155 2971 ἐν
180 2924 315 2994 σάλῳ
343 2927 460 2979 τινὶ
508 2927 606 2979 καί⁵
628 2928 849 2997 ταράχῳ
879 2928 1256 2997 τυγχανούσας
1294 2927 1441 2994 ἐώρα
1474 2927 1562 2981 διὰ
1607 2928 1669 2980 τὸ

108 3016 187 3085 τῆς
206 3019 379 3088 κοινῆς
411 3018 599 3088 λύμης
619 3021 725 3071 ὑπὸ
776 3020 871 3072 τοῦ
917 3019 1291 3089 προάρξαντος
1323 3019 1420 3075 καὶ
1461 3020 1666 3083 ταύτας

111 3110 413 3181 μεταλαχεῖν
436 3111 537 3165 καὶ
570 3111 873 3178 ἐξωσθῆναι
908 3112 1007 3181 μὲν
1039 3114 1138 3182 τῆς
1161 3112 1371 3175 οίκείας
1396 3112 1664 3183 καθέδρας

103 3201 179 3253 καὶ
200 3203 435 3274 ποίμνης
457 3205 552 3256 τὸν
607 3204 846 3273 ἐννόμως
877 3205 1086 3258 τούτων
1137 3208 1503 3275 κατάρχοντα,
1539 3206 1665 3259 άντ-

1841 2372 1931 2429 3‘2.
1956 2374 2205 2447 Cumque
2239 2379 2408 2434 nollet
2448 2380 2614 2435 videri
2645 2378 3000 2435 ecclesiarum
3029 2378 3124 2433 Dei
3155 2393 3346 2434 curam

1772 2467 2043 2539 negligere
2076 2472 2326 2541 (omnino
2357 2475 2503 2527 enim
2533 2515 2546 2537 ,
2578 2484 2637 2528 ut
2663 2488 2784 2543 qua:
2818 2473 2869 2527 in
2906 2471 3093 2527 tuendi
3133 2470 3348 2542 navigio

1771 2562 2178 2627 contineantur,
2214 2565 2344 2634 ipsaa
2398 2581 2619 2634 quoque
2644 2565 2993 2634 imperatoris
3022 2564 3183 2635 262
3224 2578 3348 2629 pro-

1771 2652 2028 2709 videntiae
2067 2664 2197 2710 sunt
2226 2657 2499 2721 obnoxiae,
2536 2673 2600 2711 ac
2637 2656 2986 2726 potissimum
3043 2657 3211 2718 illius,
3245 2657 3347 2709 viri

1771 2747 1983 2803 scilicet
2026 2748 2267 2819 religiosi
2295 2765 2536 2820 ergaque
2559 2750 2740 2805 divina
2777 2750 3132 2805 veneratione
3164 2751 3347 2804 cultu-

1770 2854 1877 2908 que
1900 2840 2059 2909 longe
2095 2842 2376 2912 propensi)
2409 2881 2424 2904 ,
2466 2844 2564 2898 bas
2593 2857 2815 2912 quoque
2850 2842 2997 2896 velut
3028 2840 3081 2895 in
3113 2841 3231 2895 salo
3260 2840 3348 2910 ja-

1771 2932 1908 2986 ctari
1976 2942 2300 3002 tempestate
2349 2934 2539 2991 videns
2588 2944 2752 3004 atque
2804 2934 3035 2999 turbari,
3087 2949 3155 2988 co
3201 2935 3347 3002 quod

1772 3038 1970 3078 noxam
2041 3040 2388 3079 communem
2456 3040 2487 3080 a
2562 3024 2854 3081 decessore
2918 3034 3343 3087 contraxerant,

1771 3116 2006 3185 sedeque
2065 3119 2255 3184 pulsus
2287 3129 2341 3173 et
2393 3135 2421 3173 a
2456 3134 2617 3190 grege
2666 3125 2881 3173 amotus
2920 3118 3096 3171 fuerat
3142 3117 3235 3186 qui
3265 3116 3348 3171 eis

1774 3208 2014 3277 legitime
2043 3221 2290 3279 praeerat,
2322 3213 2432 3265 alio
2469 3213 2522 3265 in
2566 3212 2685 3279 ejus
2709 3212 2889 3266 locum
2926 3211 3173 3274 sulfecto,
3208 3219 3350 3263 tran-

101 3294 397 3363 εισαχθῆναι
450 3295 512 3347 δὲ
564 3294 769 3365 ἕτερον,
809 3295 929 3347 οὐδὲ
967 3295 1173 3349 τούτων
1203 3297 1498 3366 ἠμέλησεν,
1530 3297 1667 3352 ἀλλὰ

1772 3299 2003 3368 quillare
2029 3301 2274 3366 studuit;
2299 3301 2691 3370 communique
2724 3300 2930 3371 synodo
2970 3314 3034 3352 ac
3075 3306 3351 3352 conventu

99 3383 167 3437 διὰ
188 3388 365 3457 κοινῆς
399 3388 629 3440 συνόδου
655 3388 747 3440 καὶ
774 3388 1140 3451 συνελεύσεως
1156 3388 1262 3440 τῶν
1293 3390 1671 3463 ἁπανταχόθεν

98 3478 371 3547 ἀρχιερέων
428 3476 573 3531 Θεοῦ
625 3480 744 3542 ταῖς
773 3479 1092 3549 ἐκκλησίαις
1118 3480 1210 3532 τὸν
1247 3481 1410 3534 σάλον
1434 3482 1577 3535 κατὰ
1609 3484 1671 3536 τὸ

96 3566 418 3639 ἐνδεχόμενον
482 3569 737 3639 ἔστησεν,
793 3571 897 3639 τήν
943 3588 1001 3623 τε
1062 3573 1167 3642 πρὸ
1199 3573 1391 3626 τούτου
1432 3574 1673 3645 ἑϐδόμην

98 3657 233 3724 ἁγίαν
254 3660 482 3714 σύνοὼν
509 3661 885 3731 ὲπικυρώσας,
918 3664 1014 3715 καὶ
1051 3665 1178 3727 τοὺς
1204 3664 1513 3734 περιλιπεῖς
1558 3667 1669 3718 τῶν

94 3758 444 3828 είκονομάχων
492 3758 793 3827 αίρετικῶν
824 3758 903 3829 τῷ
936 3760 1241 3831 ἀναθέματι
1272 3762 1416 3826 δοὺς,
1452 3759 1549 3814 καὶ
1576 3760 1665 3813 τὸν

94 3847 288 3916 γνήσιον
307 3849 575 3921 Νυμφίον
605 3852 672 3919 τῇ
713 3850 1009 3922 Ἐκκλησία
1054 3854 1149 3906 καὶ
1175 3854 1288 3915 τοῖς
1315 3852 1529 3916 τέκνοις
1576 3853 1667 3906 τὸν

93 3937 283 4008 Πατέρα
313 3941 635 4004 κανονικῶς
664 3944 984 4014 παρασχὼν,
1007 3944 1096 3997 τὸν
1126 3945 1182 3997 δὲ
1214 3944 1259 3978 ⁵⁸
1284 3945 1667 4017 ἀντεισαχθέν-

91 4044 142 4081 τα
164 4031 448 4101 σχολάζειν
480 4033 753 4098 κελεύσας
781 4034 886 4099 ἕως
908 4036 1094 4089 τοῦτον
1125 4038 1262 4107 πρὸς
1286 4038 1478 4089 ἑαυτὸν
1504 4055 1670 4107 μετα-

92 4123 251 4191 στήσει
279 4126 308 4177 ὁ
340 4125 584 4195 Κύριος.
637 4126 748 4178 Καὶ
779 4125 924 4180 οὕτω
966 4128 1065 4197 μὲν
1098 4125 1156 4183 εὖ
1187 4130 1284 4182 καὶ
1312 4130 1493 4192 καλῶς
1525 4130 1593 4182 τὰ
1622 4133 1666 4162 ⁸⁵

90 4214 206 4266 κατὰ
238 4215 336 4287 τὴν
387 4216 734 4286 Ἐκκλησίαν
778 4218 1001 4283 διέθετο,
1039 4224 1132 4274 καὶ
1185 4223 1284 4293 τὴν
1313 4224 1668 4295 ἐνδεχομένην

90 4307 349 4379 καὶταύτῃ
378 4309 641 4379 γαλήνην
677 4312 743 4379 τῇ
777 4310 956 4381 οἰκεία
983 4314 1186 4384 σπουδῇ
1232 4317 1327 4369 καὶ
1358 4318 1666 4390 προμηθείᾳ

91 4402 389 4471 παρέσχετο.

142 4490 232 4557 λγ’.
262 4492 459 4562 Εὑρὼν
496 4493 557 4546 δὲ
594 4496 841 4558 καὶτοὺς
881 4496 1192 4559 πολιτικοὺς
1220 4497 1421 4567 νόμους
1470 4502 1667 4569 πολλὴν

86 4577 327 4647 ἀσάφειαν
357 4584 463 4636 καὶ
503 4583 773 4654 σύγχυσιν
810 4586 1032 4655 ἔχοντας
1059 4588 1149 4640 διὰ
1182 4590 1282 4653 τὴν
1307 4593 1531 4657 ἀγαθῶν
1555 4593 1666 4646 ὣσ-

87 4685 171 4741 περ
196 4677 284 4725 καὶ
308 4675 588 4747 πονηρῶν
625 4680 1084 4750 συναναστροφὴν,
1112 4681 1253 4749 λέγω
1277 4683 1340 4753 δὴ
1368 4687 1465 4754 τὴν
1495 4687 1601 4740 τῶν
1619 4692 1663 4721 ⁵⁷

85 4763 420 4834 ὼιηρημὲνων
459 4765 565 4818 καὶ
608 4766 1043 4836 πολιτευομένων
1078 4771 1391 4841 ἀδιάκριτον
1423 4778 1515 4828 καὶ
1548 4794 1664 4831 κοι-

86 4856 536 4932 νήνάναγραφὴν,
583 4862 679 4913 καὶ
726 4863 948 4922 τούτους
981 4865 1125 4918 κατὰ
1156 4866 1217 4918 τὸ
1249 4869 1527 4937 προσῆκον
1570 4873 1667 4926 καὶ

86 4949 407 5020 ἐνδεχόμενον
470 4953 811 5022 προσφόρως
871 4955 1349 5025 ἐπηνωρθώσατο,
1403 4960 1501 5031 τὴν
1554 4963 1664 5016 τῶν

86 5040 421 5113 ἀνῃρημένων
452 5044 505 5076 ⁸⁸
532 5044 846 5113 ἀχρηστίαν
882 5046 1167 5114 περιελὼν,
1200 5049 1293 5101 καὶ
1324 5049 1435 5102 τῶν
1460 5052 1664 5121 κυρίων

86 5132 414 5204 ἀνακαθάρας
456 5137 527 5188 τὴ
553 5135 785 5204 πλῆθος,
815 5138 908 5189 καὶ
940 5138 1129 5209 ὥσπερ
1173 5140 1231 5192 ἐν
1264 5143 1503 5212 συνόψει,
1540 5146 1597 5195 ἐν
1621 5146 1669 5177 ⁵⁸

86 5228 370 5294 κεφαλαίοις
396 5230 495 5283 διὰ
537 5229 607 5282 τὸ
631 5228 1067 5299 εὐμνημόνευτον
1086 5232 1184 5302 τὴν
1212 5234 1487 5303 προτέραν
1509 5237 1667 5290 άπει-

87 5318 184 5383 ρίαν
211 5322 562 5392 περιλαϐών.

138 5498 219 5555 λδ.
260 5503 401 5556 Ἀλλ’
424 5502 565 5554 ἐπεὶ
598 5502 713 5563 τοῖς
732 5501 955 5568 ἀγαθοῖς
982 5502 1069 5555 ἀεὶ
1101 5502 1450 5573 παραφύεται
1478 5506 1670 5575 φθόνος

1773 3393 1987 3447 cunctis
2026 3407 2091 3447 ex
2151 3394 2285 3448 locis
2323 3392 2415 3448 Dei
2463 3394 2760 3463 przesulum
2813 3392 3036 3455 habito,
3072 3389 3252 3459 quoad
3287 3389 3350 3443 li-

1772 3485 1906 3549 cuit,
1946 3486 2304 3541 ecclesiarum
2341 3487 2638 3554 procellam
2673 3486 2902 3547 sedavit,
2948 3493 3061 3537 tum
3100 3482 3349 3551 superio-

1773 3594 1885 3633 rem
1925 3580 2213 3648 septimam
2259 3585 2502 3633 sanetam
2546 3579 2818 3647 synodum
2876 3576 3212 3631 confirmans
3238 3617 3253 3641 ,
3285 3590 3349 3629 ac

1771 3670 1863 3738 qui
1892 3669 2073 3724 adhuc
2091 3679 2298 3735 essent,
2331 3669 2724 3724 lconomacltos
2750 3670 3099 3722 anathemate
3125 3665 3345 3728 feriens,

1774 3768 1888 3811 tum
1922 3772 2051 3811 vero
2083 3758 2387 3827 legitimum
2422 3758 2683 3813 Ecclesize
2715 3756 2991 3827 Sponsum
3022 3767 3184 3827 atque
3215 3758 3349 3811 libe-

1771 3845 1849 3900 ris
1876 3854 2084 3915 patrem
2116 3848 2379 3903 canonice
2408 3849 2664 3912 reddens,
2700 3848 3164 3916 subditiciumque
3187 3857 3350 3916 atque

1774 3938 2070 4003 intrusutn,
2114 3941 2285 3995 donec
2318 3941 2494 4010 ipsum
2519 3939 2785 3994 Dominus
2822 3940 2889 3994 ad
2916 3955 2974 3995 se
3004 3940 3348 4004 transferret,

1770 4044 1986 4085 cessare
2011 4031 2232 4100 jubens.
2266 4034 2358 4087 Sic
2390 4033 2574 4101 itaque
2608 4034 2773 4101 probe
2818 4033 3029 4102 rituque
3059 4049 3147 4087 res
3176 4035 3351 4088 eccle-

1770 4123 2004 4177 siastica:
2035 4124 2109 4177 illi
2142 4127 2481 4195 compositae,
2545 4126 2757 4194 liaeque
2801 4128 3011 4180 ratione
3040 4125 3221 4180 sttnlio
3250 4142 3354 4180 suo

1771 4232 1834 4269 ac
1864 4232 1995 4271 cura
2022 4232 2238 4272 omnem
2272 4218 2319 4272 ei
2362 4219 2677 4288 possibilem
2715 4218 3165 4289 tranquillitatem
3208 4233 3349 4287 prae-

1772 4311 1907 4363 buil.

1843 4488 1932 4541 35.
1968 4488 2102 4541 (lum
2138 4497 2265 4541 item
2316 4490 2458 4555 leges
2489 4490 2675 4544 civiles
2708 4492 2939 4546 multum
2972 4493 3236 4547 obscuras
3265 4500 3350 4546 at-

1772 4595 1879 4646 que
1933 4577 2191 4632 confusas
2261 4581 2572 4647 l't-pcriSSt‘l,
2602 4582 2674 4636 ob
2710 4582 2978 4637 bonarum
3018 4584 3225 4639 scilicet
3268 4594 3350 4639 at—

1772 4684 1877 4737 que
1931 4670 2218 4736 malarum,
2250 4683 2306 4723 ut
2355 4673 2434 4725 sic
2481 4673 2696 4742 loquar,
2722 4676 3161 4741 permixtionem,
3199 4678 3347 4746 quod

1772 4778 1967 4832 nempe
1999 4772 2107 4816 tum
2140 4765 2436 4834 antiquata:
2466 4778 2578 4819 tum
2620 4783 2743 4836 quae
2791 4770 3046 4837 vigebant
3071 4771 3218 4824 nullo
3249 4771 3347 4825 tle-

1772 4854 1919 4909 leetu
1967 4872 2029 4909 ac
2062 4859 2341 4909 communi
2394 4874 2503 4911 uno
2554 4876 2784 4929 corpore
2813 4863 3141 4932 conscriptae
3184 4863 3350 4918 liabe-

1774 4959 1984 5014 rentur,
2026 4950 2121 5003 llas
2146 4966 2364 5019 quoque
2393 4954 2803 5018 convenienter,
2847 4970 2910 5007 ac
2933 4956 3112 5024 quoad
3154 4971 3240 5011 res
3269 4955 3349 5011 fe-

1775 5044 1943 5108 rebat,
1992 5044 2279 5097 commode
2329 5046 2662 5111 emendavit,
2715 5046 3053 5117 antiquatis.
3087 5064 3208 5118 qua:
3233 5049 3344 5117 jam

1775 5138 1980 5190 nullius
2011 5152 2144 5190 usus
2177 5135 2377 5201 forent,
2407 5136 2664 5202 sublatis,
2696 5152 2883 5193 earum
2915 5155 3039 5192 vero
3062 5155 3184 5210 qua:
3222 5151 3350 5194 rata:

1773 5238 1962 5284 essent
1988 5230 2339 5283 multitudine
2372 5230 2533 5298 plane
2556 5231 2826 5300 explicata
2849 5271 2863 5291 ,
2898 5231 3060 5302 263
3105 5246 3171 5285 ac
3202 5233 3352 5287 velut

1769 5321 2118 5388 compendio,
2151 5321 2316 5373 certis
2354 5321 2649 5389 capitibus,
2687 5322 2758 5377 ob
2789 5321 3090 5377 faciliorem
3139 5340 3352 5379 memo-

1770 5416 1928 5478 riam,
1967 5414 2146 5483 priore
2171 5415 2383 5468 illornm
2417 5416 2681 5470 inﬁnitate
2714 5418 3129 5486 comprehensa.

1854 5508 1944 5562 5i.
1977 5505 2115 5572 Quia
2145 5517 2322 5561 tamen
2350 5508 2548 5561 invidia
2576 5509 2733 5563 ltonis
2756 5526 2972 5580 semper
3002 5510 3349 5573 :ldlltBI'CSCil,

1388 5663 1625 5722 VAIll/E
1651 5669 2051 5726 LECTIONES.

141 5779 179 5809 "
204 5782 292 5865 κμὶ
319 5782 430 5835 τῶν
458 5778 875 5865 γραφέωκηοιιι.
916 5783 978 5835 Α.
1040 5782 1104 5865 ,⁸⁸
1135 5783 1211 5865 Tt}:
1242 5800 1355 5865 om.
1393 5783 1451 5838 1³.
1493 5857 1503 5865 ι
1536 5788 1580 5819 ³⁵
1604 5790 1695 5843 τόν
1725 5807 1781 5844 τε
1804 5790 1862 5843 I‘.
1943 5794 1990 5824 ⁸⁸
2017 5792 2105 5865 τὰ]
2144 5796 2232 5847 καὶ
2262 5795 2325 5848 τὰ
2362 5795 2421 5849 Δ.
2500 5796 2543 5827 δ’
2586 5794 2693 5848 τῶν
2717 5810 2823 5849 om.
2854 5796 2911 5849 l‘.
2995 5795 3039 5827 τ’
3082 5795 3175 5848 καὶ
3204 5793 3347 5852 πολι·

90 5852 356 5922 τευομένων
376 5884 452 5897 ——
485 5851 868 5922 ἀνῃρημένων
894 5871 1003 5909 οιιι.
1026 5854 1091 5911 Α.
1167 5855 1211 5887 ⁵³
1247 5856 1303 5909 ἐν
1334 5871 1441 5911 om.
1477 5857 1541 5912 Α.
