4154 6446
726 420 844 490 ⁷279

1847 420 2357 483 THEOPHANES
2377 425 2935 490 CONTINUATUS.

3915 425 4019 489 280

745 538 825 591 uti
878 536 1116 592 maxime
1159 535 1323 607 lignis
1365 533 1617 589 dulcibus
1663 533 2041 589 adnascuntur
2086 548 2317 599 vermes,

2438 538 2499 602 bc
2529 544 2642 604 τοῖς
2662 540 2889 609 γλυκέσι
2915 540 3149 611 μάλιστα
3180 539 3289 594 τῶν
3321 534 3493 607 ξύλων
3523 541 3573 595 οἱ
3596 541 3905 612 σκώληκες,
3925 544 4016 597 καὶ

748 627 986 697 malique
1055 627 1329 682 daemones
1374 640 1683 680 annuorum
1744 634 1900 679 terra:
1956 634 2318 693 proventuutn

747 717 1080 789 frugumque
1114 716 1348 771 ubertati
1386 716 1690 775 invidentes
1716 729 2011 783 pravorum
2036 716 2319 771 hominum

746 826 915 881 opera
962 812 1233 864 bonorum
1285 809 1622 865 feracitatem
1664 809 1994 865 conturbare
2026 819 2318 871 conantur,

746 918 811 958 ex
846 904 1038 957 horum
1068 917 1297 957 numero
1356 904 1424 957 ad
1485 902 1834 971 imperatoris
1882 901 2050 956 vitam
2108 900 2322 955 insidiis

747 996 1003 1063 ferroque
1029 995 1386 1064 appetendam
1420 994 1672 1049 instructi
1706 992 2024 1064 Symbatius
2058 1007 2122 1046 ac
2150 991 2322 1047 Geor-

746 1087 869 1155 gius
896 1102 1021 1140 cum
1057 1086 1338 1141 hominum
1368 1084 1704 1140 nefariorum
1735 1101 1799 1141 ac
1831 1086 2118 1153 impiorum
2140 1084 2319 1138 turba.

748 1175 905 1229 Haud
940 1183 1121 1230 tamen
1153 1175 1378 1229 omnino
1406 1175 1485 1231 eis
1525 1177 1713 1241 licuit,
1754 1191 1859 1231 non
1891 1176 2105 1229 sinente
2131 1174 2238 1229 Deo
2270 1184 2326 1227 ut

748 1264 1008 1334 depressa
1053 1265 1374 1335 devictaque
1416 1267 1624 1321 malitia
1668 1266 1813 1321 brevi
1862 1266 2020 1335 quasi
2062 1265 2326 1335 reparatis

750 1359 958 1413 viribus
1010 1357 1413 1413 convivisceret
1473 1374 1648 1428 exque
1700 1358 1831 1413 orbe
1879 1359 2191 1429 aequitatem
2263 1374 2326 1411 ac

745 1449 1019 1516 justitiam
1070 1450 1315 1520 pelleret.
1341 1450 1767 1519 Conjnratorum
1796 1466 1906 1505 uno
1935 1451 2198 1520 prodente
2231 1464 2327 1503 eo-

751 1557 871 1595 rum
906 1542 961 1596 in
986 1551 1233 1612 apertum
1261 1542 1489 1597 deducta
1514 1542 1848 1599 machinatio
1873 1554 1975 1599 est.
2008 1543 2328 1599 Subsecutis

749 1635 999 1688 criminis
1034 1635 1255 1691 indiciis
1279 1635 1568 1706 evictaque
1608 1650 1796 1700 causa,
1830 1636 2005 1704 legum
2040 1636 2330 1689 severitate

749 1734 1053 1779 extremum
1089 1726 1409 1781 imminebat
1435 1727 1794 1796 supplicium,
1832 1737 1892 1781 ut
1922 1727 2181 1781 nimirum
2234 1727 2329 1780 ho-

753 1833 951 1873 norum
996 1820 1238 1873 omnium
1286 1820 1693 1890 proscriptione
1723 1820 1995 1875 damnatis
2023 1818 2185 1873 etiam
2221 1819 2327 1873 vita

750 1912 1106 1967 adimeretur.
1160 1914 1233 1967 At
1283 1914 1535 1984 generosi
1591 1914 1849 1983 principis
1880 1913 2171 1967 clementia
2223 1928 2331 1966 una

749 2006 1017 2061 duntaxat
1061 2007 1349 2063 oculorum
1383 2006 1695 2073 et'fossione,
1746 2021 1937 2061 eorum
1990 2006 2334 2061 solummodo

749 2097 844 2167 qui
874 2098 1027 2166 pravi
1054 2099 1272 2154 consilii
1303 2108 1557 2154 auctores
1589 2100 1935 2165 exstiterant,
1979 2114 2197 2169 poenam
2241 2098 2334 2152 de-

750 2189 957 2256 ﬁnivit;
1013 2191 1300 2261 magisque
1374 2191 1637 2247 ultionem
1683 2192 2001 2247 moderatus
2053 2201 2219 2255 esset,
2280 2190 2333 2245 ni

750 2292 1095 2351 perspectum
1122 2283 1410 2339 habuisset
1431 2298 1641 2339 summa
1680 2284 1733 2336 in
1766 2298 1859 2337 eos
1883 2283 2172 2338 clementia
2196 2283 2334 2336 alios

749 2388 968 2443 quoque
1002 2373 1069 2427 ad
1114 2372 1256 2427 idem
1293 2374 1475 2429 scelus
1513 2373 1823 2428 audendum
1853 2384 2207 2443 provocatum
2240 2373 2331 2439 iri,

748 2476 979 2536 tumque
1033 2464 1359 2536 adigendum
1412 2479 1473 2521 se
1529 2468 1843 2522 necessario
1900 2468 1969 2520 ad
2030 2468 2336 2523 atrociores

751 2574 943 2627 pmnas
969 2558 1286 2629 exigendas.
1323 2556 1533 2615 Idcirco
1552 2574 1639 2625 ea,
1672 2574 1837 2631 quam
1863 2560 1995 2626 dixi,
2021 2575 2180 2630 poena
2221 2569 2334 2614 tum

749 2650 859 2705 illis
887 2649 1053 2722 264
1079 2651 1413 2717 pmnitentia:
1449 2660 1663 2723 tempus
1718 2652 1971 2721 praebuit,
2018 2660 2131 2706 tum
2163 2652 2336 2706 malos

748 2743 991 2813 reliquos
1029 2744 1296 2798 coercuit.
1329 2744 1568 2799 Studens
1606 2754 1786 2798 autem
1820 2744 2083 2815 majorem
2130 2743 2185 2798 in
2216 2758 2335 2798 mo-

747 2836 874 2888 dum
901 2849 1091 2889 eorum
1126 2834 1422 2905 reprimere
1452 2836 1666 2891 animos
1707 2836 1804 2906 qui
1853 2837 2055 2907 injuste
2094 2836 2325 2891 aliorum

750 2930 991 2986 caedibus
1048 2928 1282 2993 inhiant,
1349 2942 1682 2997 omnemque
1730 2927 1839 2982 illis
1894 2942 2047 2998 spem
2100 2927 2335 2993 auferre,

754 3022 893 3077 ﬁlios
929 3031 1061 3076 natu
1094 3020 1331 3090 majores
1382 3020 1809 3075 Constantinum
1854 3030 2021 3091 atque
2073 3020 2333 3085 Leonem,

753 3112 901 3181 regie
926 3111 1043 3180 jam
1071 3111 1331 3166 educatos
1378 3126 1443 3164 ac
1466 3111 1715 3165 eruditos
1745 3111 2007 3181 omnique
2034 3111 2232 3164 virtute
2268 3126 2335 3163 ex

2425 635 2491 703 τῇ
2521 638 2762 704 κοσμικῇ
2813 635 3073 707 εὐετηρίᾳ
3104 636 3197 687 καὶ
3253 636 3480 707 εὐθηνία
3542 638 3911 706 βασκαίνοντα
3950 639 4015 689 τὰ

2426 725 2607 792 φαῦλα
2640 726 2892 795 δαιμόνια
2939 726 3029 779 διὰ
3086 728 3339 798 πονηρῶν
3396 728 3704 798 ἀνθρώπων
3759 729 4018 797 πειρᾶται

2427 814 2525 886 τὴν
2554 816 2664 869 τῶν
2708 816 2929 884 ἀγαθῶν
2983 819 3317 889 συνταράξαι
3346 819 3541 889 φορὰν,
3586 821 3650 872 ἐκ
3687 820 3898 872 τούτων
3927 818 4021 870 καὶ

2426 907 2600 977 τούτῳ
2655 910 2925 979 συσκευὴν
2974 910 3288 980 ἐπιϐουλῆς,
3351 912 3491 981 μετὰ
3545 912 3639 965 καὶ
3673 911 3810 981 πρὸς
3860 912 4019 978 φόνον

2426 1001 2705 1066 ὁπλίζεται
2734 1003 3039 1072 Συμδάτιος
3068 1007 3161 1057 καὶ
3182 1005 3452 1074 Γεώργιος
3476 1008 3612 1074 μετά
3644 1005 3867 1072 στίφους
3886 1005 4019 1056 ἀπο-

2429 1092 2648 1162 φράδων
2672 1092 2976 1164 ἀνθρώπων
2999 1094 3093 1146 καὶ
3125 1094 3422 1149 δυσσεδῶν.
3444 1096 3518 1147 Οὐ
3540 1093 3954 1164 συγχωροῦντος
3976 1092 4020 1123 ⁸⁸

2427 1183 2482 1236 δὲ
2523 1184 2762 1247 πάντως,
2793 1184 2903 1239 οὐδ’
2932 1185 3261 1256 ἀνεχομένου
3291 1185 3427 1238 Θεοῦ
3445 1187 3543 1256 τὴν
3576 1187 3775 1239 κακίαν
3797 1186 3865 1238 δι’
3896 1183 4021 1237 έλα-

2429 1274 2617 1344 χίστου
2667 1274 2823 1339 αὖθις
2885 1278 3255 1332 ἀναπαλαῖσαι
3311 1277 3410 1347 τὴν
3450 1278 3659 1331 οἰκείαν
3719 1274 3893 1350 ἧτταν
3928 1280 4022 1330 καὶ

2430 1368 2701 1422 ἀπελάσαι
2731 1368 2828 1438 τὴν
2851 1368 3109 1437 εὐνομίαν
3135 1370 3230 1422 καὶ
3255 1370 3607 1439 δικαιοσύνην
3640 1370 3747 1423 ἀπὸ
3770 1370 3869 1437 τῆς
3890 1370 4016 1438 γῆς,

2431 1459 2729 1527 κατάδηλος
2763 1462 2795 1529 ὴ
2832 1457 3036 1511 τούτων
3098 1457 3183 1529 [Ρ.
3228 1457 3351 1530 164]
3410 1459 3643 1529 πονηρία
3692 1457 4022 1511 καθίσταται

2431 1550 2525 1615 ἀφ’
2552 1550 2669 1611 ἐνὸς
2698 1548 2808 1601 τῶν
2862 1550 3211 1615 συνωμοτῶν.
3256 1549 3767 1620 ’Λκολουθησάντων
3804 1548 3859 1601 δὲ
3908 1548 4022 1599 τῶν

2432 1642 2670 1711 ἐλέγχων
2700 1644 2979 1712 ἐπήρτητο
3012 1643 3109 1712 μὲν
3131 1642 3238 1695 ἀπὸ
3264 1641 3371 1695 τῶν
3396 1643 3578 1711 νόμιον
3597 1643 3777 1706 αὐτοῖς
3802 1644 3832 1710 ἡ
3858 1641 4023 1709 ἐσχά-

2432 1753 2500 1803 τη
2532 1734 2791 1804 τιμωρία,
2827 1736 3092 1797 τουτέστι,
3160 1734 3298 1802 μετὰ
3342 1734 3438 1788 καὶ
3466 1734 3729 1803 δήμευσιν
3780 1733 3876 1785 καὶ
3911 1732 4023 1784 τῶν

2433 1827 2605 1880 ὄντων
2628 1827 2883 1881 ἁπάντων
2913 1826 3208 1890 ἔκπτωσιν,
3244 1828 3337 1880 καὶ
3371 1828 3403 1897 ἡ
3437 1827 3537 1895 τῆς
3566 1827 3713 1896 ζωῆς
3730 1826 3902 1894 αὐτῆς
3925 1826 4025 1877 ἀλα

2434 1918 2741 1987 λοτρίωσις.
2788 1916 2926 1970 Ἀλλ’
2965 1918 2997 1986 ἠ
3024 1916 3117 1971 τοῦ
3145 1916 3392 1985 γενναίου
3427 1917 3688 1984 βασιλέως
3716 1914 4023 1984 ιριλανθρω-

2435 2014 2537 2066 πία
2578 2012 2713 2082 μόνῃ
2748 2011 2858 2063 τῶν
2896 2011 3191 2082 ὀφθαλμῶν
3214 2012 3423 2079 ὲκκοπῇ
3456 2008 3553 2078 τὴν
3588 2006 3854 2077 τιμωρίαν
3884 2005 4023 2074 ὡρί-

2437 2121 2567 2156 σατο
2603 2102 2737 2165 τέως
2786 2101 2893 2155 τῶν
2922 2100 3423 2173 προκαταρξάντων
3470 2098 3569 2169 τῆς
3604 2096 3848 2167 πονηρᾶς
3880 2112 4024 2162 συμ-

2436 2193 2634 2264 ϐουλῆς
2656 2208 2668 2223 ⁶
2703 2197 2796 2247 καὶ
2830 2193 2991 2247 πλέον
3043 2193 3087 2247 δ’
3111 2193 3178 2247 ἂν
3206 2192 3314 2261 τὴν
3349 2190 3636 2262 εἴσπραξιν
3670 2188 4023 2258 ἐμετρίασεν,

2435 2290 2482 2341 εί
2507 2289 2581 2357 μὴ
2609 2287 2704 2356 τὴν
2735 2289 2813 2350 είς
2846 2287 3068 2347 τούτους
3107 2287 3285 2354 ἄκραν
3318 2282 3731 2352 φιλανθρωπίαν
3754 2282 4026 2346 ἐγίνωσκε

2436 2380 2533 2434 καὶ
2578 2378 2775 2441 ἄλλους
2802 2379 3206 2449 προτρέψεσθαι
3248 2378 3288 2409 ⁸¹
3330 2378 3467 2448 πρὸς
3496 2376 3594 2444 τὴν
3644 2375 3882 2444 μίμησιν
3925 2373 4029 2423 καὶ

2436 2472 2556 2525 τότε
2588 2472 2666 2533 είς
2697 2469 2946 2538 ἀνάγκην
2999 2469 3310 2539 ὑπαχθῆναι
3366 2466 3529 2519 αὐτὸν
3578 2466 3675 2519 καὶ
3717 2461 4030 2533 βαρυτέρας

2435 2562 2865 2626 ἀνταποδόσεως.
2908 2560 3006 2615 Διὰ
3031 2559 3191 2614 τοῦτο
3218 2562 3285 2629 τῇ
3326 2557 3581 2629 λεχθείσῃ
3612 2558 3771 2625 ποινῇ
3806 2554 4031 2613 τούτοις

2437 2674 2495 2710 τε
2533 2657 2823 2726 μετανοίας
2849 2656 3097 2726 παρέσχε
3152 2653 3348 2725 καιρὸν
3384 2653 3477 2704 καὶ
3507 2652 3634 2713 τοὺς
3658 2649 3881 2710 λοιποὺς
3912 2646 4030 2698 τῶν

2438 2753 2693 2823 πονηρῶν
2714 2751 3073 2819 ἐσωφρόνιζε,
3107 2749 3440 2817 Βουλόμενος
3462 2747 3507 2800 δ’
3539 2746 3631 2799 ὲπὶ
3654 2743 3854 2813 μᾶλλον
3890 2742 4030 2795 ἀνα-

2440 2845 2644 2900 στεῖλαι
2664 2846 2763 2907 τάς
2790 2844 2970 2914 ὁρμάς
3002 2842 3112 2895 τῶν
3143 2840 3340 2903 ἀδίκως
3396 2839 3707 2909 ζητούντων
3741 2835 4033 2903 ἀλλότριον

2439 2939 2670 2993 θάνατον
2697 2938 2789 2989 καὶ
2819 2938 3001 2989 πᾶσαν
3046 2935 3227 2987 αὐτῶν
3257 2933 3447 2986 ἐλπίδα
3502 2929 3797 2999 περιελεῖν,
3832 2926 4034 2991 ἀνάγει

2441 3028 2576 3096 πρὸς
2607 3026 2668 3079 τὸ
2692 3025 2792 3095 τῆς
2841 3025 3118 3092 βασιλείας
3149 3024 3368 3091 ἀξίωμα
3384 3023 3510 3084 τοὺς
3533 3020 3641 3072 τῶν
3666 3018 3875 3071 παίδων
3905 3015 4035 3067 καθ’

2440 3119 2658 3189 ἠλικίαν
2688 3116 3040 3185 προέχοντας,
3068 3114 3170 3183 ἤδη
3212 3114 3502 3182 βασιλικῶς
3531 3110 3907 3179 ἀναγομένους
3935 3110 4035 3159 καὶ

751 3204 966 3272 imperii
1022 3203 1233 3257 ratione
1292 3202 1565 3267 excultos,
1620 3199 1689 3254 ad
1749 3201 1962 3270 imperii
2014 3200 2330 3271 dignitatem

2440 3210 2865 3280 παιδευομένους
2901 3209 2993 3260 καὶ
3021 3208 3099 3269 εἷς
3150 3206 3328 3258 πᾶσαν
3359 3204 3743 3272 ἐκλάμποντας
3790 3199 4035 3269 ἀρχικὴν

750 3306 1054 3365 promovet,
1099 3294 1247 3349 velut
1277 3294 1539 3348 nimirum
1570 3293 1866 3348 validiores
1912 3292 2207 3363 pluresque
2248 3309 2334 3346 ra-

752 3388 900 3441 dices
937 3388 989 3440 in
1020 3385 1255 3455 imperio
1297 3385 1543 3451 mittens,
1593 3393 1649 3440 et
1681 3399 1847 3453 super
1884 3398 1950 3438 eo
1980 3384 2192 3439 nobiles
2233 3384 2334 3437 im-

749 3485 886 3551 perii
921 3497 1103 3538 ramos
1128 3480 1449 3536 sustollens.

821 3662 913 3721 55.
944 3662 1023 3717 Ad
1048 3663 1190 3717 hanc
1222 3674 1386 3730 porro
1411 3658 1655 3715 historiae
1674 3665 1886 3727 partem
1908 3672 2033 3710 cum
2066 3654 2330 3718 venerim,

750 3760 885 3813 libet
920 3759 1011 3811 hic
1046 3770 1270 3826 quoque
1301 3755 1370 3810 de
1412 3752 1638 3822 reliquis
1672 3751 1791 3819 ejus
1840 3750 2026 3804 liberis
2084 3749 2334 3804 instituto

750 3865 1022 3913 sermone,
1049 3848 1324 3918 quomodo
1370 3846 1440 3902 de
1486 3845 1719 3913 singulis
1761 3844 1850 3915 pic
1885 3843 2180 3897 admodum
2227 3852 2335 3898 sta-

751 3942 937 4003 tuerit,
970 3942 1273 3996 declarare.
1312 3938 1476 3994 Velut
1504 3937 1648 3993 enim
1697 3936 1828 3991 olim
1876 3936 2079 4005 pietate
2110 3935 2334 4005 conspi-

749 4052 884 4092 cuos
920 4052 985 4091 ac
1025 4036 1215 4091 beatos
1266 4035 1437 4099 viros,
1498 4033 1612 4086 imo
1661 4038 1716 4083 et
1757 4043 1921 4098 supra
1985 4029 2129 4094 illos,
2190 4029 2336 4083 hunc

747 4143 971 4197 quoque
1018 4127 1159 4183 Deus
1204 4127 1431 4197 copiosa
1482 4126 1765 4196 prohaque
1828 4122 2016 4179 sobole
2082 4122 2333 4177 donavit.

746 4223 879 4278 Post
902 4220 1127 4291 aliquod
1173 4221 1360 4290 itaque
1396 4227 1613 4289 tempus
1653 4221 1821 4276 etiam
1877 4218 2248 4272 Alexandrum
2285 4218 2339 4268 ti-

749 4316 949 4368 liorum
998 4313 1217 4368 tertium
1257 4312 1491 4383 Augusti
1518 4327 1723 4367 corona
1757 4310 2077 4382 impartivit.
2126 4310 2335 4364 llorum

748 4423 880 4461 vero
955 4407 1312 4461 novissimum
1390 4404 1769 4474 Stephanum,
1821 4405 1969 4460 haud
2040 4419 2201 4459 secus
2271 4418 2337 4458 ac

750 4499 1099 4553 Abrahamns
1129 4496 1402 4562 lsaacum,
1459 4496 1572 4551 Deo
1628 4497 1785 4552 olIert
1836 4496 2039 4566 Deique
2080 4495 2337 4551 Ecclesia:

2439 3303 2663 3375 ἀρετὴν,
2720 3300 3129 3353 Κωνσταντῖνον
3180 3297 3273 3349 καὶ
3304 3296 3533 3357 Λέοντα,
3567 3292 3729 3346 οἱονεὶ
3758 3308 4033 3359 κραταιο-

2438 3397 2603 3466 τέρας
2636 3393 2791 3462 ῥίζας
2822 3392 2912 3444 καὶ
2948 3389 3197 3448 πλείονας
3233 3387 3558 3457 βαλλόμενος
3585 3388 3650 3455 τῇ
3699 3384 3840 3453 ἀρχῇ
3863 3425 3879 3447 ,
3936 3385 4038 3435 καὶ

2440 3491 2565 3551 τοὺς
2618 3488 2857 3554 εὐγενεῖς
2907 3484 3005 3552 τῆς
3057 3482 3335 3552 βασιλείας
3384 3481 3636 3551 ὄρπηκας
3674 3478 3767 3528 ἐπὶ
3822 3476 4039 3543 ταύτης

2441 3580 2612 3648 ὑψῶν.

2508 3670 2603 3723 λε’.
2640 3667 2781 3720 Ἀλλ’
2808 3667 2927 3719 ἐπεὶ
2952 3664 3093 3718 κατὰ
3120 3661 3280 3715 τοῦτο
3330 3661 3389 3713 τὸ
3419 3659 3583 3730 μέρος
3630 3658 3907 3728 ἐγενόμην
3932 3658 4038 3726 τῆς
4078 3680 4088 3692 -

2438 3763 2765 3831 διηγήσεως,
2816 3758 3076 3827 βούλομαι
3127 3756 3221 3809 καὶ
3274 3755 3542 3824 περὶτῶν
3593 3751 3799 3804 λοιπῶν
3860 3750 4039 3804 αὐτοῦ

2441 3853 2647 3907 παίδων
2673 3852 2773 3922 ἤδη
2793 3848 3091 3910 διαλαϐεῖν.
3124 3849 3272 3909 ὅπως
3305 3848 3433 3917 περὶ
3475 3845 3711 3900 ἑκάστου
3735 3842 3924 3895 αὐτῶν
3948 3843 4042 3893 εὐ-

2441 3943 2616 4006 σεϐῶς
2646 3940 3025 3995 ἐϐουλεύσατο.
3058 3939 3215 3993 Κατά
3243 3938 3352 4008 γάρ
3376 3938 3502 3999 τοὺς
3562 3936 3729 3989 πάλαι
3777 3934 3890 3985 τῶν
3948 3933 4041 3983 εὐ-

2442 4036 2617 4090 σεδῶν
2648 4037 2743 4088 καί⁸
2800 4033 3087 4103 μακαρίων
3117 4031 3349 4097 ἀνδρῶν,
3412 4029 3614 4099 μᾶλλον
3642 4028 3697 4081 δὲ
3739 4027 3834 4079 καὶ
3890 4025 4042 4094 ὑπὲρ

2441 4130 2682 4190 ἐκείνους
2712 4126 3020 4181 πολύπαιδα
3049 4125 3144 4178 καὶ
3176 4122 3505 4178 καλλίπαιδα
3540 4122 3633 4175 καὶ
3678 4119 3869 4171 τοῦτον
3897 4117 4042 4169 ἔδει·

2441 4226 2531 4291 ξεν
2552 4224 2581 4276 ὁ
2615 4222 2767 4282 Θεὸς.
2800 4219 2957 4272 Μετὰ
2985 4218 3175 4288 χρόνον
3207 4218 3387 4268 τοίνυν
3416 4213 3540 4267 τινὰ
3571 4210 3901 4282 μεταδίδωσι
3936 4208 4039 4260 τοῦ

2444 4315 2671 4384 στέφους
2694 4313 2788 4366 καί
2822 4309 3153 4379 Ἀλεξάνδρῳ
3190 4307 3269 4377 τῷ
3306 4306 3478 4377 τρίτῳ
3528 4302 3663 4373 υίῷο
3696 4302 3790 4356 τὸν
3818 4301 3879 4353 δὲ
3902 4298 4040 4352 τού-

2441 4424 2548 4460 των
2578 4404 2845 4459 νεώτατον
2875 4401 3167 4470 Στέφανον,
3206 4399 3281 4461 ὡς
3316 4397 3409 4449 τὸν
3451 4395 3639 4450 Ἰσαὰκ
3672 4394 3699 4445 ὁ
3747 4390 4039 4464 Ἀϐραὰμ,

2444 4498 2711 4569 προσάγει
2735 4495 2853 4565 Θεῷ
2883 4495 2974 4547 καὶ
2998 4494 3063 4563 τῇ
3099 4490 3193 4544 τοῦ
3218 4488 3352 4542 Θεοῦ
3394 4485 3696 4556 Ἐκκλησία
3721 4483 4005 4550 ἐγκαταλέ
4022 4513 4041 4521 ο

750 4590 955 4659 adlegit
984 4605 1050 4643 ae
1080 4596 1391 4644 consecrat.
1438 4586 1606 4644 Filias
1645 4588 1872 4643 totidem
1928 4554 2161 4643 numero
2202 4597 2331 4657 quot

2444 4554 2531 4662 γει
2566 4592 2609 4622 δ’
2636 4554 2737 4643 ’καὶ
2788 4554 3173 4657 ἀίριεροί.“Τὴν
3203 4582 3424 4652 θήλειαν
3443 4580 3499 4633 δὲ
3536 4554 3699 4649 γονὴν
3736 4575 4042 4644 ἰσάριθμον

750 4691 909 4737 erant
961 4682 1239 4745 masculi,
1300 4681 1355 4736 in
1408 4695 1568 4737 sacro
1632 4681 2025 4738 illustrissimaa
2080 4681 2335 4752 martyris

751 4772 1067 4842 Euphemiae
1112 4770 1448 4825 monasterio
1494 4771 1756 4833 devovet.
1814 4786 1879 4825 ac
1936 4771 2083 4826 velut
2138 4787 2335 4836 munus

751 4872 1034 4934 acceptum
1066 4864 1415 4933 bestiamque
1448 4862 1560 4918 Deo
1589 4863 1756 4929 dicat,
1790 4863 1913 4918 illas
1947 4873 2061 4917 tum
2092 4863 2335 4917 moribus

753 4968 865 5013 tum
897 4958 1085 5012 habitu
1109 4956 1369 5025 omnique
1389 4968 1657 5026 apparatu
1687 4970 1915 5021 ornans,
1943 4972 2056 5026 quo
2085 4958 2332 5012 decorari

753 5051 930 5106 solent
951 5066 1073 5120 quae
1104 5066 1237 5121 pure
1262 5065 1325 5106 ac
1356 5049 1790 5105 incontaminate
1820 5049 2111 5104 hnmortali
2135 5064 2339 5119 sponso

751 5144 972 5201 Christo
1028 5159 1246 5215 sponsa:
1291 5145 1531 5214 virgines
1585 5142 1934 5213 copulantur.
2006 5142 2153 5207 llaec,
2211 5145 2339 5199 licet

756 5239 1069 5294 subsecutis
1107 5237 1272 5310 265
1300 5236 1638 5307 temporibus
1677 5245 1796 5291 acta
1836 5246 1985 5303 sunt,
2034 5236 2121 5290 hic
2155 5245 2334 5290 tamen

756 5332 931 5399 posita
963 5341 1145 5398 sunto,
1176 5331 1252 5387 uti
1290 5339 1508 5395 natura,
1546 5330 1627 5385 sic
1657 5339 1710 5385 et
1734 5330 1992 5386 narrandi
2026 5330 2143 5400 ipsa
2172 5329 2331 5394 serie,

756 5423 986 5478 fratrum
1016 5425 1363 5495 quaternioni
1398 5424 1711 5493 conjuncta.

827 5514 920 5570 56.
947 5513 1126 5572 llebus
1163 5516 1348 5586 itaque
1378 5516 1460 5571 sie
1490 5515 1567 5569 illi
1595 5514 1740 5570 domi
1779 5514 1945 5584 probe
1971 5512 2336 5585 religioseque

756 5622 821 5662 ac
852 5607 961 5663 Deo
984 5609 1181 5677 placito
1208 5623 1379 5679 scopo
1406 5607 1740 5669 constitutis,
1774 5622 1896 5660 cum
1931 5606 2109 5674 ipsum
2137 5606 2335 5661 ardens

760 5702 1069 5771 reipublicae
1112 5718 1241 5759 cura
1298 5703 1365 5759 ad
1414 5714 1638 5760 externa
1678 5716 1899 5771 quoque
1957 5700 2098 5755 bella
2152 5702 2334 5756 susci-

2440 4684 2611 4737 οὒσαν
2639 4683 2703 4751 τῇ
2756 4681 2947 4749 ἄρρενι
2976 4679 3033 4730 έν
3072 4674 3203 4745 ἱερῷ
3263 4672 3502 4742 σεμνείῳ
3530 4671 3632 4739 τῆς
3667 4668 4043 4735 πανευφήμου

2446 4776 2720 4847 μάρτυρος
2761 4768 3049 4839 Εὐφημίας
3082 4764 3329 4833 καθιεροῖ
3362 4763 3459 4815 καὶ
3505 4761 3581 4824 ὡς
3613 4759 3785 4830 δῶρον
3836 4758 4044 4810 δεκτὸν

2442 4865 2535 4923 καὶ
2565 4864 2821 4935 ἀνάθημα
2853 4861 2973 4929 Θεῷ
3011 4858 3352 4928 ἀνατίθησιν,
3406 4854 3498 4907 καὶ
3528 4854 3769 4924 σχήματι
3802 4851 3903 4905 καὶ
3932 4869 4044 4903 κα-

2441 4960 2673 5029 ταστολῇ
2709 4960 2993 5026 κοσμήσας
3028 4952 3227 5024 ὁμοίως
3254 4953 3374 5012 ταῖς
3400 4947 3665 5017 καθαρῶς
3695 4947 3789 4998 καὶ
3821 4944 4044 5012 ἀμιάν-

2438 5070 2543 5115 τω;
2566 5051 2645 5121 τῷ
2684 5048 2937 5119 ἀθανάτῳ
2986 5045 3225 5114 Νυμφίῳ
3257 5039 3702 5111 νυμφευομέναις
3728 5038 4045 5107 παρθένοις

2442 5145 2684 5216 Χριστῷ.
2716 5141 2901 5195 Ταῦτα
2932 5140 2987 5194 δὲ
3023 5142 3071 5192 εί
3094 5139 3191 5191 καὶ
3214 5140 3326 5199 τοῖς
3359 5135 3574 5206 χρόνοις
3599 5133 3823 5201 ὕστερον
3867 5134 4050 5201 tux?”

2439 5238 2686 5308 γέγονεν,
2720 5235 2833 5288 ἀλλ’
2856 5233 2951 5287 οὖν
2971 5231 3202 5285 ἐνταῦθα
3228 5229 3431 5283 κείσθω
3462 5225 3804 5295 συνημμένα,
3836 5224 4050 5291 ὥσπερ

2441 5336 2504 5402 τῇ
2535 5332 2716 5401 φύσει,
2743 5330 2887 5381 οὕτω
2928 5326 2993 5397 δὴ
3032 5327 3127 5379 καὶ
3176 5327 3241 5395 τῇ
3276 5323 3528 5393 διηγήσει
3561 5320 3661 5389 τῆς
3695 5320 4043 5387 τετρακτοᾷοτ

2443 5426 2549 5479 τῶν
2579 5423 2845 5491 ἀδελφῶν.

2514 5517 2627 5582 λς’.
2673 5517 2828 5570 Ἐπεὶ
2866 5514 2962 5567 οὖν
3017 5513 3085 5566 τὰ
3139 5512 3277 5564 οἴκοι
3332 5508 3515 5569 καλῶς
3567 5500 3713 5575 εἶχεν
3744 5503 3901 5567 αὐτῴ
3946 5521 4052 5553 κ;;;

2447 5612 2587 5664 κατὰ
2620 5608 2823 5661 σκοπὸν
2856 5606 3056 5675 εὐσεϐῆ
3088 5603 3518 5673 κα“ιθεάρεστον,
3564 5598 3749 5652 ἐκάλει
3781 5597 3837 5649 δὲ
3872 5597 4051 5647 αὐτὸι

2446 5704 2713 5776 ἠ-ζέουσα
2743 5701 2869 5771 περὶ
2927 5698 3032 5752 τῶν
3082 5698 3218 5752 ὅλων
3258 5694 3480 5766 φροντὶς
3517 5693 3608 5747 καὶ
3670 5689 3807 5760 πρὸς
3866 5690 4053 5758 ὐπερ-

2054 5788 2292 5844 ῪΑΒΙᾹΞ
2333 5790 2735 5848 LECTIONI‘IS.

828 5890 874 5922 “
903 5889 1313 5961 συγχωροῦνται
1344 5888 1403 5943 ι’.
1486 5890 1523 5920 ⁸⁸
1573 5884 2061 5957 προτρέψασθαιΑ.

2149 5884 2191 5918 ⁶¹
2217 5887 2508 5952 καταλέγει
2546 5887 2610 5937 Α.
