4154 6446
145 407 228 471 231
1227 411 1372 471 LIB.
1416 413 1483 473 V.
1526 435 1594 446 ·-
1629 408 1984 473 BASILIUS
2011 411 2339 476 MACEDO.

3260 418 3368 482 282

144 523 306 591 ορίους
328 522 646 593 στρατείας,
683 525 759 588 ὡς
805 524 873 578 ἂν
912 528 1024 590 τοῖς
1048 527 1272 591 οἰκείοις
1302 527 1487 589 πόνοις
1525 526 1616 579 καί
1642 530 1704 598 τῇ

1814 525 2005 594 pienda
2038 526 2363 599 impelleret,
2383 543 2491 599 quo
2511 527 2769 586 nimirum
2807 529 2924 587 suis
2954 530 3068 601 ipse
3091 530 3376 588 laboribus

143 612 291 665 αὐτοῦ
318 612 515 685 ἀνδρία
556 616 650 668 καὶ
681 616 1024 687 γενναιότητι
1069 617 1314 688 πλατύνῃ
1353 618 1453 686 μὲν
1482 617 1550 670 τὰ
1584 619 1706 686 ὅρια

143 703 229 771 τῆς
254 703 453 772 ἀρχῆς,
514 706 852 776 πορρωτέρω
881 708 938 760 δὲ
970 708 1187 782 συνὼσῃ
1219 709 1303 781 [Ρ.
1338 707 1463 781 165]
1494 710 1584 762 καὶ
1602 714 1706 763 ἀπ-

145 794 293 865 ιλάσῃ
314 794 377 847 τὸ
398 796 808 866 δυσμενὲς,οὐδὲ
829 798 1036 853 τούτων
1049 802 1222 872 ἡμέλη
1232 817 1341 866 σεν,
1363 798 1498 854 ἀλλά
1516 803 1707 875 πρῶτα

148 884 385 953 μὲνῨ-τοὺς
431 891 860 957 στρατιωτικοὺς
907 893 1248 961 καταλόγους
1302 893 1706 957 ἐλαττωθέντας

147 986 197 1037 ἐκ
221 984 312 1037 τοῦ
341 986 712 1055 περικοπῆναι
736 985 833 1050 τὰς
862 986 1140 1057 διδομένας
1158 988 1366 1053 τούτοις
1394 990 1706 1059 φιλοτιμίας

145 1074 418 1143 meum;
460 1077 556 1127 καὶ
584 1075 653 1129 τὰ
689 1075 944 1146 βασιλικὰ
991 1079 1275 1149 σιτηρέσια
1296 1080 1383 1133 διὰ
1411 1083 1547 1134 νέων
1579 1081 1707 1132 συλ-

145 1163 287 1232 λογῆς
308 1180 369 1216 τε
400 1165 492 1219 καὶ
526 1165 758 1235 ἐκλογῆς
794 1167 1183 1233 ἀνεπλήρωσεν
1228 1168 1325 1220 καὶ
1354 1167 1440 1220 διὰ
1471 1168 1572 1237 τῆς
1598 1169 1707 1222 τῶν

144 1256 357 1310 δεόντων
392 1258 643 1328 παροχῆς
673 1276 733 1312 τε
760 1259 855 1312 καὶ
875 1259 1169 1321 ἐπιδόσεως
1203 1260 1444 1332 ἔρρωσεν
1464 1276 1478 1291 ο
1514 1260 1705 1313 ἔπειτα

145 1345 412 1414 γυμνάσας
442 1348 671 1411 τούτους
698 1350 819 1411 ταῖς
846 1352 1134 1412 τακτικαίς
1163 1350 1435 1419 μελέταις,
1471 1349 1567 1402 καὶ
1596 1353 1707 1414 τοῖς

146 1438 427 1509 ἐνδελεχέσι
449 1440 635 1502 πόνοις
658 1440 958 1510 ἐμπείρους
987 1441 1087 1510 τῆς
1118 1440 1420 1509 πολεμικῆς
1470 1442 1707 1508 ἀγωνίας

147 1531 470 1599 πεποιηκὼς,
520 1532 617 1585 καὶ
655 1533 911 1598 εὐταξίας
967 1533 1053 1585 ὅτι
1092 1531 1325 1600 μάλιστα
1374 1532 1531 1601 λόγον
1563 1534 1707 1602 ἔχειν

146 1623 312 1687 ἐθίσας
340 1625 440 1676 καὶ
468 1626 897 1694 πεφροντικέναι
932 1623 1027 1676 τοῦ
1057 1624 1364 1686 εὐπειθοῦς,
1411 1627 1554 1679 οὕτω
1588 1629 1707 1692 μετ’

145 1714 309 1769 αὐτῶν
327 1716 471 1785 ὑπὲρ
492 1715 608 1768 τῶν
630 1715 875 1783 φυλετῶν
897 1716 989 1770 καὶ
1022 1717 1300 1785 συγγενῶν
1331 1716 1422 1769 καὶ
1450 1718 1708 1787 ὑπηκόων

146 1804 271 1857 κατὰ
293 1805 591 1876 βαρϐάρων
619 1808 1002 1877 ἐστράτευσεν.
1036 1808 1190 1877 ᾜδει
1222 1808 1331 1879 γὰρ
1359 1809 1435 1872 ὡς
1460 1810 1580 1861 οὐδὲ
1600 1811 1707 1862 τῶν

146 1895 416 1964 βαναύσων
439 1897 535 1951 καὶ
564 1898 804 1968 χυδαίων
824 1898 1030 1952 τούτων
1053 1900 1259 1967 τεχνῶν
1280 1900 1535 1969 οὐδεμίαν
1558 1900 1705 1953 ἐστιν

144 1987 321 2041 εἰδέναι
351 1987 465 2057 πρὸ
495 1987 590 2041 τοῦ
627 1988 843 2057 μαθεῖν,
900 1988 1007 2042 οὐδ’
1032 1988 1180 2042 ἐστιν
1210 1991 1358 2053 ὅστις
1383 1990 1704 2046 διδασκάλου

143 2081 290 2150 χωρὶς
310 2077 441 2132 οὐτε
475 2080 991 2152 ὐποδηματοράφος,
1025 2081 1159 2150 μήτι
1191 2073 1262 2149 γε’
1288 2082 1398 2134 τῶν
1420 2084 1705 2137 σπουδαιο-

141 2172 297 2239 τέρων
355 2173 482 2227 τινὰ
514 2173 721 2243 τεχνῶν
784 2171 1170 2244 κατωρθωκὼς
1202 2173 1470 2241 φαίνεται.
1508 2176 1621 2245 Τὴν
1649 2176 1705 2228 δὲ
1740 2204 1743 2205 ν

144 2262 435 2331 πολεμικὴν
483 2266 794 2333 ἐπιστήμην
854 2263 887 2331 ἢ
940 2263 1137 2333 τέχνην
1176 2267 1224 2318 εἰ
1254 2264 1378 2335 δίχα
1414 2266 1706 2337 μαθήσεως

144 2356 222 2407 καὶ
252 2355 448 2425 ἱκανῆς
491 2355 790 2425 ἐμπειρίας
837 2355 964 2425 ἐξῆν
1004 2355 1201 2409 εἰδέναι
1232 2357 1310 2428 τῷ
1370 2356 1704 2429 βουλομένῳ,

140 2447 227 2499 οὐκ
248 2444 393 2516 εἶχον
448 2448 557 2518 ἄρα
603 2446 751 2513 νοῦν,
780 2447 895 2502 ἀλλ’
926 2448 1159 2520 ἐλήρουν
1188 2451 1238 2503 oi
1270 2448 1439 2503 πολλά
1471 2452 1599 2521 περὶ
1645 2453 1706 2505 τὸ

141 2540 290 2609 μέρος
318 2540 486 2594 τοῦτο
516 2542 851 2611 πονήσαντες
892 2542 951 2593 ἐν
979 2544 1093 2603 τοῖς
1120 2545 1398 2607 τακτικοῖς
1423 2545 1706 2615 συγγράμ-

142 2648 260 2697 μασι
294 2632 388 2685 καὶ
438 2632 487 2684 οἱ
516 2634 761 2702 μέγιστοι
793 2633 902 2686 τῶν
934 2633 1357 2705 αὐτοκρατόρων
1386 2637 1479 2689 καὶ
1507 2652 1705 2706 στρατ-

140 2724 293 2790 ηγῶν,
350 2726 403 2777 oi
448 2724 621 2776 πολλά
647 2725 757 2777 ἀπὸ
789 2724 1001 2777 πολλῶν
1025 2727 1264 2796 τρόπαια
1314 2728 1704 2797 συστήσαντες,

137 2807 200 2865 ὧν
230 2815 406 2879 οὐδεὶς
432 2813 710 2885 ἐθάρρησε
750 2816 973 2869 πώποτε
1026 2819 1145 2886 μετ’
1179 2815 1427 2885 ἀμαθοῦς
1457 2818 1548 2869 καὶ
1570 2820 1705 2887 ἀγυ-

141 2909 361 2976 μνάστου
424 2911 551 2963 λαοῦ
603 2913 685 2973 είς
722 2911 1002 2980 πολεμίων
1058 2912 1367 2980 παράταξιν
1422 2914 1701 2983 ἐμϐαλεῖν.

146 2997 275 3052 Ἀλλ’
326 3001 435 3053 οὐκ
465 3002 615 3053 ἔστιν
648 3000 772 3053 οὐτε
802 3001 894 3053 τὸν
930 3001 1003 3071 μὴ
1041 3002 1286 3071 μαθόντα
1318 3004 1539 3069 είδέναι,
1581 3004 1704 3057 οὐτε

136 3090 213 3144 τὸν
238 3093 310 3161 μή
339 3093 671 3164 ἀσκήσαντα
725 3093 822 3146 καὶ
850 3095 1273 3163 γυμνασάμενον
1321 3096 1702 3162 ἀγωνίζεσθαι.

1809 626 1861 672 et
1896 616 2213 673 fortitudine
2242 620 2523 690 animique
2570 620 2944 690 magnitudine
2994 624 3205 692 imperii
3244 623 3380 680 lines

1808 707 2077 781 proferret
2106 710 2430 780 longiusque
2450 713 2661 767 hostem
2688 714 3008 782 propelleret
3038 729 3101 769 ac
3124 714 3385 783 abigeret,

1809 817 1908 856 nec
1932 802 2073 855 hanc
2108 803 2213 858 sibi
2243 814 2449 872 partem
2483 804 2859 875 negligendam
2894 804 3382 874 putavit.Primum

1811 907 1992 948 tamen
2037 895 2305 951 militares
2370 898 2627 952 cohortes
2680 897 2805 951 inde
2859 897 3178 954 imminutas
3234 900 3380 968 quod

1810 997 2084 1041 consuetae
2124 985 2441 1057 largitiones
2468 997 2521 1042 et
2547 989 2817 1058 stipendia
2858 989 3128 1058 regiaeque
3152 1004 3384 1044 annonae

1810 1078 1918 1133 iliis
1952 1081 2248 1134 subtracta:
2279 1092 2482 1142 essent,
2526 1097 2666 1135 novo
2699 1081 2910 1136 delectu
2959 1081 3383 1152 eonscriptoque

1812 1171 1863 1223 in
1897 1186 2014 1224 eam
2042 1187 2154 1226 rem
2189 1174 2358 1227 milite
2387 1172 2635 1242 replevit,
2682 1173 3091 1243 necessariique
3114 1188 3385 1229 commea-

1808 1272 1897 1317 tus
1948 1263 2454 1319 subministratione
2485 1280 2548 1319 ac
2582 1265 2903 1336 elargitione
2947 1265 3249 1321 roboravit.
3274 1263 3384 1318 Ex-

1809 1356 1935 1409 inde
1963 1355 2295 1410 militaribus
2319 1356 2577 1423 operibus
2612 1372 2706 1412 eos
2735 1372 3017 1421 exercens,
3039 1357 3388 1427 assiduisque

1810 1443 2092 1498 laboribus
2143 1442 2448 1512 disciplinae
2476 1453 2784 1499 castrorum
2844 1453 3099 1514 expertos
3152 1461 3221 1513 aq
3273 1460 3387 1515 prae

1810 1536 2064 1590 omnibus
2096 1535 2347 1589 servandi
2386 1535 2596 1589 ordinis
2624 1535 2888 1590 sollicitos
2920 1534 3181 1603 reddens,
3213 1536 3387 1590 tribu-

1810 1628 2003 1695 nisque
2052 1628 2169 1682 suis
2198 1635 2361 1696 atque
2403 1627 2635 1682 ducibus
2684 1629 3020 1697 obsequendi
3069 1629 3178 1682 ritu
3226 1629 3386 1684 ins’ti-

1813 1728 1993 1780 luens,
2033 1734 2137 1770 una
2174 1733 2298 1771 cum
2329 1719 2437 1772 illis
2485 1735 2582 1787 pro
2610 1720 2905 1775 tribulibus
2947 1733 3000 1774 et
3029 1720 3283 1776 affinibus
3310 1729 3389 1775 at-

1812 1827 1919 1881 que
1953 1810 2188 1864 subditis
2221 1810 2485 1863 adversus
2533 1811 2799 1867 barbaros
2825 1812 3227 1880 expeditionem
3260 1827 3385 1865 sus-

1814 1902 1977 1971 cepit.
2009 1900 2242 1957 Noverat
2275 1902 2420 1954 enim
2460 1902 2662 1954 nullam
2696 1912 2890 1963 artem,
2913 1918 2978 1956 ne
3011 1902 3382 1957 mechanicam

1813 1993 2037 2062 quidem
2072 2008 2136 2047 ac
2161 1992 2348 2057 vilem,
2373 1993 2501 2048 sciri
2530 2008 2691 2062 posse
2716 2002 3007 2064 antequam
3033 1994 3384 2060 addiscatur;

1812 2096 1913 2135 nec
1946 2095 2276 2149 quemquam
2333 2096 2455 2135 esse
2495 2082 2587 2150 qui
2639 2081 2761 2136 sine
2806 2083 3068 2152 magistro
3094 2084 3178 2137 vel
3208 2084 3382 2149 ipsam

1814 2173 2083 2226 sutoriam
2117 2171 2341 2239 (nedum
2392 2172 2632 2241 aliquam
2674 2173 3009 2228 nobiliorum
3046 2175 3268 2239 artium,
3321 2190 3385 2227 ac

1814 2281 1936 2335 quie
1966 2265 2180 2335 magnis
2209 2264 2506 2319 sudoribus
2535 2266 2951 2336 comparantur)
2983 2268 3214 2336 adeptus
3248 2267 3386 2324 satis

1814 2356 2087 2410 videatur.
2117 2355 2414 2409 Scientiam
2464 2369 2591 2410 vero
2620 2371 2719 2411 seu
2761 2365 2931 2411 artem
2966 2358 3284 2424 militarem,
3338 2360 3387 2414 si

1813 2450 2024 2518 absque
2062 2448 2351 2518 disciplina
2401 2447 2803 2519 sullicientique
2833 2466 2896 2505 ex
2951 2451 3024 2505 rei
3062 2467 3159 2505 ustt
3192 2452 3384 2520 peritia

1813 2542 1990 2597 cuivis
2015 2540 2221 2594 volenti
2252 2555 2446 2610 parare
2486 2540 2694 2603 liceret,
2726 2541 2869 2596 haud
2900 2556 3033 2595 sane
3059 2543 3260 2595 mentis
3304 2542 3384 2594 in-

1816 2642 1979 2702 tegrae
2015 2632 2267 2697 fuissent,
2304 2634 2395 2688 sed
2430 2633 2779 2697 delirassent,
2802 2632 2895 2701 qui
2927 2633 3081 2700 plura
3113 2632 3255 2686 circa
3284 2632 3388 2685 hoc

1814 2726 1869 2780 in
1898 2724 2307 2779 commentariis
2358 2725 2424 2779 de
2460 2724 2625 2778 rebus
2676 2725 2886 2778 bellicis
2919 2721 3168 2793 diligenti
3222 2738 3387 2792 opera

1814 2818 2183 2883 tradiderunt,
2214 2817 2378 2886 266
2428 2816 2762 2885 maximique
2796 2817 3155 2883 imperatores
3189 2830 3252 2869 ac
3282 2814 3386 2869 du-

1815 2923 1910 2963 ces
1940 2909 2236 2973 exercitus,
2289 2909 2383 2978 qui
2434 2909 2605 2961 multa
2637 2907 2705 2962 de
2739 2908 2927 2962 multis
2968 2917 3168 2975 tropaea
3198 2920 3390 2961 erexe-

1814 3010 1976 3066 runt;
2009 3016 2241 3069 quorum
2276 3015 2439 3053 nemo
2473 3012 2711 3069 unquam
2763 3014 2887 3053 cum
2926 2999 3047 3052 rudi
3086 2998 3259 3051 milite
3291 3014 3391 3052 nec

1816 3094 2023 3146 bellicis
2075 3094 2358 3146 laboribus
2390 3094 2618 3147 subacto
2668 3095 2924 3145 adversas
2956 3092 3099 3145 acies
3133 3089 3385 3144 tentavit.

135 3183 222 3236 Διὰ
252 3184 415 3237 τοῦτο
448 3187 543 3237 καὶ
580 3186 625 3217 ⁸³
650 3189 677 3238 ό
708 3189 955 3253 γενναῖος
1005 3180 1163 3249 οὗτος
1203 3187 1467 3257 πρότερον
1496 3190 1708 3260 γυμνά-

1816 3184 1980 3253 Atqui
2013 3185 2129 3239 lieri
2161 3199 2270 3237 non
2315 3193 2494 3252 potest
2526 3192 2586 3236 ut
2622 3183 2670 3237 is
2712 3183 2907 3235 doctus
2933 3183 3003 3235 sit
3031 3182 3125 3251 qui
3164 3197 3271 3235 non
3305 3182 3391 3234 di-

135 3292 220 3339 σας
247 3280 341 3331 καὶ
397 3280 744 3346 καταρτίσας
792 3279 861 3331 τὰ
908 3280 1167 3347 τάγματα
1205 3280 1275 3332 τὰ
1321 3286 1712 3351 στρατιωτικὰ,

134 3371 213 3419 καὶ
238 3370 282 3400 ⁸⁸
308 3371 413 3440 τὴν
449 3371 835 3423 νεοσύλλεκτον
873 3374 1133 3442 στρατιὰν
1190 3374 1460 3443 ἀναμίξας
1512 3380 1575 3445 τῇ
1612 3396 1714 3430 πι-

133 3463 264 3532 ὶαιᾷ,
296 3467 396 3517 καὶ
432 3468 559 3529 ταῖς
616 3462 987 3535 ἁρμοζούσαις
1032 3470 1321 3539 χορηγίαις
1358 3476 1451 3522 καὶ
1484 3471 1715 3539 δωρεαῖς

132 3554 348 3617 λιτῗὰνας
388 3559 577 3610 αὐτῶν
626 3557 694 3611 τὰ
724 3558 889 3629 νεῦρα
943 3559 1040 3612 καὶ
1080 3561 1325 3623 τονώσας
1382 3561 1480 3624 τὰς
1512 3563 1710 3629 δεξιὰς,

132 3647 257 3699 οὕτω
284 3650 405 3717 μετ’
431 3648 624 3703 αὐτῶν
675 3650 981 3720 προσέδει).ε
1013 3651 1058 3682 ⁸⁸
1082 3655 1193 3714 τοῖς
1246 3654 1458 3721 ἐχθροῖς
1502 3656 1596 3707 καὶ
1632 3656 1699 3709 τά

132 3736 285 3789 πολλὰ
322 3739 576 3807 τρόπαια
608 3738 834 3808 ἔστησεν
865 3739 959 3790 καὶ
1003 3739 1105 3801 τὰς
1134 3740 1334 3807 μυρίας
1376 3741 1529 3803 νίκας
1556 3742 1704 3795 ἁνεί-

131 3827 255 3880 λετο.
285 3831 385 3881 Διὰ
415 3829 670 3897 βραχέων
686 3828 745 3881 δέ
780 3828 1115 3899 διηγήσομαι
1145 3830 1210 3885 ⁸⁸.

1816 3279 2033 3342 dicerit,
2066 3279 2147 3332 vel
2176 3286 2235 3330 ut
2271 3278 2574 3330 certamine
2607 3275 2822 3329 fortiter
2850 3273 3183 3343 defungatur
3205 3274 3295 3341 qui
3334 3288 3392 3327 sc

1814 3372 2042 3424 minime
2081 3370 2391 3423 exercuerit
2428 3383 2490 3421 ac
2520 3367 2877 3437 gymnasticm
2909 3381 3130 3434 operam
3156 3365 3390 3420 dederit.

1813 3462 2024 3516 Idcirco
2052 3461 2136 3513 vir
2167 3463 2257 3513 ille
2289 3474 2588 3528 generosus
2631 3458 2948 3512 exercitatis
2996 3457 3147 3525 prius
3180 3456 3391 3508 instau-

1812 3555 2061 3623 ratisque
2086 3553 2419 3606 militaribus
2441 3551 2751 3613 ordinibus,
2781 3550 3146 3615 admistisque
3183 3546 3391 3617 tyrooi-

1812 3648 1915 3702 bus
1950 3655 2335 3699 veteranorum
2370 3641 2639 3705 numeris,
2688 3655 2753 3694 ac
2799 3639 3251 3692 convenientibus
3286 3638 3391 3689 lar-

1817 3740 2118 3808 gitionibus
2144 3737 2581 3802 muneribusque
2610 3748 2802 3787 eorum
2837 3730 3190 3800 impinguatis
3210 3728 3395 3782 nervis

1812 3835 2133 3901 dextrisque
2164 3830 2460 3893 roboratis,
2488 3828 2568 3881 sic
2604 3842 2730 3881 cum
2765 3824 2873 3879 illis
2906 3824 3173 3877 adversus
3209 3823 3395 3891 hostes

129 3937 450 3994 congressus
501 3926 671 3979 multa
704 3934 906 3995 tropaea
966 3927 1141 3980 erexit
1178 3936 1232 3981 et
1265 3926 1585 3987 innumeras
1617 3935 1877 3990 victorias
1903 3928 2224 4000 reportavit.
2285 3925 2411 3979 Haac
2463 3937 2595 3979 vero
2656 3924 2927 3978 enarrabo
2994 3935 3154 3989 quam
3206 3918 3395 3988 paucis

133 4021 321 4077 licebit.

190 4144 286 4205 λζ’.
332 4145 451 4196 Καὶ
516 4142 853 4195 κατάστασιν
914 4143 1123 4204 πόλεως
1177 4144 1574 4218 ἐνευκαιρήσας
1624 4151 1717 4202 καὶ

130 4235 384 4304 σχολάσας
430 4235 727 4304 πράξεσιν,
754 4233 915 4303 ἔαρος
946 4234 1363 4304 ὐπολὰμποντος
1407 4239 1449 4267 ⁶⁷
1486 4241 1551 4291 τὰ
1576 4241 1715 4294 ὅπλα

129 4328 355 4379 ἀνείλετο
373 4329 439 4357 ⁵⁷⁵
461 4327 557 4378 καὶ
580 4326 718 4394 μετὰ
734 4326 841 4378 τῶν
857 4328 1260 4394 στρατιωτικῶν
1275 4328 1589 4398 καταλόγων
1605 4332 1715 4395 Ξυν-

129 4420 433 4485 satagere.
496 4418 805 4488 ἡγούμενος
825 4421 1022 4488 χρῆναι
1046 4419 1137 4471 τὸν
1159 4419 1231 4481 ὡς
1250 4420 1464 4489 ἀληθῶς
1480 4424 1711 4492 ἄρχοντα

129 4513 206 4563 τοῦ
257 4513 472 4566 οἰκείου
524 4510 968 4580 προκινδυνεύειν
1002 4511 1134 4564 λαοῦ
1170 4513 1262 4563 καὶ
1312 4514 1451 4582 ὑπὲρ
1481 4514 1574 4566 τοῦ
1607 4517 1712 4569 πᾶν

128 4601 281 4664 ἀδεῶς
316 4602 540 4669 διάγειν
573 4600 634 4653 τὸ
658 4601 970 4670 ὑποχείριον
999 4601 1192 4664 πόνους
1215 4604 1308 4654 καὶ
1339 4604 1714 4675 ταλαιπωρίας

1894 4146 1983 4201 57.
2022 4141 2346 4210 Tranquillo
2389 4138 2557 4207 igitur
2611 4134 2764 4188 urbis
2818 4142 3000 4196 statu,
3044 4147 3107 4184 ac
3149 4146 3243 4199 per
3280 4129 3397 4198 ejus

1822 4241 2286 4314 opportunitatem
2338 4246 2534 4289 navata
2583 4232 2748 4286 rebus
2800 4230 3049 4298 diligenti
3102 4241 3267 4296 opera
3318 4226 3421 4277 ini

1820 4346 2139 4402 structoquc
2200 4329 2469 4391 exercitu,
2521 4340 2648 4378 vere
2697 4338 2850 4377 arma
2906 4321 3223 4390 capessivit,
3259 4319 3397 4373 inter

1821 4424 2090 4476 militares
2127 4420 2241 4487 ipse
2276 4416 2503 4471 ordines
2557 4427 2726 4481 agens
2781 4427 2844 4465 ac
2895 4422 3072 4464 castra
3126 4423 3394 4478 sequens;

1821 4531 2019 4585 nempe
2051 4515 2155 4566 hoc
2190 4509 2652 4572 arbitratus,viro
2681 4506 2915 4577 principi
2950 4520 3045 4573 pro
3077 4503 3276 4571 populo
3298 4518 3397 4556 suo

1821 4609 2067 4664 adeunda
2115 4604 2379 4674 pericula,
2428 4611 2482 4656 et
2536 4609 2595 4654 iit
2648 4600 2852 4655 subditi
2886 4613 3079 4651 omnes
3105 4610 3297 4651 secure
3335 4611 3399 4649 ac

129 4694 375 4759 ἑκουσίως
432 4694 607 4748 αὐτὸν
658 4693 1038 4764 ἀναδέχεσθαι.
1089 4696 1197 4747 Καὶ
1237 4696 1364 4747 ἐπεὶ
1399 4697 1540 4749 κατὰ
1589 4698 1709 4762 τοὺς

1819 4702 2005 4771 quiete
2023 4704 2203 4769 agant,
2226 4704 2420 4764 sponte
2450 4691 2830 4761 suscipiendos
2850 4690 3066 4743 labores
3098 4705 3160 4743 ac
3192 4703 3396 4741 azrum-

129 4790 333 4859 κιιροὺς
355 4788 615 4850 ἐκείνους
631 4787 657 4839 ὁ
673 4787 766 4855 τῆς
781 4786 1060 4855 Τεφρικῆς
1078 4785 1159 4858 [Ρ.
1180 4785 1301 4857 1661
1330 4787 1711 4857 ἐξηγούμενος,

128 4879 177 4930 δ’)
198 4882 562 4953 Χρυσόχειρα
589 4878 1000 4948 κατωνόμαζον,
1034 4879 1120 4931 ἐπ’
1145 4878 1340 4949 ἀνδρίᾳ
1364 4880 1458 4931 καὶ
1498 4883 1713 4933 συνέσει

128 4971 387 5042 διαφέρειν
413 4972 602 5026 δοκῶν
631 4972 836 5042 σφόδρα
867 4971 1174 5042 παρελύπει
1214 4972 1312 5042 τὴν
1350 4970 1639 5041 Ῥωμαίων
1668 4972 1711 5003 ⁶⁸

126 5066 297 5135 χώραν
332 5068 432 5121 καὶ
472 5065 613 5127 τοὺς
657 5064 843 5127 λαοὺς,
868 5064 963 5117 καὶ
1012 5064 1240 5127 πολλοὺς
1277 5064 1387 5116 τῶν
1442 5064 1716 5134 ἀγροίκων

128 5157 232 5207 καθ’
264 5157 520 5227 ἑκάστην
555 5154 936 5225 αἰχμαλώτους
982 5154 1306 5225 ποιούμενος
1357 5154 1573 5225 ἐφρόνει
1622 5172 1714 5207 σο-

128 5251 254 5318 61ρᾶ
285 5252 383 5303 καὶ
414 5249 735 5319 ὑπέρογκα,
770 5248 891 5301 κατ’
930 5246 1095 5301 αὐτοῦ
1154 5247 1249 5299 καὶ⁸
1279 5247 1378 5316 τῆς
1433 5247 1526 5301 ὑπ’
1554 5246 1716 5299 αὐτὸν

130 5344 317 5407 πόλεως
350 5341 727 5413 ἐκστρατεύει
749 5341 778 5393 ό
816 5339 1090 5412 βασιλεύς.
1131 5340 1237 5393 Τοῦ
1270 5340 1323 5392 δὲ
1351 5340 1583 5412 σοϐαροῦ
1623 5342 1715 5393 καὶ

130 5433 342 5501 θρασέος
384 5435 613 5489 ἐκείνου
644 5432 778 5504 πρὸς
807 5434 906 5505 τὴν
950 5435 1309 5503 γενναιότητα
1342 5433 1434 5486 τοῦ
1467 5433 1713 5496 ἐπιόντος

133 5528 346 5593 ςτρατεύ
356 5544 545 5597 ματος
579 5526 675 5579 καὶ
708 5526 809 5594 τὴν
832 5526 1047 5581 σύνεσιν
1073 5527 1163 5579 καὶ
1188 5526 1409 5597 ἀνδρίαν
1432 5525 1522 5578 τοῦ
1549 5527 1710 5578 σιύτο⁴

1822 4808 1939 4846 nas.
1989 4790 2233 4857 Cumque
2300 4802 2361 4839 ea
2415 4794 2573 4840 astate
2619 4781 2905 4851 Teplirica:
2975 4780 3255 4849 princeps,
3310 4780 3396 4831 cui

1820 4878 2175 4952 Clirysocliiri
2214 4892 2412 4931 nomen
2458 4883 2596 4940 erat,
2648 4874 2876 4940 reliquis
2902 4872 3103 4925 virtute
3140 4878 3399 4939 praestare

1822 4977 1974 5028 visus
2016 4988 2080 5026 ac
2113 4970 2426 5040 prudentia,
2461 4968 2765 5022 Romanam
2798 4965 3059 5019 ditionem
3094 4978 3156 5017 ac
3179 4973 3393 5032 gentem

1817 5067 1934 5120 dire
1976 5069 2241 5126 vastaret,
2297 5057 2651 5127 quotidieque
2684 5057 2888 5110 multos
2926 5055 3263 5108 rusticorum
3314 5068 3399 5105 ca-

1816 5159 1991 5225 ptivos
2029 5170 2217 5222 agens,
2282 5152 2514 5220 superbe
2555 5150 2840 5216 altumque
2882 5156 3100 5215 saperet
3127 5160 3191 5198 ac
3232 5159 3289 5197 se
3326 5159 3395 5199 re

1817 5250 1978 5316 liquis
2043 5245 2348 5315 praeferret,
2400 5242 2667 5296 adversus
2718 5242 2869 5293 illum
2922 5238 3151 5307 ejusque
3205 5234 3395 5288 urbem

1818 5339 1975 5409 267
2012 5336 2309 5405 imperator
2341 5331 2648 5386 exercitum
2689 5330 2857 5383 ducit.
2883 5326 2958 5382 Eo
2996 5337 3199 5389 autem,
3224 5340 3399 5394 quan-

1822 5432 1962 5486 tavis
2012 5430 2266 5498 superbia
2312 5441 2375 5480 ae
2411 5424 2640 5480 audacia
2671 5423 2844 5477 fretus
2889 5429 3001 5474 erat
3033 5458 3050 5485 ,
3095 5434 3203 5471 non
3261 5432 3397 5470 auso

1820 5525 1997 5592 palam
2040 5520 2343 5574 adet-lentis
2376 5516 2652 5571 exercitus
2691 5528 2987 5584 generosos
3039 5516 3271 5563 conatus
3299 5522 3392 5559 ex-

1402 5661 1636 5717 νΑιιιίΕ
1678 5658 2086 5715 LECTIONES.

728 5784 775 5816 “
806 5785 899 5838 καὶ
932 5795 1056 5839 ante
1087 5784 1187 5854 τὴν
1220 5802 1327 5837 om.
1373 5784 1428 5836 1³.

961 5856 1025 5888 ⁶⁷’
1056 5854 1117 5912 Ρ.
1153 5856 1325 5909 εἵλετο
1362 5854 1396 5901 Ρ

198 5786 237 5816 ⁸³
264 5787 356 5840 καὶ
387 5803 507 5842 om.
550 5783 617 5838 P.

142 5852 394 5915 videntur.
482 5858 538 5929 "_
562 5854 872 5925 λάμποντος
923 5916 927 5926 Α

1549 5786 1592 5815 ⁸⁵
1621 5781 1955 5852 προσέϐαλλε
1984 5782 2045 5836 Α.

1527 5855 1569 5879 “
1605 5847 1975 5926 ῬιιιμτίοιςΑ.
2012 5869 2077 5908 an
2107 5852 2211 5904 ὑπὸ
2248 5847 2589 5909 Ῥωμαίοιςῖ

2161 5786 2203 5809 δ*
2248 5788 2365 5846 post
2403 5776 2737 5845 διηγήσομαι
2770 5771 2933 5827 verba
2968 5770 3171 5840 aliquot
3205 5768 3395 5824 deesse
