4154 6446
742 365 849 427 ‘283

1794 368 2303 429 THEOPHANES
2340 367 2895 429 CONTINUA'I'US.

3892 373 3998 437 ‘28i

745 489 906 557 periri
951 495 1044 536 aut
1093 486 1440 553 prudentiam
1473 486 1751 556 roburque
1801 487 2152 555 imperatoris
2194 498 2312 541 ten-

2426 486 2682 554 κράτορος
2705 486 2961 553 ἐμφανῶς
2999 487 3072 556 μή
3101 486 3473 556 τολμήσαντος
3496 487 3838 557 ἀντιστῆναι,
3876 490 3997 540 ἀλλ’

747 592 880 641 tare,
931 576 1024 631 sed
1070 579 1356 632 secedente
1409 593 1691 649 unumque
1738 578 1843 633 hoc
1884 588 2191 652 satagente,
2256 592 2317 635 ut

746 684 900 721 suam
932 669 1038 722 sibi
1089 680 1334 724 servaret
1388 670 1578 724 urbem
1636 679 1801 737 atque
1852 683 2144 737 assereret,
2208 675 2319 728 ibat

744 761 1044 829 imperator
1075 761 1293 813 nemine
1329 762 1671 830 prohibente,
1693 762 1961 829 diripiens
1988 775 2318 830 vastatisque

744 862 799 905 et
830 852 1154 905 exscindens
1181 852 1589 921 incendensque
1618 870 1787 923 pagos
1806 869 2001 911 omnes
2017 867 2071 911 et
2094 856 2316 925 Oppida,

744 960 863 1014 qua:
888 944 1273 1014 Chrysocliiris
1299 945 1523 999 ditionis
1565 954 1747 1011 erant,
1783 946 2051 1001 immensa
2083 959 2318 1003 onustus

745 1036 925 1103 praeda
1017 1036 1404 1104 ingentemque
1484 1037 1826 1104 captivorum
1907 1040 2316 1095 multitudinem

747 1127 991 1181 trahens.
1030 1127 1134 1181 Sed
1183 1139 1237 1181 et
1286 1128 1457 1195 ipsam
1486 1130 1712 1183 adortus
1748 1131 1935 1184 urbem
1965 1131 2315 1199 Tephricam,

744 1232 977 1286 eamque
1032 1219 1395 1273 tumultuaria
1450 1222 1611 1290 quasi
1669 1237 1871 1290 pugna,
1934 1239 2042 1278 non
2101 1227 2314 1279 diutina

743 1311 1029 1365 obsidione
1075 1321 1311 1366 conatus
1371 1329 1606 1383 capere,
1661 1315 1851 1369 videns
1916 1327 1970 1371 et
2030 1334 2314 1372 murorum

745 1404 1003 1457 ﬁrmitate
1056 1414 1109 1458 et
1141 1406 1502 1459 barbarorum
1541 1406 1889 1461 multitudine
1940 1425 2315 1464 annonarum-

746 1508 852 1561 que
876 1495 1031 1563 copia
1054 1496 1269 1549 abunde
1295 1497 1583 1559 munitam,
1609 1513 1674 1551 ac
1695 1492 1816 1566 quae
1844 1515 1985 1566 aegre
2012 1503 2316 1569 expugnari

748 1596 953 1651 posset.
992 1586 1137 1653 quod
1189 1587 1492 1655 praesertim
1553 1590 1737 1643 onmis
1789 1590 1994 1643 circum
2029 1608 2157 1658 ager
2197 1594 2318 1647 bre-

746 1675 972 1730 vissimo
1024 1686 1267 1746 tempore
1293 1680 1574 1747 copiarum
1609 1681 2009 1737 numerositate
2035 1684 2315 1739 desolatus

745 1775 881 1830 crat,
934 1781 1000 1820 ac
1041 1783 1178 1837 pene
1212 1771 1514 1824 exercitum
1572 1774 1921 1827 necessarius
1970 1783 2316 1831 commeatus

744 1860 1037 1926 defecerat,
1090 1881 1121 1916 ει
1181 1862 1393 1917 diutina
1438 1864 1730 1918 obsidione
1775 1866 2073 1929 abscessit;
2107 1868 2315 1921 circum

746 1966 874 2007 vero
904 1954 1099 2021 positis
1130 1955 1436 2023 praesidiis,
1472 1957 1651 2010 Abara
1712 1968 1765 2011 et
1823 1957 2030 2027 Spatha
2084 1962 2318 2031 aliisque

744 2045 1073 2113 quibusdam
1126 2048 1403 2116 expilatis,
1453 2049 1624 2104 illaesa
1677 2050 1802 2105 inde
1848 2064 2049 2107 cuncto
2100 2055 2319 2109 sublato

743 2137 1010 2200 exercitu,
1062 2153 1185 2192 eum
1233 2140 1443 2205 multis,
1500 2149 1563 2195 ut
1614 2141 1823 2197 dictum
1876 2153 1995 2209 est,
2031 2146 2223 2214 spoliis
2254 2161 2321 2202 ac

742 2227 973 2295 captivis
1002 2244 1253 2287 reversus
1274 2241 1379 2287 est.

814 2318 907 2374 58.
941 2320 1192 2391 Ingentes
1239 2322 1522 2392 Tepln-icaa
1550 2324 1720 2383 laetas
1769 2330 1945 2387 caedes
1966 2332 2073 2387 alia
2108 2334 2320 2390 lsmae—

744 2410 963 2465 litarum
993 2414 1124 2468 urbs
1150 2430 1277 2467 eum
1307 2416 1535 2471 vidisset
1573 2418 1873 2484 (Taracem
1910 2425 2152 2497 vocant),
2186 2430 2321 2482 mis-

740 2499 825 2558 sis
855 2500 1049 2571 legatis
1072 2519 1263 2573 pacem
1298 2507 1611 2575 expostulat
1630 2517 1685 2563 et
1710 2510 1764 2563 in
1792 2513 2068 2567 sociarum
2100 2518 2319 2571 urbium

741 2591 869 2645 albo
896 2593 1096 2647 ascribi
1124 2594 1373 2664 rogatJn
1403 2598 1487 2651 his
1518 2600 1760 2667 optimus
1791 2601 2111 2671 imperator,
2142 2622 2322 2675 quan-

744 2693 856 2737 tum
912 2683 1079 2755 268
1133 2702 1261 2757 erga
1320 2688 1669 2748 adversarios
1724 2691 2070 2752 fortitudinis
2130 2701 2320 2765 robur,

744 2784 948 2831 tantam
984 2793 1113 2848 erga
1139 2780 1418 2849 subjectos
1449 2798 1770 2855 moremque
1812 2798 2065 2857 gerentes
2097 2793 2324 2861 aquita-

743 2876 848 2919 tem
884 2880 950 2921 ac
983 2867 1330 2923 clementiam
1384 2873 1702 2936 ostendens,
1729 2875 1875 2931 vinei
1922 2894 1983 2933 se
2014 2895 2212 2947 passus
2238 2892 2327 2938 est

742 2957 814 3012 ab
844 2961 1180 3025 oratoribus,
1211 2978 1510 3034 pacemque
1543 2968 1862 3035 rogantibus
1888 2971 2134 3026 tribuens
2166 2975 2323 3027 exin-

742 3049 810 3104 de
838 3063 939 3121 pro
961 3050 1210 3107 hostibus
1244 3054 1366 3110 illos
1419 3058 1600 3111 socios
1631 3068 1825 3115 nactus
1872 3070 1974 3117 est.
2009 3061 2148 3118 Hine
2198 3079 2323 3119 cum

2422 576 2832 646 ὑποχωροῦντος
2863 579 2955 630 καὶ
2998 576 3166 648 μόνην
3195 579 3295 649 τήν
3323 580 3532 633 οἰκείαν
3575 581 3729 634 πόλιν
3758 580 3997 648 φυλάξαι

2421 670 2514 723 καὶ
2562 669 2925 738 κρατύνεσθαι
2975 670 3361 736 διεγνωκότος,
3416 672 3575 741 ἐπῄει
3625 673 3768 724 κατὰ
3796 672 4000 741 πολλὴν

2418 761 2512 813 τοῦ
2543 761 2876 824 κωλύσοντος
2912 762 3148 831 ἐρημίαν
3193 761 3511 830 ληϊζόμενος
3540 764 3633 815 καὶ
3660 762 3880 832 πορθῶν
3902 764 4002 815 καὶ

2421 850 2775 919 κατατέμνων
2820 850 2912 903 καὶ
2942 850 3233 919 πυρπολῶν
3263 853 3438 912 πασας
3464 850 3562 911 τὰς
3589 852 3693 903 ὑπὸ
3729 851 3819 901 τὸν
3847 852 4001 919 Χρυ-

2422 941 2643 1009 σόχειρα
2695 938 2879 1011 χώρας
2931 941 3026 993 καὶ
3076 942 3421 1011 κωμοπόλεις
3471 943 3500 993 ὁ
3548 942 3799 1009 βασιλεὺς
3850 942 4003 994 λείαν

2420 1035 2647 1103 ἄπειρον
2682 1035 2777 1086 καὶ
2805 1035 2849 1065 ⁸⁸
2884 1033 3265 1102 αἰχμαλωσίαν
3299 1036 3787 1105 περιϐαλλόμενος,
3825 1036 4005 1105 Προσ-

2419 1126 2599 1178 ϐσλὼν
2664 1127 2720 1177 δὲ
2773 1128 2866 1178 καὶ
2904 1126 3054 1195 αύτῷ
3105 1126 3182 1193 τῷ
3228 1128 3380 1179 ἄστει
3444 1128 3745 1197 Τεφρικῆς,
3802 1128 3896 1178 καὶ
3937 1125 4007 1177 δι’

2418 1216 2835 1285 ἀκροϐολισμῶν
2884 1219 2977 1268 καὶ
3016 1218 3375 1287 προσεδρείας
3410 1218 3531 1287 οὐχὶ
3584 1221 3804 1288 μακρᾶς
3860 1218 4008 1268 ἑλεῖν

2421 1306 2722 1376 πειραθεὶς,
2744 1306 2817 1369 ὡς
2848 1306 2995 1375 ἑώρα
3022 1308 3116 1359 καὶ
3143 1308 3340 1378 τειχῶν
3364 1312 3722 1378 καρτερότητι
3742 1311 3835 1361 καὶ
3864 1309 4009 1374 πλή-

2420 1399 2503 1452 θει
2526 1399 2845 1471 βαρϐαρικῷ
2875 1402 2969 1452 καὶ
2992 1400 3225 1469 ἀφθονία
3254 1402 3451 1471 χρειῶν
3469 1401 3947 1470 κατωχυρωμένον
3965 1403 4009 1430 ⁷⁸

2418 1492 2551 1544 αὐτὸ
2582 1493 2675 1543 καὶ
2712 1492 3042 1557 δυσάλωτον,
3098 1492 3221 1543 ἐπεὶ
3259 1492 3354 1543 καὶ
3392 1493 3463 1544 τά
3490 1492 3646 1553 ἐκτὸς
3689 1493 3908 1544 ᾶπαντα
3939 1492 3991 1543 δι

2418 1584 2701 1652 ἐλαχίστου
2734 1585 2927 1653 χρόνου
2958 1583 3037 1652 τῷ
3067 1584 3266 1653 πλήθει
3304 1583 3405 1652 τῆς
3448 1587 3709 1654 στρατιᾶς
3736 1585 4004 1654 κατηρεί-

2422 1677 2627 1729 πωτο⁷¹
2658 1677 2753 1728 καὶ
2774 1674 2841 1728 τὰ
2869 1675 3142 1742 ἀναγκαῖα
3175 1676 3360 1742 σχεδὸν
3384 1678 3755 1746 κατηνάλωτο,
3786 1677 4006 1743 ἀπέστη

2418 1768 2515 1835 τῆς
2544 1766 2679 1835 πρὸς
2721 1766 2819 1835 τὴν
2851 1765 3171 1835 πολιορκίαν
3222 1767 3440 1835 χρονίου
3489 1767 3784 1834 ἐπιμονῆς·
3841 1764 3912 1817 τὰ
3952 1766 4011 1818 δὲ

2422 1858 2549 1927 περὶ
2576 1857 2746 1927 αὐτὴν
2777 1859 2822 1888 ⁷¹
2854 1858 3090 1926 φρούρια
3111 1859 3212 1926 τὴν
3243 1858 3492 1927 Ἀϐαραν
3520 1858 3617 1910 καὶ
3655 1859 3757 1927 τὴν
3787 1860 4016 1928 Σπάθην

2419 1949 2515 2002 καὶ
2546 1948 2711 2017 ἓτερά
2740 1965 2861 2000 τινα
2885 1946 3255 2017 ἐκπορθήσας,
3281 1949 3375 2000 καὶ
3403 1949 3542 2019 ἄρας
3567 1947 3817 2001 ἐντεῦθεν
3843 1950 4009 2013 ἀσινῆ

2419 2042 2511 2095 τὸν
2568 2040 2697 2110 περὶ
2729 2040 2893 2092 αὐτὸν
2925 2038 3104 2093 πάντα
3151 2040 3406 2109 στρατὸν,
3469 2042 3611 2109 μετά
3662 2041 3893 2110 συχνῶν,
3934 2042 4011 2101 ὡς

2421 2134 2673 2207 εἴρηται,
2740 2133 3000 2204 λαφύρων
3071 2133 3167 2187 καὶ
3232 2133 3585 2203 ἀνδραπόδων
3652 2133 4010 2206 ἑπανεχὼρη-

2424 2244 2515 2280 σεν
2551 2228 2616 2281 ⁷³.

2492 2319 2593 2389 λη’.
2631 2319 2752 2371 Τῶν
2775 2321 2833 2372 ἐν
2858 2323 2925 2391 τῇ
2958 2321 3203 2391 Τεφρικῇ
3232 2322 3414 2375 τοίνυν
3447 2322 3539 2377 τὸν
3565 2322 3733 2375 πολὺν
3772 2320 3936 2390 φόνον
3977 2326 4012 2393 ἡ

2422 2414 2585 2484 ἑτέρα
2610 2413 2719 2467 τῶν
2747 2412 3107 2483 Ἰσμαηλιτῶν
3130 2414 3284 2477 πόλις
3305 2414 3644 2485 θεασαμένη,
3667 2417 3733 2487 ἢν
3756 2417 4016 2485 Τάραντα

2423 2504 2669 2572 λέγουσι,
2694 2502 2953 2573 πρέσϐεις
2982 2503 3253 2573 πέμψασα
3281 2507 3506 2576 είρήνης
3535 2506 3688 2576 ἠξίου
3716 2511 3900 2576 τυχεῖν
3918 2510 4016 2560 καὶ

2422 2601 2543 2659 ταῖς
2597 2594 2937 2665 συμμαχίσιν
2967 2595 3364 2665 ἐγγράφεσθαι.
3420 2597 3477 2650 '0
3505 2598 3561 2650 δὲ
3594 2600 3884 2667 κράτιστος
3912 2599 4014 2667 βα-

2428 2687 2629 2751 σιλεὺς,
2669 2687 2803 2757 ὅσην
2836 2686 2973 2755 πρὸς
3000 2686 3128 2749 τοὺς
3161 2690 3649 2759 ἀντιταττομένους
3690 2688 3912 2759 ἀνδρίαν
3944 2691 4012 2755 ⁷⁸,

2426 2779 2699 2848 τοσαύτην
2731 2778 2866 2847 πρὸς
2894 2778 3022 2841 τοὺς
3059 2779 3533 2850 ὑποταττομένους
3590 2783 3892 2835 ἐπιείκειαν
3924 2786 4016 2835 ἐν-

2425 2871 2795 2941 δεικνύμενος,
2828 2871 3038 2941 ἡττήθη
3070 2888 3129 2923 τε
3149 2872 3247 2941 τῆς
3282 2872 3576 2942 πρεσϐείας
3608 2876 3703 2926 καὶ
3736 2875 3836 2943 τῆς
3860 2877 4015 2945 εἰρή-

2429 2980 2527 3031 νης
2552 2965 2661 3024 τοῖς
2690 2960 2901 3014 αίτοῦσι
2936 2962 3236 3032 μετέδωκε,
3286 2964 3378 3015 καὶ
3436 2965 3762 3034 συμμάχους
3813 2968 3937 3019 ἀντὶ
3971 2970 4016 2998 ⁷³

2431 3054 2707 3124 πολεμίων
2756 3054 2817 3106 τὸ
2842 3054 2948 3107 ἀπὸ
2974 3054 3128 3107 τοῦδε
3160 3054 3450 3124 ἐκέκτητο.
3494 3057 3591 3109 Ἐκ
3623 3056 3814 3108 τούτου
3862 3056 4018 3110 ἄλλοι

744 3138 837 3193 alii
871 3155 979 3195 non
1004 3142 1186 3210 pauci,
1225 3154 1339 3199 tum
1387 3144 1666 3204 Curticius
1699 3150 1991 3219 Armenus,
2040 3153 2317 3210 Loeanam

2426 3163 2481 3199 τε
2513 3147 2612 3199 οὐκ
2630 3146 2801 3214 ὀλίγοι
2849 3147 2944 3197 καὶ
2970 3144 3298 3215 Κουρτίκιός
3325 3161 3409 3207 τις
3466 3146 3769 3216 Ἀρμένιος,
3816 3146 3875 3208 ὃς
3901 3142 4019 3215 εἶχε

745 3240 877 3286 ωηο
940 3235 1193 3302 praesidio
1256 3246 1448 3294 tenens
1491 3239 1865 3313 Romanazque
1910 3246 2141 3302 ditionis
2188 3250 2324 3304 lines

743 3323 968 3380 assidue
1025 3327 1347 3397 molestans,
1382 3332 1452 3387 ad
1504 3348 1631 3388 eum
1683 3334 1964 3405 confugit,
2025 3340 2327 3410 urbemque

744 3427 903 3467 suam
952 3424 1007 3468 et
1051 3432 1204 3471 arma
1258 3427 1314 3473 et
1378 3424 1638 3491 populum
1692 3426 2012 3496 imperatori
2066 3431 2322 3499 subjecit,

747 3503 896 3558 illius
940 3508 1253 3577 aaquitatem
1284 3526 1349 3565 ac
1412 3513 1762 3571 clementiam
1790 3534 1917 3575 cum
1962 3522 2077 3591 pari
2108 3522 2326 3579 fortitu-

742 3594 873 3653 dine
894 3612 960 3653 ac
983 3599 1254 3669 justitiam
1283 3620 1408 3659 cum
1438 3607 1638 3663 virtute
1666 3610 1969 3671 admirans.

815 3778 910 3838 39.
947 3780 1168 3837 Interim
1206 3800 1335 3841 vero
1358 3785 1586 3845 intentis
1625 3790 1680 3845 in
1706 3806 1829 3846 eum
1866 3792 2104 3848 hostium
2131 3797 2326 3852 animis

747 3871 1003 3942 serieque
1037 3875 1461 3943 observantibus
1484 3894 1651 3948 quam
1680 3882 1732 3935 in
1771 3892 1979 3952 partem
2026 3886 2114 3939 ille
2152 3887 2326 3956 impe-

747 3972 861 4014 tqu
899 3972 1153 4029 verteret,
1183 3976 1243 4020 ut
1291 3968 1561 4024 laboranti
1596 3988 1755 4040 opem
1817 3975 1919 4044 ipsi
1982 3975 2211 4045 ferrent,
2249 3981 2327 4033 le-

745 4059 889 4106 ctam
928 4054 1254 4110 bellatorum
1314 4075 1537 4114 manum
1589 4063 1851 4120 adversus
1871 4065 2158 4136 Zapetram
2196 4072 2212 4141 (
2248 4072 2329 4126 sic

744 4145 948 4199 dictam
1012 4149 1202 4203 urbem
1230 4150 1247 4222 )
1278 4153 1428 4207 misit
1461 4173 1474 4219 ;
1511 4159 1896 4227 superatisque
1940 4163 2199 4218 velociter
2228 4166 2327 4219 vim

746 4239 1015 4308 angustiis
1037 4241 1213 4310 ipsam
1247 4246 1436 4301 urbem
1458 4250 1783 4326 adoriuntur
1807 4256 2094 4326 primoque
2121 4257 2325 4326 impetu

746 4332 997 4399 capiunt,
1049 4348 1114 4388 ac
1151 4334 1208 4389 in
1265 4351 1331 4392 ea
1372 4324 1578 4395 multos
1648 4345 1941 4409 truci-lant,
2009 4324 2329 4418 ingentique

746 4422 931 4488 prada
997 4438 1061 4479 ac
1113 4427 1303 4495 spoliis
1336 4432 1520 4498 potiti,
1563 4435 1658 4503 qui
1707 4437 1918 4504 pridem
1986 4439 2038 4492 in
2072 4457 2132 4493 ea
2163 4442 2324 4495 \iucti

748 4513 1178 4579 tenebantur,ex
1196 4535 1416 4575 carcere
1472 4524 1721 4579 liberant.
1753 4526 1890 4580 Tum
1923 4530 2129 4586 vicinas
2157 4542 2329 4586 terras

747 4604 1072 4675 incendunt,
1104 4608 1451 4667 Samosatam
1477 4616 1766 4687 diripiunt,
1795 4620 2097 4689 eodemque
2124 4622 2326 4691 impetu

748 4705 1007 4763 superato
1059 4697 1362 4769 Euphrate,
1391 4719 1514 4758 eum
1551 4708 1731 4762 nullus
1771 4725 2001 4778 usquam
2041 4713 2330 4768 obsisteret

745 4781 935 4857 (quod
994 4789 1255 4844 nimirum
1301 4793 1447 4848 haud
1502 4798 1693 4863 procul
1733 4799 1800 4851 ab
1850 4800 2182 4869 imperatore
2243 4790 2333 4857 ho-

746 4877 917 4935 Itium
968 4890 1147 4936 castra
1194 4884 1366 4939 locata
1415 4890 1669 4961 essent),
1708 4893 1894 4946 multis
1950 4895 2182 4963 captivis
2264 4912 2329 4950 ac

752 4969 955 5039 ingenti
1014 4975 1190 5041 praeda
1256 4976 1415 5030 dilati
1482 4979 1548 5033 ad
1632 4982 2018 5051 imperatorem
2120 4988 2328 5040 reversi

752 5069 899 5124 sunt,
934 5062 1112 5117 adhuc
1144 5080 1313 5135 pr0pe
1340 5066 1690 5124 Zaruuclium
1724 5071 1975 5139 ﬂuvium,
2016 5076 2107 5130 ubi
2158 5076 2327 5130 Cara-

754 5154 969 5208 misium
1004 5166 1106 5220 est,
1167 5172 1495 5225 morantem,
1551 5165 1757 5220 desidis
1792 5169 2014 5236 quidem
2065 5171 2325 5232 similem,

664 5233 667 5238 ’
752 5242 850 5296 sed
880 5247 971 5314 qui
997 5262 1208 5302 summa
1238 5251 1505 5308 industria
1527 5271 1590 5310 ac
1616 5233 1835 5313 solertia
1863 5276 1957 5330 per
1982 5262 2228 5319 subditos
2253 5273 2332 5317 la-

756 5334 823 5387 lia
859 5337 1190 5409 designaret.

824 5428 988 5501 269
1025 5436 1112 5491 40.
1162 5437 1299 5494 Hinc
1327 5441 1613 5498 discedens
1681 5462 1803 5499 cum
1871 5448 2127 5502 universo
2169 5466 2322 5504 exer-

2429 3238 2550 3290 τότε
2598 3236 2697 3308 τὴν
2751 3237 3000 3289 Λόκαναν
3030 3237 3125 3289 καὶ
3172 3236 3411 3305 συνεχῶς
3462 3238 3561 3299 τὰς
3618 3238 3877 3306 ἐσχατιὰς
3916 3238 4018 3305 τῆς

2440 3326 2757 3396 Ῥωμαῖκῆς
2788 3327 2964 3396 ἀρχῆς
3002 3327 3351 3396 ἐλυμαίνετο,
3402 3328 3714 3396 προσέφυγε
3755 3328 3892 3397 πρὸς
3922 3329 4021 3380 αὐ.

2428 3418 2519 3471 τὸν
2539 3459 2553 3482 ,
2581 3420 2678 3471 καὶ
2706 3419 2805 3487 τὴν
2854 3418 3010 3471 πόλιν
3042 3417 3206 3471 αὑτοῦ
3240 3418 3334 3471 καὶ
3364 3418 3433 3470 τά
3458 3418 3598 3471 ὅπλα
3632 3420 3723 3470 καὶ
3758 3419 3849 3470 τὸν
3888 3419 4021 3471 λαὸν

2428 3510 2506 3580 τῷ
2565 3511 2929 3580 αὐτοκράτορι
2984 3508 3368 3575 καθυπέταξε,
3417 3508 3703 3577 θαυμάσας
3745 3508 3910 3561 αὑτοῦ
3958 3510 4022 3561 τὸ

2433 3603 2570 3673 μετά
2597 3602 2693 3654 τοῦ
2723 3602 2968 3673 ἀνδρείου
3018 3600 3263 3663 ἐπιεικὲς
3294 3599 3388 3653 καὶ
3429 3599 3569 3671 μετά
3597 3602 3696 3669 τῆς
3728 3600 4021 3670 δυνάμεως

2429 3693 2659 3746 δίκαιον.

2500 3782 2598 3837 λο’.
2634 3784 2781 3846 Ἕως
2801 3784 2846 3813 ⁷⁸
2874 3784 2930 3835 δὲ
2952 3783 3090 3852 πρὸς
3118 3782 3280 3835 αὐτὸν
3313 3781 3458 3852 εἶχον
3492 3783 3585 3835 τὸν
3621 3782 3742 3836 νοῦν
3772 3785 3820 3835 oi
3856 3784 4023 3835 πολέ-

2433 3894 2566 3947 μιοι,
2592 3878 2684 3929 καὶ
2714 3876 3112 3945 περιεσκόπουν
3146 3876 3283 3945 πρὸς
3311 3875 3340 3927 ὃ
3366 3875 3530 3945 μέρος
3570 3874 3745 3945 ῥέψει,
3766 3875 3852 3927 ἵνα
3882 3875 4025 3944 πρὸς

2429 3969 2489 4020 τὸ
2518 3970 2713 4020 πονοῦν
2769 3968 2863 4020 καὶ
2892 3968 3046 4020 αὐτοὶ
3076 3967 3476 4030 συνασπίσωσι,
3509 3966 3591 4038 [ιι.
3619 3964 3746 4037 167]
3780 3966 4019 4037 κοῦρσον

2431 4063 2571 4114 κατὰ
2600 4062 2696 4129 τῆς
2726 4059 3025 4130 λεγομένης
3057 4060 3343 4129 Ζαπέτρας
3374 4058 3696 4111 ἀπέστειλεν
3718 4057 4025 4110 ἐπιλέκτων

2432 4151 2796 4221 πολεμιστῶν,
2821 4151 2868 4203 οἳ
2900 4149 3101 4220 σπουδῇ
3138 4149 3205 4202 τὰ
3242 4150 3405 4203 στενά
3445 4150 3544 4218 τῆς
3571 4149 3691 4201 ὀδοῦ
3715 4150 4025 4210 διελθόντες

2431 4246 2569 4313 αὐτῇ
2600 4249 2666 4316 τῇ
2692 4243 2843 4298 πόλει
2877 4242 3302 4313 προσπίπτουσι,
3353 4243 3448 4294 καὶ
3498 4243 3703 4312 ταύτην
3734 4242 3791 4308 ἐξ
3825 4242 4022 4309 ὲφὲδου

2431 4342 2791 4411 λαμϐάνουσι,
2850 4336 2946 4389 καὶ
2976 4335 3204 4398 πολλοὺς
3244 4339 3300 4388 ὲν
3327 4337 3465 4405 αὐτῇ
3522 4337 4021 4403 κατασφάττωσιν,

2434 4431 2808 4503 αἰχμαλωσίαν
2836 4446 2894 4482 τε
2928 4429 3129 4498 πολλὴν
3178 4428 3274 4481 καὶ
3322 4428 3474 4480 λείαν
3507 4427 3870 4497 λαμϐάνουσι,
3924 4432 4025 4480 καὶ

2431 4527 2685 4596 δεσμίους
2724 4524 2974 4596 χρονίους
3004 4521 3259 4589 ἐξάγουσι
3303 4522 3404 4587 τῆς
3441 4522 3706 4590 φρουρᾶς.
3751 4516 3885 4572 Εἶτα
3921 4521 4025 4582 τὰς

2434 4621 2633 4691 ἐφεξῆς
2692 4618 3146 4688 πυρπολήσαντες
3198 4615 3383 4685 χώρας
3441 4615 3536 4667 καὶ⁸
3590 4614 3653 4665 τὸ
3700 4614 4025 4681 Σαμόσατον

2433 4714 2893 4783 ἐκπορθήσαντες,
2914 4713 3005 4762 καὶ
3029 4713 3094 4779 τῇ
3122 4710 3259 4777 αὐτῇ
3287 4709 3437 4777 ῥύμῃ
3485 4707 3574 4758 τὸν
3598 4706 3888 4775 Εὐφράτην
3927 4722 4027 4757 πε-

2435 4807 2694 4876 ράσαντες
2734 4803 2874 4855 κατὰ
2903 4801 3103 4869 πολλὴν
3140 4800 3376 4868 ἐρημίαν
3407 4798 3516 4850 τῶν
3546 4797 3900 4850 κωλυσόντων
3934 4798 4028 4849 διὰ

2431 4899 2493 4953 τὸ
2523 4894 3127 4967 παραστρατοπεδεύειν
3173 4894 3299 4953 τοὺς
3332 4891 3627 4961 πολεμίους
3654 4890 3734 4958 τῷ
3785 4889 4025 4958 βασιλεῖ,

2436 4990 2529 5043 καὶ
2561 4988 2765 5055 πολλὴν
2787 4986 3044 5047 λαϐόντες
3072 4982 3456 5053 αἰχμαλωσίαν
3490 4981 3585 5034 καὶ
3616 4982 3858 5049 λάφυρα,
3914 4981 4026 5031 ὐπ-

2434 5078 2705 5148 ἐστρεψαν
2733 5078 2869 5146 πρὸς
2912 5076 3004 5127 τὸν
3062 5075 3445 5142 αὐτοκράτορα
3473 5072 3551 5123 ἔτι
3584 5072 3721 5139 πρὸς
3764 5070 3840 5139 τῷ
3872 5071 4021 5140 Ζαρ-

2438 5174 2568 5243 νοὺχ
2616 5168 2867 5240 ποταμῷ,
2922 5168 3052 5223 ἔνθα
3094 5168 3155 5219 τὸ
3189 5167 3533 5237 Κεραμίσιόν
3562 5167 3606 5197 ⁷⁷
3631 5167 3771 5228 ἐστι,
3809 5165 4028 5235 διατρί-

2441 5267 2602 5319 ϐοντα
2637 5265 2731 5317 καὶ
2757 5262 2951 5332 ἀργεῖν
2982 5262 3082 5332 μὲν
3102 5260 3386 5323 δοκοῦντα,
3425 5261 3492 5312 τὰ
3521 5261 3576 5312 δὲ
3608 5258 3835 5312 τοιαῦτα
3887 5276 4031 5311 παν-

2441 5362 2616 5429 σὸφως
2638 5358 2727 5411 διὰ
2754 5356 2864 5409 τῶν
2894 5356 2999 5408 ὑπὸ
3031 5358 3185 5425 χεῖρα
3213 5353 3753 5424 καταπραττόμενον.

2506 5460 2578 5525 μ’.
2630 5450 2909 5504 Ἐντεῦθεν
2936 5449 3075 5521 ἄρας
3120 5452 3148 5501 ὁ
3179 5446 3430 5506 Βασιλεὺς
3464 5446 3600 5514 μετά
3636 5445 3838 5506 παντὸς
3871 5460 4035 5513 στρα-

2055 5630 2287 5685 νΑιὶῐΛσΖ
2336 5631 2724 5688 ιλΕϋἸΊΟΝΙέὃ

919 5736 1031 5806 aut]
1073 5738 1129 5791 δὲ
1163 5741 1254 5792 καί
1282 5741 1337 5795 ιι.

919 5744 1031 5806 καις
1073 5744 1129 5791 δὲ
1163 5744 1254 5792 καί
1282 5744 1337 5795 ι’.
1418 5744 1461 5772 ⁷⁶
1492 5747 1859 5815 κατοχνρούμ.
1893 5748 2246 5803 B.trlict'itttts.

754 5802 873 5857 bCli
917 5822 977 5857 US
1101 5809 1148 5840 7"
1184 5812 1401 5857 i‘laﬂ'fl‘)
1427 5817 1963 5857 -δλττητοιττηιιῖκπιϊ
1996 5838 2082 5857 nln
2150 5824 2173 5857 Α

794 5820 873 5857 CH
917 5822 977 5862 US

1101 5809 1148 5840 7"
1183 5812 1401 5883 ivépizv
1427 5809 1963 5888 -οζδποτάττοςίίνονς
1996 5838 2103 5876 om.
2138 5824 2201 5875 Λ.

2330 5752 2368 5779 ⁵¹
2406 5750 2774 5816 κατηρείπετο
2803 5747 2861 5798 ιι.

2288 5824 2325 5851 ⁵⁵
2371 5820 2512 5891 ἀντὶ]
2540 5822 2602 5871 ἐκ
2633 5820 2689 5874 l‘.

2941 5749 2981 5776 ⁷²
3004 5747 3173 5812 αὐτῆς
3210 5746 3274 5798 Λ.
3348 5746 3392 5775 τδ
3434 5741 3864 5812 ύπανεχῴρησεν
3897 5738 4029 5797 Bar-

2769 5819 2813 5850 ⁷⁶
2847 5816 2976 5883 ἕως]
3003 5818 3077 5881 ὡς
3110 5810 3171 5871 Ρ.
3249 5817 3291 5847 ⁷⁷
3324 5812 3642 5885 Καραμίσιν
3673 5810 3736 5865 Ρ.
