4154 6446
139 460 227 523 285
1211 468 1357 526 LIB.
1392 468 1457 529 V.
1499 489 1569 501 -
1600 466 1960 527 BASILIUS
1986 469 2311 531 MACEDO.

3287 474 3395 539 286

138 579 217 633 τοῦ
235 579 335 649 τὴν
370 579 448 643 ὡς
478 580 571 633 ἐπὶ
608 579 915 653 Μελιτηνὴν
948 584 990 615 ⁷⁸
1025 584 1345 653 ἀπάγουσαν
1376 586 1514 656 διῄει
1561 587 1697 639 ὁδόν.

1808 586 1944 651 citu,
1977 588 2122 658 quod
2166 589 2235 643 ad
2281 589 2586 644 Melitenem
2646 591 2818 656 ducit,
2883 591 2983 646 iter
3054 593 3382 664 ingreditur.

140 672 264 741 Πρὸς
295 671 354 724 δὲ
408 674 527 735 ταῖς
558 673 746 743 δχθαις
796 676 887 728 τοῦ
940 677 1226 747 Εὐφράτου
1270 680 1583 746 γενόμενος,
1632 678 1708 741 ὡς

142 759 262 817 εἶδεν
294 765 462 818 αὐτὸν
501 764 622 837 ὥρᾳ
650 765 839 836 θέρους
874 768 1313 839 πλημμυροῦντα
1360 772 1451 823 καὶ
1482 771 1707 838 πελαγί-

141 857 307 919 ζοντα,
348 857 409 909 τὸ
433 857 488 909 δὲ
512 858 928 930 προσκαθῆσθαι
957 864 1023 931 τῇ
1057 862 1303 915 διαϐἀσει
1326 863 1421 916 καὶ
1454 865 1708 917 ταπεινὸν

140 950 453 1019 προσμένειν
506 952 760 1018 γενέσθαι
795 952 889 1006 τὸν
938 956 1187 1024 ποταμὸν
1215 956 1441 1023 ἀγεννὲς
1486 958 1707 1028 ἐνόμισε

140 1043 217 1094 καὶ
244 1042 468 1107 ἀνάξιον
497 1047 596 1113 τῆς
632 1044 763 1114 περὶ
796 1045 959 1098 αὐτὸν
987 1047 1289 1117 δυνάμεως,
1341 1048 1557 1120 γεφύρᾳ
1585 1050 1709 1102 τοῦ-

138 1151 211 1185 τον
231 1134 373 1201 εγνω
400 1136 697 1199 διαλαϐεῖν,
732 1139 827 1191 καὶ
854 1140 1033 1192 πάντα
1063 1142 1199 1211 πρὸς
1221 1141 1281 1192 τὸ
1306 1142 1466 1209 ἔργον
1500 1142 1704 1211 σπουδῇ

138 1226 504 1295 ηὐτρεπίζετο.
559 1230 744 1283 Θέλων
788 1230 845 1283 δὲ
883 1231 975 1283 τὸν
1032 1233 1202 1286 κόπον
1258 1233 1705 1303 παραμυθεῖσθαι

137 1322 227 1374 τῶν
267 1323 488 1376 οἰκείων
540 1324 891 1395 στρατιωτῶν
938 1328 1033 1380 καὶ
1081 1328 1209 1389 τοὺς
1259 1327 1459 1388 πόνους
1507 1326 1704 1398 ῥᾳδίως

137 1410 413 1479 ὑποφέρειν
438 1414 778 1483 πεῖσαι,ἇμα
801 1416 858 1469 δὲ
888 1416 981 1468 καὶ
1004 1416 1195 1469 ἑαυτὸν
1218 1418 1276 1468 ἐν
1294 1418 1411 1480 τοῖς
1440 1417 1705 1480 ἑκουσίοις

136 1504 450 1575 ἀποτρύχειν
483 1506 685 1569 πόνοις,
745 1508 830 1560 ῖνα
872 1509 921 1559 εί
982 1507 1076 1560 καὶ
1132 1506 1386 1570 ἀκούσιος
1437 1507 1703 1569 πολλάκις

138 1597 323 1665 συμϐῇ,
387 1597 464 1666 μὴ
499 1596 770 1669 ξενοπαθῇ
830 1599 968 1668 μηδὲ
1004 1598 1181 1669 ἀήθης
1216 1599 1545 1667 εὑρίσκοιτο,
1579 1615 1703 1652 συν-

135 1690 389 1758 εφήπτετο
420 1688 515 1741 τοῦ
546 1689 711 1759 ἔργου
738 1693 851 1753 τοῖς
875 1692 1237 1760 στρατιώταις
1263 1693 1355 1745 καὶ
1391 1691 1536 1760 μάλα
1570 1710 1702 1761 προ-

135 1782 323 1849 θύμως,
378 1783 474 1837 καὶ
522 1783 593 1836 τὰ
638 1782 860 1854 μείζονα
907 1785 1048 1856 βάρη
1084 1789 1195 1847 τοῖς
1250 1786 1474 1850 οἰκείοις
1528 1790 1700 1856 αἴρων

132 1872 281 1943 ὤμοις
309 1876 451 1945 πρὸς
508 1877 607 1944 τὴν
648 1876 898 1947 γέφυραν
946 1876 1279 1946 διεκόμιζεν.
1322 1874 1475 1931 Εἵδεν
1518 1880 1582 1932 ἀν
1613 1896 1698 1940 τις

132 1964 236 2016 τότε
264 1964 582 2035 ἰσομέγεθες
613 1965 779 2036 βάρος
809 1957 983 2037 οὗπερ
1013 1966 1041 2017 ὁ
1068 1965 1321 2035 βασιλεὺς
1346 1968 1544 2039 ῥᾳδίως
1579 1968 1697 2021 ἐϐά-

133 2056 294 2122 σταζε,
327 2060 485 2129 τρεῖς
513 2058 623 2111 τῶν
654 2058 1011 2130 στρατιωτῶν
1060 2060 1197 2130 ὁμοῦ
1253 2060 1411 2131 μόλις
1442 2062 1695 2131 διακομί-

132 2148 321 2213 ζοντας.
352 2146 518 2203 Οὕτω
545 2148 602 2202 δὲ
631 2151 723 2202 τδν
754 2149 1051 2220 Εὐφράτην
1091 2150 1416 2220 περαιωθεὶς
1440 2152 1500 2205 τὸ
1530 2151 1699 2221 φρού-

135 2258 232 2307 ριον
260 2241 425 2305 εὐθὺς
468 2242 496 2294 ὅ
537 2241 833 2310 Ῥαψάκιον
862 2242 1079 2311 λέγεται
1136 2241 1522 2314 ἐξεπόρθησεν.
1570 2246 1699 2317 Ἰδίᾳ

132 2334 177 2386 δὲ
197 2334 313 2396 τοὺς
338 2334 587 2396 Χάλδους
620 2334 718 2385 καὶ
754 2334 1103 2398 Κολωιάτας
1142 2335 1243 2406 τὴν
1274 2336 1476 2405 μεταξὺ
1516 2336 1698 2407 χώραν

130 2424 397 2494 Εὐφράτου
437 2424 533 2477 καί
574 2424 819 2493 Ἀρσίνου
849 2424 1115 2488 κελεύσας
1138 2426 1531 2498 καταδραμεῖν,
1551 2426 1700 2492 λείας

130 2515 312 2587 πολλῆς
341 2516 441 2569 καὶ
462 2516 813 2586 ἀνδραπόδων
845 2516 913 2568 δι’
943 2516 1124 2569 αὐτῶν
1155 2517 1479 2588 ἐκυρίευσεν
1507 2519 1600 2573 καὶ
1630 2517 1697 2571 τά

128 2610 341 2677 φρούρια
361 2608 429 2661 τό
448 2625 511 2661 τε
535 2606 863 2678 Κουρτικίου
899 2609 994 2661 καὶ
1016 2608 1077 2661 τὸ
1102 2608 1286 2679 Χαχὸν
1321 2610 1415 2663 καὶ
1442 2610 1502 2662 τὸ
1518 2611 1697 2682 ’Δμερ

128 2700 207 2753 καὶ
235 2701 293 2753 τὺ
314 2699 588 2771 Μουρινὶξ
615 2699 954 2770 καλούμενον
983 2700 1079 2753 καὶ
1126 2700 1187 2752 τὸ
1224 2700 1458 2755 ΙἈϐδελα.
1488 2702 1532 2733 ⁷⁸
1611 2703 1699 2768 ἐξ-

127 2795 439 2865 επόρθησεν.
472 2794 646 2857 Δύτδς
672 2794 730 2847 δὲ
766 2797 829 2866 τῇ
852 2794 1128 2865 Μελιτηνῇ
1163 2793 1517 2865 προσϐαλὼν,
1538 2796 1698 2848 εὐαν-

124 2884 305 2956 ὀρούσῃ
337 2886 468 2939 τότε
524 2885 621 2938 καὶ
654 2885 863 2955 πλῆθος
916 2885 1118 2958 ἐχούσῃ
1153 2886 1448 2957 βαρϐάρων
1480 2887 1695 2957 συχνὸν,

124 2977 164 3029 οἳ
194 2978 294 3047 πρὸ
323 2978 433 3048 τῆς
479 2976 688 3041 πόλεως
730 2977 866 3047 μετά
906 2978 1258 3049 βαρϐαρικῶν
1290 2978 1621 3049 ἀλαλαγμῶν
1650 2980 1696 3012 ⁸⁸

123 3070 204 3122 καὶ
233 3071 620 3141 φρυαγμάτων
650 3072 910 3141 ἀπήντων
934 3072 1106 3141 αὐτῷ,
1130 3072 1230 3142 τὴν
1262 3072 1470 3125 οἰκείαν
1497 3072 1697 3143 ἀρετὴν

122 3162 451 3226 ἐπεδείξατο,
485 3162 564 3225 ὼς
627 3162 705 3233 μὴ
735 3162 897 3232 μόνον
936 3165 1063 3226 τοὺς
1096 3164 1188 3217 ὐπ’
1217 3164 1401 3230 αὐτὸν,
1435 3163 1574 3216 ἀλλά
1603 3164 1698 3217 καὶ

1819 678 1922 735 Ubi
1954 691 2133 736 autem
2170 681 2239 737 ad
2280 680 2573 750 Euphratis
2604 681 2747 750 ripas
2782 684 2948 748 venit,
2998 692 3395 741 tumescentem

1814 772 2006 827 aestivo
2033 783 2275 839 tempore
2301 772 2514 841 lateque
2532 772 2898 826 exundantem
2931 772 3155 828 ﬂuvium
3182 775 3390 842 videns,

1812 864 2209 934 degenerisque
2253 863 2426 918 animi
2478 880 2578 919 nec
2631 864 2740 918 illis
2768 878 2904 933 quas
2934 864 3170 921 ducebat
3220 859 3395 935 c0piis

1812 958 2039 1028 dignum
2062 968 2214 1011 ratus
2238 955 2488 1027 trajectui
2514 956 2780 1022 assidere,
2800 972 2863 1010 ac
2892 956 3063 1012 donec
3084 958 3394 1013 detumuis-

1812 1062 1933 1105 seut
1960 1065 2114 1119 aqua:
2141 1049 2433 1103 humiliore
2482 1049 2635 1103 alveo
2694 1057 3033 1119 exspectare,
3062 1058 3224 1118 ponte
3264 1050 3395 1120 jun-

1810 1143 2046 1213 gendum
2092 1140 2424 1207 constituit;
2459 1152 2765 1209 cunctaque
2816 1141 2882 1195 ad
2941 1156 3080 1209 opus
3113 1141 3384 1197 velociter

1811 1236 2079 1291 instructa
2112 1241 2259 1286 sunt.
2310 1232 2548 1301 Cupiens
2594 1247 2725 1286 vero
2756 1233 2989 1286 militum
3032 1233 3274 1287 laborem
3308 1234 3392 1288 le-

1809 1327 1929 1381 nire
1967 1336 2020 1378 et
2057 1325 2122 1377 ad
2155 1325 2274 1393 ejus
2305 1324 2587 1379 molestias
2618 1322 2778 1378 facile
2820 1323 3072 1379 ferendas
3102 1324 3388 1390 inducere,

1807 1432 1974 1486 seque
2002 1418 2181 1485 ipsum
2218 1414 2425 1484 pariter
2464 1414 2787 1483 spontaneis
2845 1412 3263 1483 fatigationibus
3306 1415 3391 1468 di—

1806 1524 2021 1572 vexare,
2056 1522 2122 1562 ne
2151 1509 2195 1562 si
2238 1505 2482 1575 quando,
2538 1514 2596 1559 ut
2626 1505 2948 1575 plerumque
3001 1506 3161 1569 solet,
3207 1508 3391 1561 incOn-

1804 1602 1948 1656 sulto
1982 1599 2190 1669 aliquid
2220 1598 2533 1663 accidisset,
2553 1597 2791 1651 novitate
2812 1613 2974 1652 casus
3007 1606 3392 1652 consternarc-

1805 1701 1893 1745 tur
1919 1698 2015 1743 aut
2042 1689 2202 1742 malis
2230 1689 2473 1742 insuetus
2504 1687 2862 1754 inveniretur,
2886 1688 3089 1742 sociam
3127 1687 3391 1743 militibus

1802 1792 2047 1847 Operam,
2078 1783 2131 1828 et
2161 1775 2380 1843 quidem
2430 1782 2651 1828 strenue
2694 1773 2988 1828 admodum
3022 1790 3085 1830 ac
3109 1773 3386 1841 alacriter,

1801 1867 2129 1937 adjungebat
2154 1907 2167 1931 ,
2196 1866 2517 1935 major-aque
2547 1879 2712 1919 onera
2758 1867 2874 1920 suis
2902 1865 3020 1935 ipse
3040 1866 3289 1921 humeris
3319 1866 3389 1921 ad

1802 1970 2020 2033 pontem
2042 1958 2646 2030 apportalmtﬂidisses
2677 1970 2807 2015 tunc
2827 1960 3217 2030 ejusponderis
3247 1976 3389 2015 onus

1804 2055 2185 2123 imperatorem
2217 2052 2376 2107 facile
2412 2050 2573 2117 ferre,
2617 2052 2706 2107 eui
2737 2054 2828 2107 vix
2855 2062 2965 2109 tres
2991 2054 3153 2108 simul
3184 2054 3388 2109 milites

1803 2162 1961 2217 pares
1988 2155 2192 2203 essent.
2223 2144 2280 2199 ln
2318 2146 2463 2200 hunc
2497 2147 2723 2200 modum
2748 2147 3078 2202 transmisso
3110 2146 3389 2217 Euphrate

1802 2243 1987 2297 statim
2028 2240 2345 2310 praesidium
2400 2238 2775 2308 Rhapsacium
2794 2250 3093 2309 expugnat.
3123 2238 3386 2294 Seursum

1804 2350 1939 2387 vero
1981 2332 2220 2388 Chaldos
2270 2343 2324 2387 et
2379 2332 2699 2387 Coloniatas
2744 2332 3021 2403 regionem
3055 2348 3178 2402 quae
3244 2332 3388 2386 inter

1803 2426 2139 2497 Euphratem
2166 2435 2220 2481 et
2240 2426 2505 2480 Arsinum
2534 2424 3045 2493 eﬂundituriubens
3068 2439 3385 2490 excurrere,

1802 2519 2009 2589 ingenti
2051 2519 2235 2588 prada
2277 2516 2574 2585 multisque
2620 2515 2852 2587 captivis
2897 2516 3100 2586 potitus
3132 2527 3214 2571 est
3249 2534 3263 2581 ;
3294 2530 3387 2571 ca-

1802 2611 2089 2681 stellaque,
2109 2611 2253 2679 quod
2275 2608 2502 2665 Curticii
2521 2619 2720 2663 vocant
2750 2619 2802 2663 et
2831 2608 3090 2664 Chachon
3134 2616 3187 2663 et
3214 2608 3385 2663 Amer

1801 2713 1855 2759 et
1887 2704 2216 2759 Murinixum
2279 2713 2335 2759 et
2376 2703 2616 2764 Abdela,
2668 2702 2815 2771 cepit
2866 2717 2930 2756 ac
2983 2701 3230 2771 diripuit.
3264 2700 3385 2771 Ipse

1801 2797 2104 2852 Melitenem
2145 2797 2461 2865 irrumpens
2492 2837 2505 2861 ,
2537 2796 2726 2850 urbem
2772 2811 2836 2850 eo
2888 2805 3133 2865 tempore
3171 2795 3379 2866 ingenti

1802 2890 2003 2944 civium
2051 2889 2401 2944 multitudine
2444 2888 2640 2943 fretam
2675 2888 2993 2958 alfatimque
3024 2876 3417 2944 barbarorum'
3452 2876 3457 2879 Α

1801 2982 1977 3050 copiis
2005 2982 2296 3045 munitam,
2347 2981 2632 3050 quibusin
2687 2997 2981 3036 occursum
3020 2996 3142 3034 cum
3190 2979 3388 3034 barba-

1801 3076 1918 3130 rico
1947 3076 2187 3130 clamore
2216 3091 2281 3130 ac
2311 3076 2543 3145 strepitu
2577 3076 2741 3144 27o
2761 3074 2951 3129 elfusis
2987 3074 3103 3144 ipse
3131 3088 3247 3128 sure
3279 3072 3389 3125 vir-

1803 3170 1935 3225 tutis
1959 3171 2237 3240 egregium
2283 3168 2765 3240 specimen'dedit,
2810 3178 2869 3222 ut
2923 3184 3034 3222 non
3071 3168 3234 3221 modo
3267 3150 3387 3235 eius

120 3254 226 3317 τοὺς
258 3255 567 3325 πολεμίους
584 3255 898 3327 περιφανῶς
914 3256 1259 3325 ἐκπλαγῆναι
1282 3257 1368 3330 [Ρ.
1388 3256 1513 3328 168]
1535 3258 1635 3329 τὴν
1652 3257 1695 3288 ⁸⁸

1802 3264 2044 3325 asseclaa,
2095 3263 2187 3316 sed
2217 3274 2268 3315 et
2322 3262 2509 3316 hostes
2568 3260 2715 3314 illius
2765 3262 2940 3328 palam
3003 3258 3383 3314 fortitudinem

119 3342 322 3415 ἀνδρίαν
352 3344 530 3399 αὐτοῦ
560 3346 657 3399 καὶ
695 3346 999 3417 εὐχέρειαν.
1054 3348 1374 3418 Ἐμφρόνως
1427 3348 1537 3419 γὰρ
1578 3349 1695 3419 ἅμα

119 3440 197 3490 καὶ
236 3439 511 3503 νεανικῶς
556 3439 867 3509 προσμίξας
902 3440 1016 3503 τοῖς
1070 3440 1374 3509 πολεμίοις,
1409 3441 1504 3493 καὶ
1555 3441 1696 3495 κατά

119 3532 254 3602 χεῖρα
308 3534 568 3599 γενναῖος
634 3530 825 3599 φανεὶς
862 3531 957 3584 καὶ
1003 3530 1176 3602 τόλμῃ
1223 3532 1532 3603 διαφέρων,
1602 3533 1694 3586 καὶ

118 3624 248 3693 παρὰ
266 3624 311 3655 ⁸³
340 3624 501 3677 δεινά
532 3622 810 3693 ὁρώμενος
844 3622 1121 3694 εὐθαρσὴς
1160 3640 1219 3675 τε
1249 3623 1344 3675 καὶ
1367 3624 1691 3693 ἀκατᾲπλη-

118 3728 243 3777 κτος,
275 3712 503 3782 πρῶτος
536 3715 663 3774 τοὺς
714 3714 1207 3783 ἀντιτεταγμένους
1254 3714 1521 3785 ἐτρέψατο
1549 3715 1695 3785 φόνῳ

118 3806 275 3876 πολλῷ
298 3821 314 3837 ο
382 3803 490 3859 εἷθ’
523 3805 699 3869 οὕτως
750 3808 799 3858 oi
855 3807 953 3860 σὺν
983 3806 1134 3876 αὐτῴ
1168 3807 1294 3869 τοὺς
1345 3807 1468 3860 κατ’
1501 3808 1695 3870 αὐτοὺς

116 3896 315 3953 ἕκαστοι
347 3899 448 3952 καὶ
504 3898 671 3968 μέχρι
700 3896 795 3949 τοῦ
842 3896 1038 3960 ἄστεος
1066 3896 1420 3966 ἀναιροῦντες
1446 3897 1690 3963 ἐδίωκον,

114 3989 176 4052 ὡς
208 3990 425 4054 πολλοῖς
466 3992 684 4060 νεκροῖς
726 3989 787 4042 τὸ
820 3989 927 4059 πρὸ
952 3991 1050 4060 τῆς
1079 3991 1289 4053 πόλεως
1314 3991 1498 4043 πεδίον
1522 4007 1692 4044 κατα-

115 4083 406 4153 στρωθῆναι
438 4081 542 4134 καὶ
572 4081 631 4134 τὸ
662 4080 768 4151 πρὸ
813 4081 908 4135 τοῦ
944 4081 1157 4152 τείχους
1200 4081 1345 4153 ὕδωρ
1372 4083 1566 4151 αἵματι
1596 4100 1689 4135 κε-

115 4176 387 4245 ρασθῆναι,
422 4174 663 4237 πολλοὺς
690 4175 747 4227 δὲ
772 4177 870 4227 καὶ
898 4173 1107 4238 ζῶντας
1130 4174 1358 4238 ἁλῶναι,
1390 4176 1484 4228 καὶ
1502 4175 1691 4238 ἄλλους

113 4265 175 4334 τῷ
199 4266 301 4319 δέει
321 4266 569 4327 ἑκόντας
598 4262 990 4335 αὐτομολῆσαι,
1023 4265 1151 4325 τοὺς
1184 4263 1240 4316 δὲ
1271 4262 1579 4333 περιλιπεῖς
1610 4266 1691 4327 εἰς

113 4360 161 4411 τδ
188 4361 315 4414 ἂστυ
347 4357 790 4428 συγκλεισθῆναι
821 4357 917 4410 καὶ
948 4356 1041 4409 τοῦ
1093 4356 1281 4409 λοιποῦ
1322 4357 1502 4420 ἐξόδου
1554 4375 1691 4410 παν-

114 4452 329 4506 τάπασιν
360 4450 683 4523 εἴργεσθαι.
731 4449 897 4502 Ἔνθα
941 4449 1195 4502 διενοεῖτο
1244 4449 1346 4519 μὲν
1384 4452 1410 4503 ὁ
1442 4450 1692 4519 βασιλεὺς

115 4546 344 4616 μηχανάς
381 4561 447 4597 τε
483 4541 803 4614 πήγνυσθαι
829 4541 923 4594 καὶ
951 4541 1097 4595 ἅπαν
1127 4540 1357 4609 ὄργανον
1400 4541 1694 4611 πολιορκη-

1797 3350 2289 3418 dexteritatemque
2358 3360 2580 3417 stupore
2637 3349 3069 3402 admirarentur.
3137 3348 3384 3403 Solertcr

1796 3444 1943 3500 enim
2021 3442 2351 3511 fortiterque
2440 3440 2690 3495 hostibus
2777 3455 3165 3509 congressus,
3256 3454 3374 3493 ma—

1798 3552 1982 3607 nuque
2052 3534 2245 3588 fortem
2302 3544 2355 3588 et
2412 3534 2641 3587 audacia
2721 3543 3076 3602 praestantem
3134 3531 3385 3587 ﬁdentis-

1797 3646 1904 3700 que
1940 3628 2111 3682 animi
2149 3628 2327 3680 virum
2366 3642 2431 3680 ac
2481 3626 2797 3679 interritum
2829 3624 3164 3679 terribilibus
3199 3623 3388 3692 praefe-

1798 3739 1947 3788 rens,
1992 3722 2201 3791 primus
2231 3719 2515 3773 adversam
2561 3718 2732 3772 aciem
2770 3732 2969 3787 magna
3002 3726 3181 3785 strage
3219 3716 3385 3781 fudit;

1801 3827 2025 3883 tumque
2070 3814 2167 3866 alii
2216 3812 2320 3865 sibi
2364 3810 2569 3880 quique
2609 3809 2866 3863 adversos
2928 3806 3283 3876 ohjcctosque
3318 3805 3386 3857 ad

1805 3909 1960 3964 urbis
1987 3921 2160 3976 usque
2186 3913 2375 3975 portas
2407 3901 2678 3956 cadentes
2706 3899 2983 3969 persecuti
3018 3907 3168 3961 sunt,
3202 3905 3264 3949 ut
3290 3911 3387 3949 cx-

1798 4000 1966 4055 terins
2003 3996 2155 4051 urbis
2204 3994 2510 4064 pomerium
2534 3991 2719 4044 multis
2738 3989 3099 4043 cadaveribus
3133 3995 3385 4041 conster-

1798 4099 2019 4145 neretur
2068 4087 2305 4155 vallique
2363 4098 2519 4138 muro
2569 4081 2931 4137 circumducti
2982 4095 3124 4149 aqua
3182 4093 3383 4133 cruore

1798 4185 2147 4246 misceretur,
2192 4180 2347 4233 multi
2374 4180 2539 4233 etiam
2582 4177 2687 4230 vivi
2715 4184 3064 4244 caperentur,
3102 4174 3197 4227 alii
3240 4181 3387 4225 metu

1796 4271 1986 4344 perciti
2012 4271 2115 4340 ipsi
2152 4276 2347 4339 sponte
2374 4266 2818 4336 transfugerent;
2846 4265 3038 4334 reliqui
3073 4264 3312 4332 denique
3332 4263 3386 4315 iu

1796 4366 1931 4422 urbe
1966 4363 2392 4426 includerentur,
2423 4360 2685 4429 omnique
2714 4358 3065 4427 postmodum
3100 4356 3251 4410 exitu
3296 4370 3390 4424 pe-

1797 4460 1944 4514 nitus
1968 4464 2307 4513 areerentur.
2338 4455 2395 4507 In
2427 4454 2514 4507 his
2545 4452 2821 4521 cogitabat
2851 4452 3148 4519 imperator
3173 4447 3385 4501 machi-

1798 4567 1898 4606 uas
1928 4550 2112 4621 ﬁgere,
2158 4554 2469 4613 cunctaque
2499 4541 2882 4612 expugnandis
2932 4540 3160 4594 urbibus
3203 4547 3384 4607 aptata

112 4638 241 4690 τικὸν
272 4634 759 4709 μεταπέμπεσθαι
822 4635 916 4687 καὶ
969 4632 1108 4703 ἔργα
1161 4634 1366 4705 τόλμης
1421 4635 1516 4687 καὶ
1566 4652 1688 4701 γεν-

1802 4645 2157 4699 instrumenta
2181 4636 2505 4698 convehere,
2531 4635 2865 4702 audacisque
2884 4648 2947 4685 ac
2968 4631 3175 4685 strenui
3208 4631 3383 4684 animi

113 4732 370 4802 ναιότητος
408 4730 557 4800 περὶ
601 4728 702 4797 τὴν
732 4728 1091 4797 τειχομαχίαν
1126 4727 1461 4793 ἐνδείξασθαι
1487 4744 1501 4758 ο
1538 4728 1613 4791 ὡς
1638 4729 1695 4782 δὲ

114 4824 237 4894 ἐώρα
284 4826 384 4896 τὴν
413 4824 585 4877 πόλιν
640 4820 838 4891 τειχῶν
870 4838 932 4874 τε
981 4821 1241 4893 περιϐολῇ
1275 4822 1552 4893 καρτερὰν
1602 4824 1697 4876 καὶ

114 4918 283 4989 πλήθει
315 4917 433 4972 τῶν
470 4913 591 4969 ἀπὸ
646 4914 740 4967 τοῦ
780 4914 991 4985 τείχους
1031 4915 1391 4985 ἀμυνομένων
1452 4916 1695 4970 δυσάλω-

113 5027 205 5077 τον,
225 5010 463 5064 ἐπύθετο
506 5007 570 5060 δὲ
600 5006 648 5040 ³³
676 5008 829 5077 παρά
857 5006 965 5061 τῶν
1005 5008 1324 5077 αὐτομόλων
1359 5008 1453 5061 καὶ
1506 5011 1699 5079 ἐπιτη-

116 5102 246 5154 δείων
274 5102 429 5171 ἔχειν
458 5096 737 5168 ἀφθονίαν
763 5096 967 5167 πολλὴν
991 5098 1084 5150 καὶ
1112 5096 1187 5167 μὴ
1221 5097 1452 5151 δεδιέναι
1475 5098 1697 5165 χρονίαν

116 5194 439 5266 πολιορκίαν,
472 5191 627 5261 ἄρας
654 5187 903 5242 ἐντεῦθεν
928 5192 996 5260 τῇ
1028 5190 1347 5259 Μανιχαίων
1393 5190 1695 5260 προσέϐαλε

113 5293 186 5357 γῇ.
216 5285 679 5357 Δενδροτομήσας
718 5282 775 5335 δὲ
806 5281 1011 5350 ταύτην
1065 5284 1157 5335 καὶ
1188 5280 1287 5345 τὰς
1335 5282 1515 5344 οίκίας
1562 5284 1698 5352 πυρὶ

113 5378 211 5443 εὼς
238 5380 333 5433 καὶ
362 5379 483 5432 πᾶν
547 5374 885 5445 διαφθείρων
926 5375 986 5428 τὸ
1015 5378 1072 5427 ἐν
1122 5375 1272 5438 ποσὶ,
1301 5378 1362 5428 τὸ
1423 5375 1695 5443 Ἀργαοὺθ

114 5469 381 5540 λεγόμενον
436 5467 636 5523 αὐτῶν
696 5466 954 5538 φρούριον
1002 5469 1095 5521 καὶ
1147 5468 1207 5520 τὸ
1264 5467 1569 5521 Κουτακίου
1599 5468 1692 5519 καὶ

118 5561 361 5633 Στεφάνου
401 5563 506 5619 καὶ
548 5558 755 5629 Ῥαχάτ
790 5560 1081 5633 ἐμπρήσας
1139 5561 1505 5632 κατέσκαψεν.
1561 5558 1693 5615 Εἶτα

1794 4735 2038 4790 facinora
2088 4729 2365 4787 tentandis
2401 4728 2574 4781 muris
2593 4725 2880 4795 designare
2910 4742 2922 4776 :
2952 4723 3046 4775 sed
3075 4737 3200 4775 cum
3234 4720 3388 4774 vide-

1795 4839 1879 4883 ret
1921 4826 2113 4880 urbem
2156 4822 2422 4876 mcnnium
2472 4819 2681 4872 ambitu
2719 4815 3176 4874 munitissimam,
3208 4827 3382 4880 eaque

1799 4917 2094 4975 tutantium
2152 4910 2503 4966 multitudine
2541 4923 2605 4962 ac
2667 4906 2864 4959 rohore
2915 4915 3075 4973 captu
3132 4902 3386 4955 diliicilli-

1800 5026 1967 5072 mam,
2012 5006 2366 5072 audissetque
2388 5018 2417 5055 a
2451 5000 2695 5070 profugis
2729 4996 3045 5051 necessario
3072 5009 3382 5047 commeatu

1797 5100 2013 5158 abunde
2056 5100 2409 5160 instructam,
2440 5109 2541 5146 nec
2594 5092 2865 5144 diutinam
2905 5090 3097 5143 timere
3148 5086 3389 5139 obsidio-

1798 5212 1942 5256 nem,
2008 5191 2133 5244 inde
2174 5187 2464 5242 discedens
2517 5186 2570 5237 iu
2618 5182 2893 5252 regionem
2956 5179 3382 5232 Manichaeorum

1798 5286 2012 5355 irrupit,
2049 5282 2361 5349 excisisque
2395 5278 2685 5331 arboribus
2730 5290 2795 5327 ac
2828 5273 3036 5325 :edihus
3091 5270 3202 5338 igni
3260 5284 3388 5322 suc-

1797 5380 1979 5435 censis
2010 5374 2336 5442 cunctisque
2378 5369 2559 5423 obviis
2610 5365 2908 5421 dcvastatis
2955 5378 3144 5416 eorum
3195 5361 3388 5413 casti-l-

1803 5475 1912 5525 lum
1968 5462 2645 5537 ArgautltumCutaciique
2695 5469 2744 5510 et
2785 5454 3051 5523 Stephani
3084 5464 3135 5506 et
3165 5451 3383 5505 liacha-

1806 5574 1917 5617 tum
1952 5571 2311 5614 concrematis
2340 5553 2555 5624 penitus
2579 5549 2792 5604 evertit.
2827 5545 3179 5601 Postmoduni
3209 5542 3389 5610 subje-

1372 5732 1605 5789 ΥΑΒΙᾹΞ
1638 5731 2051 5789 LECTIONES.

177 5858 215 5889 "
248 5857 551 5926 Μελιτινὴν
589 5853 923 5926 Ληοιῌὶῃίιοξι
954 5854 1235 5925 Melum“).

127 5929 274 5985 malim
302 5932 455 6003 παρὰ
482 5922 585 5981 τὰ.
666 5924 711 5956 ⁸³
745 5922 825 5993 δὲ]
855 5924 957 5993 μὲν
977 5926 1087 5979 ΛΡ.

1389 5857 1626 5929 usam.
1656 5859 1718 5909 A.
1800 5855 1842 5885 ιο
1868 5850 2160 5918 dim-vidit
2193 5849 2256 5901 Α»

2336 5847 2374 5877 ⁸³
2414 5844 2509 5913 τὴν
2559 5858 2667 5896 (un.
2706 5835 2762 5891 Ρ.
2873 5830 2915 5861 ⁶²
2954 5824 3128 5899 παρὰ]
3174 5820 3389 5895 περὶΡ,
