4154 6446
722 413 831 479 287

1824 411 2332 473 THEOPHANES
2358 408 2917 474 CONTINUATUS.

3915 412 4023 475 283

735 536 827 582 cto
857 527 1016 597 271
1048 526 1201 582 onmi
1233 528 1405 582 milite
1435 527 1584 597 large
1610 527 1941 597 copioseque
1990 526 2314 582 muneribus

2451 526 2509 579 δν
2546 526 2654 580 ὑπὸ
2689 529 2846 596 χεῖρα
2876 530 3053 581 πάντα
3076 526 3207 580 λαὸν
3237 526 3508 588 πολυσίως
3540 525 4021 595 φιλοφρονησάμεο

736 632 983 691 accepto,
1015 635 1080 675 ac
1114 621 1206 691 qui
1257 620 1523 690 singulari
1573 621 1774 675 virtute
1823 619 2116 687 l‘ulserant,
2145 623 2341 691 siugu--

734 712 802 767 lis
830 712 1045 769 decenti
1088 711 1381 767 honorario
1419 712 1656 777 donatis,
1689 714 1876 767 multis
1909 722 2105 767 auctus
2135 714 2326 783 spoliis

733 820 798 860 ac
831 806 1075 861 victoria:
1114 805 1278 859 sertis
1315 805 1369 858 iu
1412 805 1601 858 urbem
1665 821 1918 860 reversus
1970 814 2093 872 est;
2121 808 2328 875 ingres-

735 916 941 970 susque
975 914 1075 969 per
1122 899 1335 954 Aureas
1380 908 1587 967 portas,
1641 915 1751 969 quo
1804 900 1916 955 fere
1954 901 2061 955 ritu
2117 911 2327 958 veteres

738 996 1103 1062 imperatores
1121 994 1174 1046 iu
1197 992 1603 1064 prannaguilica
1634 992 1915 1063 nobilique
1937 992 2108 1048 Roma
2131 994 2326 1048 trium-

736 1086 905 1154 phum
932 1085 1185 1156 agebant,
1224 1084 1419 1139 faustis
1447 1099 1547 1154 pro
1578 1084 1808 1138 victoria
1841 1086 2027 1155 populi
2052 1087 2327 1141 acclama-

740 1178 982 1234 tionibus
1037 1177 1899 1247 omiuibusquededucentibus,
1954 1178 2006 1230 in
2062 1195 2323 1246 magnum

738 1269 836 1324 Dei
865 1271 1158 1340 Sapientia:
1191 1269 1456 1338 templum
1491 1270 1556 1323 ad
1595 1280 1722 1323 vota
1768 1285 2186 1340 congruumque
2216 1288 2329 1340 gra-

739 1362 937 1417 tiarum
970 1361 1240 1416 actionem
1268 1360 1380 1415 Deo
1429 1359 1877 1429 persolveudam,
1912 1362 2106 1416 statim
2139 1371 2330 1417 uterat

738 1470 806 1507 ex
847 1453 1066 1516 itinere,
1106 1451 1407 1522 prolectus,
1448 1460 1615 1521 atque
1658 1468 1690 1507 a
1723 1454 2038 1523 patriarcha
2084 1455 2330 1509 victoria:

739 1556 943 1597 corona
982 1540 1289 1607 redimitus,
1323 1540 1379 1594 in
1413 1541 1616 1610 regiam
1657 1550 1912 1611 receptus
1939 1550 2044 1597 est.

811 1722 900 1775 41.
942 1719 1161 1775 Rursus
1188 1734 1323 1774 vero
1358 1734 1508 1775 curae
1534 1734 1658 1774 eum
1691 1720 1879 1776 civiles
1932 1721 2329 1789 sollicitabant,

739 1812 1194 1881 diversarumque
1216 1811 1462 1882 gentium
1485 1812 1804 1867 oratoribus
1825 1813 1892 1867 ad
1910 1828 1969 1868 se
1997 1814 2333 1870 convenien-

742 1907 893 1961 tibus
939 1905 1139 1961 dandis
1183 1908 1466 1975 responsis
1513 1906 1907 1971 incumbebat;
1936 1908 2333 1978 paululumque

746 2013 872 2050 rum
910 1998 1100 2051 liberis
1131 2012 1196 2050 ac
1235 2011 1408 2051 uxore
1432 1997 1679 2052 relaxato
1705 1996 1913 2063 animo,
1945 2012 2010 2052 ac
2038 2011 2333 2053 sacrosan-

745 2088 848 2143 etis
901 2102 997 2156 per
1036 2086 1230 2142 urbem
1294 2087 1408 2141 voti
1468 2102 1812 2156 precumque
1880 2102 2049 2141 causa
2113 2087 2335 2158 templis

747 2179 1004 2250 religiose
1039 2180 1314 2245 lustratis,
1351 2195 1416 2233 ex
1450 2195 1601 2233 more
1642 2194 1836 2234 rursus
1860 2178 2121 2235 civilibus
2149 2179 2333 2234 admi-

748 2274 1166 2328 nistrationibus
1210 2272 1550 2342 judiciisque
1574 2271 1794 2325 addicta
1852 2287 2045 2341 opera,
2096 2272 2336 2343 diligen-

749 2366 881 2419 tiam
946 2366 1039 2420 ille
1086 2380 1244 2419 suam
1281 2363 1614 2434 vigilemque
1658 2378 1848 2416 curam
1897 2377 2024 2435 erga
2078 2364 2334 2421 subditos

748 2458 1087 2512 ostentabat.
1117 2453 1340 2509 Nullum
1387 2465 1572 2509 tamen
1604 2454 1840 2509 faciebat
1875 2457 2039 2510 linem
2091 2458 2339 2526 quotidie

750 2553 804 2604 in
837 2564 1057 2605 sacrum
1083 2548 1446 2618 divinumque
1469 2549 1735 2618 templum
1761 2548 2107 2618 ingrediendi
2132 2549 2339 2605 Deum-

751 2659 862 2711 que
893 2640 1257 2712 suppllicibus
1280 2642 1425 2696 votis
1451 2642 1741 2705 exorandi,
1776 2641 2245 2698 intercessoribus
2272 2643 2338 2696 ad

754 2736 922 2789 Deum
946 2733 1203 2787 adhibitis
1227 2742 1341 2787 tum
1361 2731 1626 2787 Michaele
1640 2733 1881 2787 caslestis
1899 2732 2175 2787 exercitus
2190 2733 2342 2802 priu-

752 2827 899 2898 cipe,
935 2838 1047 2880 tum
1083 2827 1201 2881 Elia
1229 2826 1518 2897 prepheta,
1577 2842 1645 2879 ne
1681 2825 1834 2895 prius
1891 2825 2002 2880 vita
2056 2827 2343 2881 excederet

752 2937 915 2988 quam
950 2920 1648 2988 Chrysochirisinteritum
1708 2918 1919 2972 videret
1969 2933 2034 2971 ac
2081 2919 2182 2972 tria
2238 2920 2339 2973 tela

756 3013 973 3080 impuro
1016 3011 1161 3063 illius
1188 3009 1352 3077 capiti
1390 3010 1683 3076 inligeret;
1717 3009 1861 3077 quod
1902 3018 1956 3062 et
1995 3016 2181 3077 postea
2215 3024 2345 3064 con-

756 3102 896 3171 tigit.
963 3100 1227 3168 Sequenti
1281 3099 1430 3153 enim
1481 3113 1667 3161 almo,
1729 3100 1928 3152 cumis
1973 3100 2136 3167 272
2178 3114 2341 3168 quem

2428 633 2538 681 νος,
2583 618 2678 672 καὶ
2716 617 2826 670 τῶν
2877 618 3316 686 ἀριστευσάντων
3346 617 3579 670 ἕκαστον
3612 617 3913 685 ἀριστείοις
3942 635 4025 667 τι-

2431 708 2634 777 μήσας,
2679 708 2821 779 μετά
2853 706 3069 761 πολλῶν
3114 707 3376 776 λαφύρων
3406 708 3503 760 καὶ
3545 707 3848 776 νικητικῶν
3895 724 4026 759 στε-

2428 799 2614 867 φάνων
2650 799 2956 870 ὑπέστρεψε
3004 801 3143 871 πρὸς
3192 800 3289 870 τὴν
3331 800 3755 870 βασιλεύουσαν·
3802 802 3896 853 καὶ
3937 801 4030 852 δια

2427 893 2538 946 τῶν
2566 893 2802 963 Χρυσῶν
2828 892 3014 947 πυλῶν
3046 893 3304 947 εἰσελθὼν
3330 893 3406 957 ώς
3459 895 3508 945 οἱ
3538 894 3707 947 πάλαι
3752 894 3893 945 κατὰ
3926 893 4030 964 τὴν

2432 986 2790 1058 μεγαλόδοξον
2808 987 3031 1058 Ῥώμην
3055 988 3167 1041 τῶν
3215 988 3641 1059 αὐτοκρατόρων
3670 989 3797 1050 τοὺς
3824 986 3955 1055 θριά
3965 1007 4029 1054 μ-

2429 1078 2557 1142 ϐους
2596 1081 2950 1148 κατάγοντες,
2979 1080 3076 1132 καὶ
3104 1081 3203 1142 τὰς
3237 1080 3390 1149 παρὰ
3423 1079 3516 1132 τοῦ
3542 1079 3715 1148 δήμου
3739 1080 4032 1149 νικητικάς

2431 1171 2718 1242 ἑκϐοήσεις
2749 1173 2843 1226 καὶ
2864 1172 3144 1241 εὐφημίας
3174 1172 3486 1241 δεξάμενος,
3507 1172 3601 1226 καὶ
3631 1173 3769 1242 πρὸς
3795 1173 3857 1225 τὸ
3884 1173 4033 1242 μέγα

2429 1262 2529 1330 τῆς
2553 1261 2648 1315 τοῦ
2694 1262 2831 1316 Θεοῦ
2875 1263 3078 1331 Σοφίας
3107 1263 3430 1332 ἀνάκτορον,
3467 1264 3545 1325 ὡς
3574 1263 3675 1327 τὰς
3725 1263 3890 1333 εὐχὰς
3934 1262 4032 1314 καὶ

2429 1356 2530 1427 τὴν
2561 1358 2951 1427 προσήκουσαν
2998 1357 3352 1428 εὐχαριστίαν
3382 1356 3701 1420 ἀποδώσων,
3737 1357 3903 1420 εὐθὺς
3952 1356 4033 1418 ὡς

2433 1444 2584 1519 εἶχεν
2617 1448 2677 1513 ὲξ
2705 1448 2827 1502 ὁδοῦ
2880 1446 3309 1518 παραγεγονὼς,
3367 1448 3460 1501 καὶ
3492 1448 3597 1501 ὑπὸ
3634 1446 3730 1500 τοῦ
3759 1448 3881 1500 τότε
3918 1463 4034 1500 παο

2431 1538 2820 1611 τριαρχοῦντος
2849 1539 2928 1611 τῷ
2943 1539 3045 1610 τῆς
3071 1541 3230 1609 νίκης
3253 1540 3501 1609 στεφάνῳ
3530 1541 3863 1605 ταινιωθεὶς,
3916 1542 4035 1594 ἀπ·

2434 1631 2703 1701 εκατέστη
2745 1633 2826 1694 εἰς
2856 1631 2926 1684 τὰ
2945 1630 3213 1701 βασίλεια.

2508 1720 2619 1792 μα’.
2649 1724 2761 1775 Καὶ¹
2811 1723 2975 1776 πάλιν
3006 1722 3169 1777 αὐτὸν
3218 1723 3501 1792 φροντίδες
3551 1722 3828 1777 πολιτικαὶ
3863 1724 4037 1777 διεδέ-

2434 1832 2616 1886 χοντο,
2651 1815 2748 1867 καὶ⁸
2776 1816 2899 1877 ταῖς
2934 1814 3045 1867 ἀπὸ
3095 1814 3371 1884 διαφόρων
3406 1814 3578 1867 ἐθνῶν
3613 1815 3938 1885 πρεσϐείαις
3965 1817 4040 1869 τὰ

2435 1908 2724 1979 πρόσφορα
2745 1907 3117 1977 ἐχρημάτιζε⁸
3148 1908 3242 1959 καὶ
3288 1906 3429 1976 πρὸς
3451 1906 3633 1974 ὀλίγον
3659 1908 3771 1969 τοῖς
3812 1907 4038 1971 τέκνοις

2436 2001 2863 2073 συνευφρανθεὶς
2890 2000 2985 2054 καὶ
3004 2002 3071 2071 τῇ
3091 1999 3333 2067 γυναικὶ,
3354 1999 3451 2053 καὶ
3476 1999 3602 2063 τοὺς
3635 2000 3777 2054 κατὰ
3806 2000 3868 2053 τὸ
3894 2001 4038 2055 ἄστυ

2438 2091 2741 2163 περιελθὼν
2773 2093 2953 2163 ἱεροὺς
2980 2093 3075 2144 καὶ
3126 2090 3304 2156 θείους
3357 2091 3521 2154 ναοὺς
3569 2092 3665 2145 καὶ
3711 2091 3813 2154 τὰς
3866 2092 4040 2162 εὐχὰς

2436 2184 2693 2249 ἀποδοὺς,
2725 2183 2973 2255 συνήθως
3004 2178 3075 2253 ἦν
3102 2183 3257 2245 αὖθις
3290 2183 3384 2245 ἐπὶ
3420 2182 3530 2237 τῶν
3568 2183 3865 2236 πολιτικῶν
3896 2185 4041 2237 διοι-

2439 2279 2654 2348 κήσεων
2678 2276 2901 2330 καὶτῶν
2937 2276 3195 2345 κρίσεων,
3225 2276 3326 2345 τὴν
3357 2276 3486 2346 περὶ
3512 2275 3575 2329 τὸ
3596 2277 3839 2345 ὑπήκοον
3872 2278 4042 2347 κηδε-

2445 2367 2638 2437 μονίαν
2655 2366 2748 2420 καὶ
2768 2366 3049 2438 ἄγρυπνον
3066 2365 3425 2437 πρόνοια-ἀμ’.
3449 2366 3575 2438 169]
3601 2368 3842 2421 ὲνδεικνύ
3851 2386 4041 2438 μενος.

2441 2459 2517 2511 Οὐ
2548 2457 2868 2529 διελίμπανε
2895 2457 2953 2510 δὲ
3014 2459 3168 2526 ὅμως
3223 2458 3343 2511 καθ’
3382 2458 3626 2528 ἑκάστην
3659 2461 3739 2523 εἰς
3764 2460 3858 2512 τὸν
3888 2460 4044 2529 ἱερὸν

2441 2552 2537 2605 καὶ
2563 2552 2708 2605 θεῖον
2738 2551 2867 2607 ναὸν
2905 2550 3096 2607 εἰσιὼν
3126 2552 3221 2605 κα)⁸
3256 2553 3515 2607 ἱκετεύων
3554 2554 3646 2607 τὸν
3675 2553 3905 2623 Κύριον,
3942 2556 4046 2608 καὶ

2447 2644 2675 2714 μεσίτας
2704 2644 2843 2716 πρὸς
2872 2643 3031 2697 τοῦτο
3061 2645 3154 2699 τόν
3207 2662 3268 2698 τε
3310 2644 3753 2717 ἀρχιστράτηγον
3809 2646 4047 2717 Μιχαὴλ

2445 2739 2540 2791 καὶ
2581 2738 2763 2791 Ἦλιοὺ
2783 2737 2877 2791 τὸν
2899 2739 3192 2809 προφήτην
3226 2739 3362 2809 πρὸς
3391 2739 3524 2793 Θεὸν
3567 2738 4046 2809 προδαλλὸμενος,

2444 2826 2539 2880 τοῦ
2571 2827 2645 2899 μὴ
2674 2827 2941 2900 πρότερον
2967 2827 3062 2881 τοῦ
3094 2828 3211 2895 βίου
3250 2829 3571 2896 ὑπεξελθεῖν
3604 2831 3789 2900 πρὶνῆ
3824 2830 3915 2883 τὸν
3944 2828 4051 2883 τοῦ

2446 2920 2820 2990 Χρυσόχειρος
2854 2918 3080 2990 ὄλεθρον
3111 2921 3315 2973 ἐπιδεῖν
3340 2920 3434 2973 καὶ
3463 2922 3590 2992 τρία
3622 2919 3751 2991 βέλη
3770 2924 3835 2991 τῇ
3869 2921 4047 2974 αὑτοῦ

2449 3011 2765 3082 καταπτῆξαι
2794 3013 2970 3083 μιαρᾷ
3005 3013 3237 3083 κεφαλῇ,
3282 3015 3346 3065 Ὃ
3387 3011 3480 3066 καὶ
3531 3014 3754 3082 γέγονεν
3785 3013 4044 3083 ὕστερον.

2446 3104 2537 3175 Τῷ
2564 3104 2671 3175 γὰρ
2706 3106 2913 3159 ἐπιόντι
2944 3107 3122 3177 χρόνῳ
3154 3108 3234 3170 είς
3278 3108 3376 3171 τὰς
3399 3106 3511 3161 τῶν
3542 3108 3830 3178 Ῥωμαίων
3856 3109 4044 3178 ἐμϐα-

754 3193 1002 3246 dicebam
1032 3191 1371 3261 Chrysochir
1414 3190 1720 3245 Romanam
1757 3192 2017 3244 ditionem
2049 3193 2341 3246 invasisset

2451 3198 2635 3261 λὸντος
2666 3197 2849 3271 χώρας
2898 3200 2994 3253 τοῦ
3028 3200 3611 3270 προμνημονευθέντος
3666 3202 4053 3271 Χρυσόχειρος

754 3301 988 3354 eamque
1034 3285 1366 3346 devastaret,
1418 3283 1568 3338 misit
1606 3299 1669 3337 ex
1728 3299 1882 3337 more
1937 3284 2237 3353 imperator
2294 3285 2345 3338 i'n

756 3393 882 3431 eum
929 3376 1245 3430 scholarum
1303 3375 1711 3439 domesticum;
1744 3385 2142 3443 assumptoque
2199 3374 2347 3429 onmi

758 3468 1009 3523 Romano
1058 3469 1326 3532 exercitu,
1359 3468 1485 3521 licet
1512 3467 1689 3534 palam
1743 3476 2001 3521 conserta
2060 3466 2178 3519 acie
2218 3482 2343 3520 cum

758 3562 853 3616 liiO
892 3576 1139 3630 pugnare
1174 3576 1285 3613 non
1336 3560 1585 3621 auderet,
1611 3558 1830 3610 interim
1872 3566 2052 3610 tamen
2087 3557 2350 3612 Romanis

760 3643 1087 3708 cohortibus
1110 3668 1173 3705 ex
1230 3660 1383 3706 certo
1416 3651 1702 3703 intervallo
1760 3651 2212 3720 insequentibus,
2249 3652 2347 3705 ob-

760 3745 943 3799 stabat
982 3758 1048 3797 ne
1080 3742 1207 3796 hinc
1248 3742 1372 3794 inde
1400 3756 1697 3795 excurrere
1723 3755 1786 3793 ac
1824 3740 2059 3809 palaudo
2091 3757 2185 3809 per
2232 3741 2350 3796 loca

760 3835 999 3904 dispergi
1046 3835 1298 3889 auderet.
1327 3832 1462 3887 Cum
1501 3833 1666 3903 igitur
1690 3832 1979 3893 barbarus,
2019 3834 2215 3902 partim
2262 3850 2351 3887 re-

761 3924 865 3978 bus
895 3940 961 3978 ex
1002 3933 1132 3977 voto
1179 3924 1505 3981 cedentibus
1568 3923 1766 3992 partim
1828 3921 2089 3977 frustrato
2122 3935 2348 3989 conatu,

759 4015 869 4083 jam
901 4016 1066 4068 etiam
1098 4024 1343 4084 tempore
1385 4022 1637 4079 vocante,
1684 4015 1751 4068 ad
1781 4030 1880 4068 sua
1911 4016 2090 4068 redire
2127 4018 2354 4072 statuis-

762 4115 845 4161 set
885 4107 1147 4176 gravique
1175 4116 1409 4162 onustus
1442 4108 1621 4175 praeda
1658 4105 1883 4160 domum
1920 4107 2143 4170 rediret,
2188 4107 2354 4162 scho-

764 4201 831 4253 lis
863 4198 1150 4268 przel'ectus
1177 4200 1391 4253 duobus
1415 4199 1673 4260 ducibus,
1723 4214 1958 4267 quorum
2008 4215 2153 4253 unus
2179 4198 2353 4253 Char—

763 4293 937 4345 sianis
993 4293 1133 4345 alter
1181 4292 1524 4346 Armeniacis
1550 4300 1804 4360 praeerat,
1858 4293 2101 4360 praecipit
2133 4304 2193 4347 ut
2224 4309 2350 4347 cum

767 4386 831 4439 iis
867 4401 1007 4453 quas
1050 4384 1333 4439 ducebant
1379 4384 1701 4438 cohortibus
1755 4385 2184 4454 Chrysochirem
2212 4401 2353 4454 pone

766 4487 1072 4544 sequantur
1130 4491 1305 4544 usque
1353 4474 1419 4529 ad
1462 4475 1969 4545 Bathyrrhyacem;
2012 4477 2266 4546 indeque,
2304 4479 2351 4531 si

2454 3292 2547 3345 καὶ
2582 3291 2783 3354 ταύτας
2815 3291 3167 3362 ληϊζομένου,
3208 3294 3531 3347 ἀποστέλλει
3562 3295 3684 3347 κατ’
3717 3295 3883 3347 αὑτοῦ
3916 3313 4053 3349 συν⁶

2455 3383 2601 3451 ήθως
2631 3385 2658 3436 ὁ
2697 3384 2949 3453 βασιλεὺς
2981 3384 3073 3437 τὸν
3125 3385 3234 3437 τῶν
3267 3385 3475 3454 σχολῶν
3517 3386 3907 3456 ἐξηγούμενον.
3950 3389 4056 3450 ⁸ος

2454 3473 2687 3538 ἐξελθὼν
2717 3474 2764 3504 ⁸⁸
2794 3478 2888 3527 καὶ
2928 3474 3107 3527 πάντα
3143 3476 3236 3528 τὸν
3272 3476 3582 3545 Ῥωμαϊκὸν
3618 3478 3846 3547 στρατὸν
3902 3494 4055 3545 σύμ-

2456 3563 2812 3635 παραλαϐὼν,
2846 3564 2972 3615 ἐπεὶ
3005 3565 3146 3618 κατὰ
3181 3566 3475 3636 πρόσωπον
3499 3568 3759 3635 ἐμφανῶς
3789 3569 4063 3637 ἀντιστῆ-

2456 3674 2544 3710 ναι
2576 3657 2712 3728 πρὸς
2745 3657 2910 3710 αὑτὸν
2949 3656 3256 3721 ἁπεδειλία,
3288 3657 3357 3711 τὰ
3390 3657 3500 3711 τῶν
3546 3658 3838 3727 Ῥωμαίων
3877 3676 4062 3728 στρα-

2455 3747 2706 3817 τεύματα
2739 3748 3159 3818 συμπαρείπετο
3213 3748 3352 3811 τέως
3404 3748 3553 3817 αὐτῷ
3588 3749 3696 3801 ἀπό
3728 3766 3874 3811 τινος
3932 3749 4061 3801 δια-

2458 3840 2755 3908 στήματος,
2774 3840 2869 3893 καὶ
2897 3839 2997 3899 τὰς
3034 3838 3268 3910 μερικὰς
3306 3841 3527 3910 ἀνεῖργε
3558 3841 3938 3911 καταδρομὰς,
3960 3844 4064 3892 καὶ

2456 3932 2518 3985 οὐ
2560 3932 2858 4002 συνεχώρει
2893 3932 3037 3984 κατὰ
3073 3932 3174 4001 τῆς
3206 3931 3391 4002 χώρας
3415 3932 3586 3992 ἀδεῶς
3609 3932 4063 3986 διασκίδνασθαι.

2470 4024 2559 4087 Ὡς
2607 4020 2702 4078 οῦν
2734 4026 2800 4077 τὰ
2830 4026 2928 4096 μὲν
2970 4025 3117 4096 δρῶν
3150 4027 3221 4079 τὰ
3252 4026 3309 4079 δὲ
3340 4025 3642 4097 ἁπρακτῶν
3684 4028 3712 4078 ὁ
3748 4026 4062 4099 βάρϐαρος,

2457 4114 2558 4184 ἤδη
2598 4113 2811 4168 καὶτοῦ
2854 4115 3052 4185 καιροῦ
3080 4115 3377 4179 καλοῦντος
3421 4116 3610 4182 αὑτὸν,
3642 4116 3744 4186 τῆς
3794 4116 3935 4186 πρὸς
3983 4118 4067 4171 τὰ

2456 4208 2634 4259 οικεῖα
2659 4208 2920 4259 ἐπανόδου
2955 4209 3201 4279 ἐμνήσθη
3227 4209 3323 4262 καὶ
3349 4211 3488 4279 μετὰ
3518 4209 3667 4273 λείας
3690 4210 3891 4279 συχνῆς
3916 4212 4069 4280 πρὸς

2457 4298 2554 4369 τὴν
2593 4300 2728 4353 ἰδίαν
2750 4302 2935 4373 χώραν
2951 4303 3313 4373 ὑπέστρεφεν,
3333 4302 3577 4373 ἀφώρισε
3604 4304 3706 4362 δύο,
3718 4303 3827 4356 τῶν
3854 4320 4072 4375 στρατ-

2457 4392 2608 4461 ηγῶν
2660 4394 2689 4445 ὁ
2734 4394 2842 4446 τῶν
2906 4394 3115 4464 σχολῶν
3165 4395 3532 4465 ἐξηγούμενος
3580 4396 3649 4459 ⁸⁸,
3698 4398 3791 4448 τόν
3849 4414 3907 4447 τε
3957 4398 4069 4449 τοῦ

2459 4485 2771 4553 Χαρσιανοῦ
2828 4489 2921 4539 καὶ
2952 4487 3057 4539 τῶν
3106 4488 3434 4557 Ἀρμενίων,
3496 4488 3637 4558 μετὰ
3665 4492 3765 4558 τῆς
3796 4492 3927 4556 περὶ
3956 4492 4068 4541 αὑ-

765 4567 991 4637 quidem
1019 4567 1284 4621 adversus
1335 4567 1711 4621 Romanorum
1765 4569 1901 4621 lines
1933 4569 2120 4635 copias
2146 4570 2341 4623 immit-

2459 4574 2585 4638 τοὺς
2614 4576 2899 4647 δυνάμεως
2937 4578 3194 4642 ἕκαστον,
3231 4578 3376 4632 ὥστε
3410 4582 3910 4649 συμπαρομαρτεῖν
3957 4581 4068 4632 καὶ

766 4670 923 4725 lcrcl,
968 4660 1017 4713 id
1048 4659 1355 4713 domestico
1388 4660 1807 4729 signiﬁcarent:
1843 4661 1927 4713 sin
1965 4670 2116 4715 recto
2158 4662 2354 4717 itinere

769 4753 821 4804 in
856 4768 1010 4806 suam
1041 4768 1099 4806 se
1152 4754 1416 4805 latebram
1443 4752 1731 4821 reciperet,
1785 4751 1878 4806 illo
1909 4754 2139 4808 dimisso
2165 4756 2231 4808 ad
2275 4756 2356 4825 ip-

768 4860 889 4899 sum
921 4860 1115 4899 rursus
1140 4846 1401 4898 redirent.

2462 4672 2764 4740 ὲφέπεσθαι
2799 4672 2878 4740 τῷ
2922 4673 3255 4744 Χρυσόχειρι
3313 4673 3443 4744 ἄχρι
3494 4673 3589 4726 τοῦ
3638 4672 4071 4743 Βαθυρρύακος,

2463 4764 2722 4817 κάκεῖθεν
2776 4768 2823 4818 εί
2881 4767 2980 4835 μὲν
3035 4769 3310 4835 ὲπαφήσει
3358 4767 3502 4820 κατὰ
3562 4766 3672 4818 τῶν
3730 4766 4073 4834 Ῥωμαϊκῶν

2470 4855 2634 4925 ὁρίων
2666 4859 2919 4928 στρατὸν,
2949 4858 3110 4928 δῆλον
3150 4859 3310 4912 τοῦτο
3363 4859 3441 4929 τῷ
3472 4859 3783 4929 δομεστίκῳ
3821 4860 4075 4929 ποιήσα..

770 4937 917 5001 σθαι,
952 4940 999 4991 εἰ
1029 4938 1083 4991 δὲ
1121 4938 1259 5010 πρὸς
1303 4938 1395 4991 τὸν
1440 4940 1639 4992 οἰκεῖον
1694 4940 1901 5009 φωλεὸν
1927 4943 2344 5015 ἀμεταστρεπτὶ
2383 4948 2618 5018 βαδίζων
2648 4954 2970 5021 εἰσδύνειεν,
3025 4956 3297 5019 ἐάσαντας
3360 4954 3552 5009 τοῦτον
3600 4955 3759 5018 αὖθις
3818 4958 4070 5017 ὲπανελ,

769 5032 882 5085 θεῖν
913 5030 1051 5099 πρὸς
1081 5032 1264 5085 αὐτόν.

840 5124 930 5177 42.
966 5122 1086 5179 Jam
1146 5126 1328 5193 itaque
1368 5125 1435 5179 ad
1500 5141 1624 5180 eum
1658 5128 1751 5196 qui
1787 5127 1968 5181 dictus
1998 5136 2083 5184 est
2118 5130 2353 5203 Bathyr-

679 5274 681 5276 .
769 5221 958 5291 rhyari
1030 5222 1236 5285 locum,
1305 5221 1794 5290 advesperascente
1851 5224 1939 5278 die
1992 5225 2351 5281 barbarorum

768 5314 1029 5367 devectus
1068 5314 1345 5368 exercitus
1370 5313 1438 5367 ad
1491 5315 1655 5383 pedes
1689 5317 1891 5371 montis
1913 5319 2187 5373 consedit.
2240 5320 2353 5373 Ro-

772 5420 1063 5458 manorum
1098 5406 1266 5460 duces
1298 5406 1444 5460 illius
1474 5408 1758 5476 superiora
1792 5418 2088 5478 occupant,
2120 5425 2185 5464 ac
2219 5411 2351 5480 quid

772 5506 1100 5551 eventurum
1154 5498 1226 5552 sit
1272 5498 1591 5568 dispiciunt.
1650 5499 1870 5554 Interim
1923 5501 2066 5556 inter
2113 5503 2350 5559 duorum

774 5587 1076 5643 themalum
1112 5590 1341 5655 milites,
1369 5600 1422 5644 ct
1469 5592 1722 5645 ordinum
1788 5602 2205 5663 turtuaruuzque
2251 5598 2353 5649 du-

775 5690 959 5737 ctores
988 5699 1050 5737 ac
1086 5684 1507 5754 manipularios,
1538 5685 1819 5739 contentio
1868 5685 2117 5754 qmcdam
2163 5696 2217 5740 et
2253 5702 2353 5756 pu-

2541 5128 2649 5201 μβ’.
2675 5130 2814 5200 Ἤδη
2847 5128 2939 5181 οῦν
2982 5128 3078 5181 τοῦ
3131 5128 3473 5200 βαρϐαρικοῦ
3517 5128 3932 5200 στρατεύματος
3964 5150 4074 5197 γε-

2465 5225 2684 5291 γονότος
2713 5225 2770 5275 ὲν
2800 5222 3041 5292 ἑσπέρας
3072 5222 3251 5292 καιρῷ
3280 5220 3422 5274 κατὰ
3451 5220 3545 5272 τὸν
3578 5220 3922 5291 καλούμενον
3954 5225 4071 5275 Bu-

2466 5319 2751 5388 Ουρῤύακα
2782 5316 2876 5369 καὶ
2900 5315 3230 5384 αὑλισμένου
3270 5315 3421 5367 κάτω
3453 5312 3591 5385 πρὸς
3622 5313 3721 5385 τὴν
3754 5313 3850 5367 τοῦ
3894 5315 4069 5385 ὅρους

2466 5409 2765 5479 ὑπώρειαν,
2796 5407 2904 5461 τῶν
2965 5407 3022 5459 δὲ
3064 5404 3395 5475 Ῥωμαϊκῶν
3454 5405 3781 5476 στρατηγῶν
3811 5408 4069 5458 zamia-

2465 5503 2667 5556 ϐὁντων
2689 5502 2757 5556 τὰ
2786 5500 2980 5555 τούτου
3032 5499 3416 5571 μετεωρότερα
3449 5501 3544 5553 καὶ
3573 5499 3636 5552 τὸ
3678 5498 3873 5569 μέλλον
3922 5502 4075 5552 ἀπο-

2465 5596 2831 5662 σκοπούντων,
2860 5593 3129 5665 ἐμπίπτει
3153 5611 3235 5657 τις
3266 5592 3383 5664 ἔρις
3405 5594 3536 5662 περὶ
3566 5592 3679 5647 τῶν
3705 5593 3752 5622 ⁸⁸
3769 5592 4076 5663 πρωτείων

2464 5689 2557 5741 καὶ
2593 5688 2793 5756 ἅμιλλα
2840 5690 2949 5750 τοῖς
2986 5686 3087 5740 τῶν
3141 5685 3232 5738 δύο
3267 5684 3519 5755 θεμάτων
3558 5682 3923 5750 στρατιώταις
3968 5694 4079 5741 καὶ

2078 5778 2311 5833 ΥΑΙΗἉΕ
2372 5778 2779 5837 LEC'I'IONES.

853 5870 890 5892 ⁸⁸
922 5867 977 5927 ὃς
1008 5864 1236 5931 ἐξελθὼν
1260 5883 1369 5925 om.
1403 5867 1461 5924 I’.
1541 5870 1583 5903 εδ
1621 5870 2001 5941 ἁςϊι’,ὀ·.ῖμενο;
2030 5872 2096 5927 Α.

2175 5872 2217 5904 ⁸⁵
2252 5871 2358 5925 τῶν
2381 5874 2442 5925 Α.
