4154 6446
110 418 195 483 289
1196 412 1343 473 LIB.
1386 414 1450 473 V.
1501 438 1561 446 -
1598 404 2304 475 BASILIUSiMACEDO.

3252 412 3362 479 290

111 533 407 601 ταξιάρχαις
435 530 527 582 ml.
568 529 920 599 λοχαγωγοῖς,
955 528 1060 582 τῶν
1092 528 1191 598 μὲν
1228 527 1322 581 τοῦ
1356 526 1667 597 Χαρσιανοῦ

1776 541 1877 595 gna
1912 526 1976 579 de
2008 526 2224 579 virtutis
2259 525 2577 595 praestantia
2606 524 2815 582 incidit.
2854 527 3017 599 273
3040 527 3359 585 Cltarsiani-

112 627 304 687 ἑαυτοῖς
332 625 757 694 ἐπιγραφόντων
803 622 865 675 τὸ
898 621 1187 691 πρεσϐεῖον
1215 621 1316 689 τῆς
1342 622 1463 674 κατ’
1500 620 1669 690 ἀλκὴν

110 717 308 789 ἀρετῆς,
332 716 572 785 ἔμπαλιν
606 716 662 768 δὲ
686 716 793 768 τῶν
827 713 1203 783 Ἀρμενιακῶν
1233 712 1306 785 μὴ
1331 711 1672 781 μεθιεμένων

111 812 192 875 τῆς
216 810 273 859 ἐν
306 811 419 871 τοῖς
456 807 713 876 πολέμοις
754 805 977 875 ἀνδρίας
1010 804 1071 857 τὺ
1106 805 1377 875 πρωτεῖον
1427 803 1674 865 ἐκείνους

111 900 291 954 λαϐεῖν.
330 900 423 962 Ὠς
449 895 543 952 οὖν
585 900 677 952 ἐπὶ
708 898 870 951 πλέον
894 898 961 949 τὰ
991 896 1092 964 τῆς
1119 894 1456 964 φιλονεικίας
1491 895 1672 957 αὐτοῖς

111 994 283 1063 ἐχώρει
311 993 407 1045 καὶ
430 994 498 1045 τὰ
534 992 703 1062 φρονή
716 1008 865 1059 ματα
889 988 1223 1059 διηρέθιστο,
1256 987 1513 1057 λεχθῆναί
1538 1004 1673 1055 φασι

112 1086 238 1154 παρὰ
290 1084 400 1137 τῶν
451 1083 850 1154 πρωτευόντων
896 1081 992 1133 τοῦ
1053 1082 1161 1134 τῶν
1204 1082 1249 1114 ⁸⁷
1296 1078 1672 1152 Ἀρμενιακῶν

112 1177 255 1246 σλστή
267 1194 455 1245 ματος,
484 1176 561 1239 ὠς
592 1178 729 1231 Ἵνα
758 1176 815 1228 τί
858 1175 1059 1243 μιίτην
1087 1175 1156 1227 ἐν
1184 1176 1389 1242 λόγοις
1425 1174 1674 1228 ἔκαστοι

111 1267 506 1335 θρασυνόμεθα
535 1268 634 1319 καί
669 1266 977 1335 αὐχοῦμεν
1013 1264 1321 1333 διακενῆς,
1362 1265 1506 1329 ἐξὸν
1550 1262 1673 1329 τοῖς

110 1356 280 1423 ἔργοις
317 1357 434 1419 τὴν
466 1356 927 1425 ἀμφισϐήτητον
979 1356 1202 1424 ἀρετὴν
1229 1356 1672 1420 ἐπιδείξασθαι;

113 1447 211 1499 τῶν
249 1449 356 1516 γὰρ
392 1432 698 1518 πολεμίων
737 1452 809 1504 οὺ
838 1450 1080 1518 μακρὰν
1132 1450 1518 1518 ἀπεχόντων,
1575 1448 1675 1512 ἐξ·

111 1556 256 1593 εστιν
277 1541 377 1594 ἐπὶ
410 1540 529 1594 τῶν
550 1542 739 1612 ἔργων
763 1544 1028 1611 φανῆναι
1049 1542 1191 1607 τοὺς
1212 1540 1476 1610 ἀριστεῖς
1493 1540 1590 1594 καί
1604 1542 1671 1594 ἐκ

116 1632 208 1698 τῆς
256 1633 411 1686 κατὰ
459 1635 631 1703 χεῖρα
684 1636 1109 1705 γενναιότητος
1183 1635 1459 1703 κριθῆναι
1523 1634 1667 1701 τοὺς

110 1725 518 1795 ὑπερέχοντας.
562 1727 700 1791 Τοὺς
726 1716 1002 1791 τοιούτους
1033 1728 1213 1780 τοίνυν
1258 1727 1451 1795 λόγους
1480 1728 1670 1795 διακη-

112 1819 271 1883 κοότες
298 1822 349 1873 οἱ
399 1822 721 1891 στρατηγοὶ,
773 1822 868 1875 καὶ
906 1821 1006 1890 τὴν
1057 1820 1195 1891 πρὸς
1228 1820 1451 1888 ἀνδρίαν
1496 1818 1673 1889 ὁρμὴν

1779 627 1844 671 t.e
1901 618 2139 682 virtutis,
2174 633 2295 686 qua:
2328 620 2379 670 in
2416 618 2736 672 fortitudine
2787 631 2891 685 est,
2921 623 3218 691 primatum
3245 622 3355 678 sibi

1776 708 2169 763 vindicabant:
2202 719 2394 763 contra
2428 709 2741 765 Armeniaci
2772 711 2908 766 nihil
2943 728 3002 768 se
3038 714 3129 768 illa
3163 716 3363 770 virtute

1780 797 1847 851 iis
1886 800 2122 867 impares
2154 801 2379 854 omnino
2408 801 2822 857 obnitebantur.
2854 804 3197 873 Augescente
3263 800 3363 861 ita-

1780 899 1886 954 que
1917 887 2057 946 rixa.
2090 895 2143 941 et
2173 901 2297 941 cum
2345 890 2585 958 partium
2635 890 2946 947 irritaretur
2981 892 3257 963 ferocitas,
3292 897 3363 951 ab
3392 884 3394 886 V

1775 979 2234 1034 Armeniacorum
2298 992 2475 1038 cmtus
2534 984 2868 1052 primoribus
2910 986 2963 1041 in
3020 987 3137 1043 haec
3193 992 3361 1046 verba

1778 1083 2092 1141 peroratunt
2131 1073 2312 1128 ferunt
2355 1093 2366 1127 :
2396 1074 2535 1139 Quid
2572 1076 2778 1144 frustra
2808 1078 2976 1132 uerbis
3002 1080 3200 1150 singuli
3229 1079 3365 1149 [ero-

1776 1164 1943 1216 cimus
1984 1172 2137 1233 atque
2167 1164 2465 1233 jactamus,
2498 1183 2617 1220 cum
2664 1169 2718 1221 in
2758 1180 3005 1238 promptu
3027 1174 3106 1225 sit
3148 1174 3359 1228 virtutis

1774 1253 2031 1319 specimen
2067 1258 2217 1318 dare,
2240 1270 2344 1323 qua
2368 1254 2433 1307 de
2457 1255 2774 1325 ambigimus
2799 1260 2825 1311 .9
2851 1275 2970 1312 cum
2999 1262 3141 1314 enim
3181 1262 3359 1317 hostes

1772 1346 1915 1399 haud
1949 1348 2102 1417 longe
2128 1349 2325 1411 absint,
2353 1360 2573 1418 possunt
2605 1353 2695 1419 qui
2728 1355 2828 1407 uiri
2862 1367 3175 1423 prastantes
3214 1359 3361 1413 exsi-

1774 1449 1941 1503 stunt,
1966 1441 2296 1507 facinoribus
2328 1443 2484 1497 editis
2510 1446 2875 1512 inclarescere,
2902 1466 2963 1501 ac
2992 1453 3082 1511 qui
3115 1452 3244 1521 forti
3270 1469 3359 1507 ro-

1775 1531 1899 1584 bore
1922 1532 2213 1601 prrrcellat,
2262 1534 2471 1602 judicio
2532 1539 2732 1603 primas
2778 1538 3030 1593 obtinere.
3084 1541 3178 1596 His
3228 1558 3359 1615 ergo

1774 1624 2030 1679 ductores
2082 1628 2434 1683 sermonibus
2476 1630 2702 1696 auditis,
2758 1632 3101 1701 militumque
3139 1634 3205 1687 ad
3260 1634 3362 1688 im-

1774 1718 2117 1785 pressionem
2155 1718 2460 1774 faciendam
2499 1720 2694 1776 fortem
2748 1724 2992 1777 animum
3030 1736 3195 1794 atque
3242 1728 3359 1782 ala-

1778 1824 1925 1863 crem
1982 1811 2423 1876 considerantes,
2463 1829 2677 1868 necnon
2724 1816 2897 1884 ipsius
2963 1817 3064 1871 loci
3096 1829 3361 1888 opportu-

110 1910 188 1961 καὶ
223 1878 533 1980 προθυμίαν
580 1878 1023 1981 κατανοήσαντες
1175 1878 1342 1984 1701'
1369 1912 1463 1964 τοῦ
1512 1878 1669 1977 ίὲοὸ,

1777 1902 2003 1955 nitatem
2065 1904 2206 1957 haud
2242 1904 2356 1957 leve
2420 1906 2522 1959 sibi
2558 1906 2625 1959 ad
2674 1908 2961 1961 victoriam
3018 1920 3356 1965 momentum

112 2002 485 2071 συννοήσαντες
510 2002 568 2055 δὲ
596 2004 692 2056 καὶ
721 2004 819 2072 τὴν
843 2004 952 2056 ἀπὸ
976 2002 1069 2057 τοῦ
1099 2004 1266 2057 τόπου
1297 2002 1571 2075 βοήθειαν,
1594 2006 1673 2059 ὅτι

111 2094 157 2158 ἐξ
187 2095 514 2165 ὑπερδεξίων
536 2098 652 2159 τοῖς
683 2097 740 2148 ἐν
772 2096 1015 2166 ἐπιπέδῳ
1043 2096 1504 2166 κατηυλισμένοις
1533 2097 1665 2166 μέλ-

109 2183 267 2237 λουσιν
299 2186 667 2249 ἐπιτίθεσθαι,
696 2187 821 2256 διχῆ
852 2185 1124 2256 διαιροῦσι
1159 2187 1260 2257 τὴν
1277 2188 1506 2257 δύναμιν
1526 2205 1537 2217 °
1575 2191 1670 2242 καὶ

110 2278 159 2329 τὸ
186 2279 277 2348 μὲν
304 2279 566 2351 ἔκκριτον
596 2280 767 2349 αὐτῆς
808 2278 854 2312 ⁸³
903 2280 1066 2349 ἄχρις
1119 2280 1285 2349 ἒκτης
1317 2281 1673 2343 έκατοντάδος

112 2369 231 2436 μετὰ
260 2370 368 2422 τῶν
403 2386 466 2437 γε
495 2370 606 2423 τῶν
626 2370 671 2402 ⁸³
702 2369 1027 2439 στρατηγῶν
1051 2369 1384 2438 προσϐαλεῖν
1407 2372 1453 2403 ³⁸
1480 2371 1673 2441 ἐκρίθη

109 2458 173 2527 τῷ
203 2460 305 2513 τῶν
352 2460 650 2532 βαρϐαρων
687 2459 921 2531 στρατῷ,
959 2460 1020 2514 τὸ
1053 2460 1111 2515 δὲ
1144 2460 1329 2515 λοιπὸν
1357 2461 1458 2530 τῆς
1490 2464 1673 2531 εὐαρι-

110 2551 295 2619 θμήτου
335 2553 656 2624 Ῥωμαῖκῆς
687 2554 947 2623 στρατιᾶς
973 2555 1033 2617 ἐς
1057 2552 1281 2623 δόκησιν
1314 2554 1551 2625 πλήθους
1574 2555 1672 2608 αύ-

108 2643 186 2694 τοῦ
216 2660 312 2696 που
342 2646 483 2712 πρὸς
515 2646 586 2697 τὰ
619 2645 871 2713 μετέωρα
917 2644 1381 2709 συσκευάσαντες,
1425 2646 1519 2698 καὶ
1545 2645 1673 2699 σύν-

112 2735 240 2803 θημα
261 2736 449 2799 δόντες
481 2737 697 2807 καιροῦ,
734 2737 799 2789 ἶν’
841 2740 970 2790 ὃταν
993 2731 1139 2790 οὗτοι
1163 2738 1511 2807 προσϐάλωσι
1560 2741 1673 2802 τοῖς

112 2825 322 2896 ἐχθροῖς,
362 2830 614 2881 κακεῖνυι
649 2829 747 2881 σὺν
787 2827 1090 2898 ἀλαλαγμῷ
1127 2830 1369 2899 μεγίστῳ
1401 2830 1495 2884 καὶ
1542 2831 1671 2884 σάλ-

109 2919 260 2985 πιγξι,
288 2920 749 2991 συνεπηχούντων
777 2922 871 2973 καὶ
903 2920 1010 2973 τῶν
1044 2922 1216 2989 ὀρέων
1239 2921 1440 2982 αὐτῶν,
1470 2922 1675 2993 ἐκπλη-

108 3008 285 3079 κτικὴν
306 3010 443 3081 βοὴν
477 3013 887 3083 ἀναῤῥήξωσιν,
924 3014 1081 3067 αὐτοὶ
1114 3013 1214 3077 τὰς
1244 3014 1552 3079 πανοπλίας
1586 3017 1673 3068 ὲν-

107 3100 318 3168 εύονται,
352 3103 451 3155 καὶ
496 3104 722 3171 ἀφανῶς
767 3104 857 3158 διὰ
913 3105 1108 3169 νυκτὸς
1160 3110 1226 3176 τῇ
1281 3108 1673 3177 στρατοπεδείᾳ

1774 1994 1969 2049 afferre
1998 1996 2320 2062 sentientes,
2357 2003 2503 2065 qvod
2532 2014 2562 2052 e
2596 2000 2816 2053 sublimi
2847 2000 2970 2054 loco
3002 2001 3264 2070 impetum
3301 2002 3356 2058 in

1774 2088 1960 2143 hostes
1984 2099 2143 2143 erant
2174 2089 2393 2155 facturi,
2437 2093 2530 2161 qui
2576 2095 2628 2145 in
2664 2094 2804 2146 valle
2837 2102 3019 2148 castra
3057 2094 3352 2161 habebant,

1774 2179 1913 2234 duas
1937 2180 1990 2234 in
2023 2190 2207 2249 partes
2237 2183 2425 2250 copias
2452 2185 2719 2238 dividunt.
2752 2184 3103 2240 Selectiorem
3133 2202 3356 2243 manum

1775 2273 1841 2325 ad
1868 2282 2153 2328 sexcentos
2175 2290 2298 2327 cum
2326 2275 2457 2343 ipsis
2484 2274 2807 2332 ductoribus
2830 2278 2881 2331 in
2913 2278 3122 2334 hostem
3148 2280 3359 2335 irrucre

1773 2364 2116 2418 decernunt:
2150 2366 2347 2435 reliqui
2390 2382 2621 2422 numero
2668 2383 2775 2422 non
2814 2370 2970 2423 multi
3023 2372 3078 2424 in
3134 2372 3357 2427 sublimi

1772 2465 2001 2523 starent,
2026 2456 2288 2511 conferta:
2317 2458 2685 2514 multitudinis
2718 2462 2954 2529 speciem
2988 2459 3356 2530 praeferentes,

1773 2546 1897 2602 data
1928 2549 2191 2617 temporis
2219 2556 2452 2617 tessera,
2490 2560 2549 2605 ut
2598 2568 2722 2606 cum
2779 2554 2856 2606 illi
2907 2553 3119 2609 hostem
3180 2554 3359 2609 adori-

1773 2650 1983 2705 rentur,
2018 2641 2168 2697 illie‘o
2201 2642 2253 2696 hi
2286 2644 2526 2697 maximo
2559 2660 2684 2698 cum
2732 2645 2927 2714 plausu
2982 2657 3036 2700 et
3086 2648 3233 2703 tubis
3266 2664 3359 2704 ca-

1773 2733 2027 2786 nentibus
2061 2734 2359 2789 terribilem
2395 2738 2632 2807 rugitum
2689 2754 2792 2790 una
2830 2753 3054 2808 quoque
3120 2740 3359 2794 reboan-

1776 2828 1921 2881 tibus
1978 2829 2264 2884 montibus
2327 2830 2572 2884 ederent.
2633 2830 2724 2885 Sic
2784 2847 2937 2885 arma
2988 2834 3242 2899 induunt,
3295 2848 3360 2888 ac

1775 2919 1988 2972 occulte
2015 2935 2109 2987 per
2135 2932 2347 2976 noctem
2380 2922 2445 2975 ad
2493 2922 2733 2977 hostium
2773 2922 2937 2994 274
2965 2934 3142 2978 castra
3201 2941 3360 2980 acce-

1774 3010 1930 3065 dunt.
2000 3011 2227 3067 Summo
2282 3023 2464 3067 autem
2539 3030 2735 3078 mane,
2789 3032 2914 3068 cum
2983 3017 3213 3071 necdum
3277 3017 3360 3071 sol

1776 3119 2007 3159 emenso
2041 3108 2259 3175 penitus
2292 3107 2540 3176 sul-jeeto
2589 3109 2749 3161 nobis
2781 3109 3166 3177 hemisphaerio
3192 3124 3362 3163 emer-

107 3193 199 3245 τῶν
249 3194 543 3265 δυσμενῶν
573 3195 952 3266 πλησιάζουσι.
1002 3198 1118 3268 Πρὸ
1150 3199 1250 3267 τῆς
1298 3198 1374 3251 ἕω
1406 3199 1481 3263 δὲ,
1521 3198 1673 3254 οὔπω

1781 3195 1960 3261 sisset,
1998 3211 2193 3265 magna
2223 3211 2355 3250 voce
2406 3212 2592 3266 paeana
2622 3207 2926 3263 cantantes,
2964 3211 3016 3252 et
3064 3197 3193 3250 Vicit
3230 3214 3360 3250 crux

107 3286 183 3336 τοῦ
211 3286 359 3354 ἡλίου
388 3287 454 3339 τὸ
479 3288 585 3339 ὑπὸ
628 3288 733 3358 γῆν
782 3289 1007 3351 τελείως
1059 3290 1505 3360 παραλλάξαντος
1540 3292 1675 3361 ἡμι-

106 3379 357 3449 σραξριον,
391 3378 492 3449 βοῇ
524 3380 758 3450 στιϐαρᾷ
781 3381 1167 3443 παιανίσαντες
1189 3382 1364 3434 καὶτὸ
1386 3383 1452 3447 ⁹¹,
1483 3385 1675 3437 Σταυ-

100 3472 191 3536 pag
206 3474 517 3539 νενίκηκε,
538 3488 603 3524 συ
611 3471 750 3542 μϐοή
759 3489 948 3535 σαντες
964 3472 1296 3527 ἐπιτίθενται
1310 3477 1422 3537 τοῖς
1439 3474 1673 3546 ἐχθροῖς,

107 3565 656 3630 συνεπαλαλαξαντων
693 3566 803 3618 ἀπὸ
839 3564 934 3618 τοῦ
979 3566 1141 3637 ὅρους
1177 3567 1273 3619 καὶ⁵
1304 3566 1414 3619 τῶν
1451 3566 1673 3621 λοιπῶν.

105 3655 260 3719 Εὐθὺς
285 3652 383 3710 οὖν
405 3656 486 3725 τῷ
515 3654 825 3725 ἀνελπίστῳ
844 3655 1291 3723 καταπλαγέντες
1315 3657 1364 3708 οἱ
1386 3654 1675 3728 βάρϐαροι,

104 3750 182 3798 καὶ
205 3749 338 3816 μήτε
375 3747 649 3817 συστῆναι
685 3747 820 3817 μήτε
866 3748 929 3800 τὸ
960 3747 1115 3801 ὲπιὺν
1148 3747 1352 3818 πλῆθος
1405 3749 1530 3802 ὅσον
1561 3749 1679 3802 ἐστὶ

102 3835 337 3902 λαϐόντες
388 3838 591 3907 καιρὸν
649 3839 911 3905 κατιδεῖν,
970 3840 1096 3909 μήτ’
1136 3839 1266 3893 ἄλλο
1297 3857 1347 3893 τι
1408 3841 1677 3912 σωτήριον

102 3932 291 3994 ἑαυτοῖς
316 3935 385 3985 ὲκ
413 3931 515 3985 τοῦ
540 3933 884 4003 παραχρῆμα
916 3932 1240 4003 ἰσχύσαντες
1275 3934 1529 3999 συνιδεῖν,
1566 3934 1675 4004 ὥρι-

103 4037 259 4090 μησαν
289 4024 435 4093 πρὸς
470 4024 674 4091 φυγὴν,
718 4024 818 4092 τῆς
855 4023 949 4076 τοῦ
981 4024 1251 4094 βασιλέως
1279 4024 1502 4088 τούτους
1537 4027 1675 4079 πάν-

100 4128 190 4175 τως
214 4115 481 4184 ὲπιμόνου
516 4113 949 4185 ὲκδειματούσης
980 4115 1145 4184 εὐχῆς
1166 4116 1171 4117 ⁷
1192 4114 1286 4167 καὶ
1316 4115 1674 4169 συνελαυνού-

101 4221 184 4274 σης
233 4208 373 4279 πρὸς
440 4207 690 4277 ὄλεθρον.
727 4207 848 4259 Τῶν
899 4206 993 4261 οὖν
1039 4208 1348 4261 διωκόντων
1387 4207 1675 4279 Ῥωμαίων

101 4302 327 4364 καὶτοὺς
364 4301 445 4371 μὴ
472 4301 734 4364 συνόντας
761 4301 1002 4371 συνεχῶς
1029 4301 1417 4368 ἐπιϐοωμένων
1476 4318 1675 4372 στρατ-

100 4394 244 4459 ηγοὺς
268 4394 367 4451 καὶ
385 4394 460 4447 τά
492 4393 750 4463 τάγματα
772 4395 867 4445 καὶ
887 4394 978 4445 τὸν
992 4393 1106 4447 τῶν
1125 4394 1331 4463 σχολῶν
1360 4393 1677 4463 ἀφηγούμε-

100 4500 191 4549 νον,
224 4486 493 4557 καθάπερ
520 4487 705 4549 αὐτοῖς
728 4486 1076 4551 συντέτακτο,
1105 4488 1202 4541 καὶ
1236 4487 1346 4540 τῶν
1369 4488 1677 4556 φευγόντων

1778 3289 2207 3352 conclamantes,
2238 3289 2633 3357 aggrediuntur
2666 3289 2904 3354 hostem,
2938 3288 3104 3343 simul
3135 3290 3361 3360 reliquis

1776 3378 1845 3433 de
1876 3389 2061 3433 monte
2083 3364 2379 3433 militarem
2406 3379 2901 3433 conclamationem
2935 3380 3246 3437 edentibus.
3290 3384 3360 3435 At

1779 3473 1998 3528 barbari
2028 3474 2212 3529 subito
2243 3490 2302 3528 re
2345 3475 2619 3543 insperata
2656 3474 2959 3543 perterriti,
2994 3491 3172 3544 neque
3219 3476 3363 3530 inter

1780 3581 1839 3621 se
1897 3566 2047 3621 coire
2088 3583 2191 3622 nec
2248 3566 2685 3636 contemplanda:
2735 3566 3062 3621 irruentium
3119 3566 3361 3621 hostium

1779 3657 2148 3711 multitudinis
2181 3666 2396 3726 tempus
2448 3658 2670 3722 habere,
2713 3672 2891 3727 neque
2926 3658 3150 3711 omnino
3204 3659 3362 3727 quid-

1778 3766 1945 3819 quam
1982 3751 2222 3805 salutare
2264 3751 2558 3805 consulere
2610 3765 2793 3820 posse,
2822 3750 2916 3805 sed
2949 3749 3087 3819 fuga:
3115 3766 3175 3805 se
3203 3752 3358 3815 dare,

1778 3842 2131 3911 imperatoris
2167 3857 2395 3910 prorsus
2427 3840 2651 3898 assidua
2706 3842 2772 3895 ad
2823 3839 2991 3896 Deum
3047 3843 3363 3911 precatione

1777 3951 1875 3989 eos
1907 3945 2246 4003 perterrente
2274 3946 2436 4003 atque
2467 3935 2519 3987 in
2550 3933 2831 3987 interitum
2863 3934 3216 4002 propellente.
3252 3931 3361 3986 Ro-

1778 4026 1955 4078 manis
2014 4025 2197 4092 itaque
2256 4021 2696 4092 insequentibus,
2751 4022 3119 4091 absentesque
3191 4023 3363 4076 duces

1777 4129 1940 4186 atque
1974 4116 2197 4171 ordines
2220 4114 2538 4184 scholisque
2567 4113 2885 4184 praefectum
2917 4114 3177 4168 continue
3208 4130 3361 4167 eum-

1777 4210 2126 4282 pellantibus,
2158 4210 2303 4265 sicut
2336 4208 2513 4262 fuerat
2557 4219 2911 4278 praereptum,
2945 4216 3108 4262 aucto
3148 4208 3363 4275 fugien-

1779 4304 1912 4358 tium
1967 4316 2171 4371 pavore
2229 4315 2293 4354 ac
2333 4301 2570 4354 tumultu
2629 4302 2695 4354 ad
2752 4301 3093 4370 trigesimum
3130 4302 3366 4355 milliare

1778 4400 2213 4464 persequuntur,
2240 4391 2703 4462 interiectumque
2728 4393 2967 4463 spatium
2998 4392 3369 4447 cadaveribus

1782 4494 2167 4543 consternunt.

100 4580 165 4641 εἰς
191 4580 414 4633 πλείονα
443 4579 617 4649 φόϐον
651 4579 1121 4651 συνελαυνομένων
1148 4580 1242 4633 καὶ
1274 4582 1540 4652 ταραχὴν,
1574 4582 1771 4653 συνέϐη
1808 4582 1969 4653 μέχρι
1999 4579 2192 4651 μιλίων
2234 4579 2541 4650 τριάκοντα
2592 4577 2847 4645 γενέσθαι
2874 4578 2993 4648 ’τὴν
3037 4578 3220 4644 δίωξιν
3272 4572 3369 4633 καὶ

99 4670 173 4722 τὸν
232 4674 446 4742 μεταξὺ
519 4674 696 4744 χῶρον
747 4673 995 4743 ἀπείροις
1056 4674 1509 4745 καταστρωθῆναι
1573 4679 1808 4745 νεκροῖς.

156 4747 259 4834 μί.
285 4767 422 4819 Ὅτε
453 4765 555 4818 καὶ
586 4767 679 4819 τὸν
703 4766 893 4835 ἀναιδῆ
924 4768 1018 4821 καὶ
1047 4768 1252 4837 θρασὺν
1282 4769 1491 4822 ἐκεῖνον
1520 4770 1667 4839 Χρυ-

1845 4769 1937 4823 43.
1973 4766 2121 4821 Inter
2146 4765 2264 4820 haec
2297 4765 2465 4819 etiam
2502 4763 2869 4832 impudentem
2900 4762 3278 4832 audacemque
3301 4766 3365 4821 il-

102 4858 299 4931 σόχειρα
320 4860 577 4929 λέγεται,
628 4860 725 4913 σὺν
746 4859 948 4927 ὀλίγοις
975 4859 1246 4929 φεύγοντα
1283 4861 1391 4914 τῶν
1421 4862 1553 4931 περὶ
1574 4864 1673 4916 αύ-

98 4952 191 5015 τὸν,
215 4952 689 5005 ὲπικαταδιῶκειν
725 4951 1011 5021 Ῥωμαίων
1036 4954 1085 4985 ’³
1115 4953 1259 5019 τινὰ,
1298 4954 1361 5007 τὸ
1394 4954 1673 5025 Πουλάδην

100 5044 437 5115 παρωνύμιον
462 5043 728 5113 φέροντα,
766 5043 825 5097 ὃν
844 5042 1045 5113 συνέϐη
1076 5045 1207 5097 ποτὲ
1233 5044 1376 5098 κατὰ
1396 5045 1674 5115 Τεφρικὴν

98 5138 337 5202 γεγονότα
367 5137 730 5207 αἰχμάλωτον
758 5136 849 5191 διὰ
874 5138 935 5190 τὸ
962 5137 1259 5208 ἀστεῖσμοῦ
1286 5137 1533 5208 μετέχειν
1580 5137 1678 5191 καὶ

98 5231 293 5300 χάριτος
320 5232 540 5301 συνήθη
560 5230 658 5282 καὶ
675 5228 951 5300 γνώριμον
967 5229 1304 5300 χρηματίσαι
1325 5229 1673 5299 Χρυσόχειρι.

104 5326 329 5378 Ὅνίδὼν
392 5328 422 5379 ὀ
461 5324 746 5395 βάρϐαρος
789 5324 909 5376 τότε
959 5324 1074 5394 μετ’
1130 5321 1525 5394 ἐνθουσιασμοῦ
1582 5322 1675 5377 καὶ

100 5419 388 5491 προθυμίας
444 5417 744 5480 διώκοντα,
804 5417 1186 5486 ἐπιστραφεὶς.
1248 5418 1309 5470 Τί
1340 5431 1461 5479 σοι,
1516 5416 1670 5486 φησὶ,

101 5512 283 5577 κακὸν,
309 5508 358 5567 ὦ
386 5511 597 5575 ἄθλιε,
655 5508 1090 5577 διεπραξάμην,
1139 5509 1446 5577 Πουλὰδη,
1478 5508 1566 5562 ὅτι
1597 5525 1674 5577 με

102 5606 229 5659 cum
258 5604 665 5668 καταδιώκεις
717 5600 1026 5672 μανιωδῶς
1079 5600 1384 5670 ἐπιθυμῶν
1428 5600 1671 5656 ἀνελεῖν

1777 4863 1887 4916 lum
1922 4860 2367 4931 Cbrysocltirem,
2396 4874 2520 4914 cum
2560 4858 2751 4927 paucis
2777 4872 3007 4911 suorum
3040 4857 3364 4927 fugientem,

1780 4954 2156 5008 Romanorum
2187 4952 2503 5022 quemdam,
2534 4957 2898 5017 cognomento
2922 4948 3208 5011 Puladem.
3238 4965 3364 5019 per-

1778 5058 2026 5103 secutum
2061 5047 2263 5111 ferunt,
2296 5047 2388 5115 qui
2423 5044 2710 5114 Tephricze
2757 5043 3034 5113 quondam
3091 5044 3365 5112 captivus,

1782 5141 1925 5209 quod
1955 5138 2185 5194 festivus
2219 5146 2365 5193 esset
2393 5152 2458 5192 ac
2490 5136 2724 5206 lepidus,
2779 5134 3136 5204 Chrysochiri
3204 5135 3362 5188 iuno.

1780 5241 1965 5287 tuerat
1990 5242 2043 5287 et
2073 5233 2143 5287 ab
2166 5247 2234 5287 eo
2275 5233 2327 5286 in
2362 5229 2797 5284 familiaritatem
2853 5227 3031 5283 fuerat
3064 5226 3363 5282 admissus.

1784 5325 1940 5380 Hunc
1971 5335 2030 5380 ut
2079 5326 2217 5380 vidit
2245 5325 2514 5380 barbarus
2578 5321 2785 5377 furiose
2843 5320 3126 5388 alacrique
3176 5321 3363 5373 animo

1781 5419 2182 5489 insequentem,
2228 5430 2531 5491 conversus
2586 5414 2653 5469 ad
2706 5428 2875 5469 eum:
2920 5411 3063 5477 Quid
3114 5412 3229 5472 tibi.
3283 5412 3365 5465 iu-

1780 5511 1918 5581 quit,
1954 5510 2085 5564 maii
2117 5510 2237 5580 feci,
2280 5510 2438 5563 miser
2480 5506 2712 5569 Pulade,
2755 5503 2893 5575 quod
2945 5504 3022 5557 sic
3056 5504 3245 5557 insane
3279 5520 3364 5571 pe-

1780 5614 2079 5671 rempturus
2113 5620 2195 5657 me
2228 5603 2549 5672 persequeris
2578 5602 2603 5655 ?
2636 5598 2727 5654 cui
2762 5598 2851 5653 ille
2878 5595 3171 5651 brevibus:
3212 5593 3365 5660 Quod

1358 5714 1594 5770 VARUE
1620 5716 2026 5774 LECTIONES.

162 5820 201 5851 "
236 5820 343 5873 τῶν
365 5836 485 5874 om.
531 5818 593 5869 l‘.
672 5815 718 5847 ⁸⁸
753 5816 955 5883 ταύτης
990 5817 1051 5869 Α.
1129 5816 1173 5847 ⁸⁸
1215 5815 1445 5871 Allatius
1474 5816 1673 5884 Γετῶν,
1700 5816 2198 5874 manuducentibus
2231 5815 2403 5873 Getis.
2481 5815 2527 5848 ’°
2554 5809 2879 5887 προσϐαλεῖν
2909 5823 3020 5865 om.
3054 5810 3120 5864 A.
3194 5806 3239 5841 ⁹¹
3274 5807 3365 5859 καὶ

108 5890 155 5942 τὸ
182 5922 245 5934 -
269 5891 698 5964 συμϐοήσαντες
730 5903 837 5943 om.
876 5890 940 5941 A.
1020 5888 1064 5917 θ’
1108 5886 1376 5956 Ῥωμαῖον
1410 5890 1475 5941 Α.
