4154 6446
130 424 204 488 993
1184 416 1332 478 LIB.
1377 418 1443 477 ν.
1474 440 1539 453 --
1586 414 1938 477 BASILIUS
1979 417 2302 482 MACEDO.
3238 424 3347 496 29L

130 533 532 595 κσὶὸιδάσκαλον.
581 534 770 600 Οὕτως
825 531 1035 597 οὐδένα,
1090 528 1214 585 καθ’
1250 528 1334 603 [Ρ.
1370 526 1496 601 ΗΞ]
1535 527 1656 585 ὅσον

1762 525 2072 599 disciplinis
2110 530 2445 602 praefecerat.
2475 531 2547 589 Ita
2581 532 2880 603 neminem,
2908 535 3090 607 qnoad
3123 534 3343 598 licebat.

131 624 206 694 οἶός
225 645 269 683 τι
291 623 380 701 ἦν,
419 626 698 699 περιεώρα
735 624 1097 695 λυπούμενον,
1129 620 1264 677 ἀλλὰ
1298 622 1466 677 πᾶσιν
1494 620 1656 692 εὐμε-

1763 620 1975 676 πιωειίε
2002 622 2147 680 illius
2184 625 2349 680 rebus
2380 625 2705 697 negligehat,
2740 625 2833 681 sed
2862 629 3075 685 cunctis
3112 629 3346 703 benigne

130 722 267 785 τῶς-ιι
308 721 403 774 καὶ
438 718 729 793 προσηνῶς
762 716 1142 791 προσεφέρετο.
1179 713 1275 771 καὶ
1315 714 1406 769 τὸν
1434 715 1656 769 δυνατὸν

131 814 276 883 τρόπον
305 812 404 863 οὐκ
428 808 623 878 ἠμέλει
660 807 1180 880 παραμυθούμενος.

182 901 259 971 με’.
283 901 442 955 Ἀλλὰ
472 900 674 972 καίπερ
701 900 841 953 οὕτω
865 899 1147 970 πατρικῶς
1172 917 1229 953 τε
1252 900 1347 953 καὶ
1368 900 1654 969 κηδεμονι-

132 993 210 1054 κῶς
234 993 353 1062 πρὸς
394 993 517 1054 τοὺς
568 993 675 1045 ὑπὸ
713 995 868 1062 χεῖρα
906 992 1300 1062 διατιθέμενος,
1337 987 1480 1061 εἶχεν
1509 992 1658 1060 ὅμως

130 1084 220 1136 τοὺς
254 1081 563 1151 μισοῦντας.
599 1082 799 1150 μᾶλλον
849 1082 904 1135 δὲ
940 1080 1267 1149 φθονοῦντας
1301 1081 1393 1133 καὶ
1433 1080 1656 1133 ἐπιϐου-

129 1172 331 1235 λεύοντας
353 1172 518 1225 αὑτοῦ
542 1175 605 1242 τῇ
637 1171 770 1243 ζωῇ.
790 1173 849 1225 '0
875 1171 981 1243 γὰρ
999 1170 1141 1225 οὕτω
1165 1171 1458 1241 λεγόμενος
1484 1171 1659 1240 Κουρ-

130 1264 254 1327 atatis;
279 1264 379 1316 ὑπὸ
408 1263 640 1318 πλούτου
673 1266 768 1317 καὶ
794 1267 1007 1335 τρυφῆς
1037 1263 1351 1335 ἐξυϐρίσας,
1386 1262 1461 1326 ὡς
1489 1262 1654 1327 ἔοικε,

128 1355 393 1425 τυραννίδος
430 1357 552 1427 ἐρᾷ,
598 1357 693 1410 καὶ
738 1358 1055 1427 ὁμοφρόνων
1090 1356 1299 1427 πληθὺν
1341 1355 1654 1425 συνωμότας

130 1448 270 1501 λαϐὼν
296 1450 485 1519 καιρὸν
514 1448 694 1517 ἐζήτει
719 1450 814 1518 τῆς
842 1450 1160 1514 ἐπιθέσεως.
1210 1450 1297 1513 Ὠς
1322 1448 1378 1502 δὲ
1401 1447 1507 1518 πρὸ
1534 1446 1657 1501 τού-

128 1557 199 1592 του
227 1540 287 1591 τὰ
301 1540 400 1608 τῆς
426 1541 696 1609 συσκευῆς
720 1540 777 1605 ἐξ
796 1541 914 1606 ἐνὸς
933 1542 1041 1595 τῶν
1065 1541 1388 1611 συνωμοτῶν
1415 1540 1658 1611 ἐμηνύθη

129 1632 187 1702 τῷ
230 1633 442 1701 βασιλεῖ,
494 1634 875 1704 παραδίδονται
931 1637 1044 1697 τοῖς
1090 1634 1276 1705 νόμοις
1315 1635 1365 1686 oi
1408 1633 1654 1704 πονηροί.

135 1723 261 1776 Ἀλλὰ
289 1725 445 1777 πάλιν
478 1728 511 1794 ἡ
556 1725 651 1777 τοῦ
689 1726 937 1793 γενναίου
986 1726 1251 1796 βασιλέως
1279 1723 1660 1795 φιλανθρωπία

126 1813 202 1880 τὴν
228 1815 321 1866 τῶν
351 1815 534 1883 νόμων
560 1816 863 1885 αὐστηρίαν
896 1815 1241 1886 παρέθραυεν
1283 1816 1377 1868 καὶ
1406 1815 1504 1878 τὰς
1536 1833 1658 1868 ποι-

1759 709 2078 780 placideque
2140 713 2428 781 utebatur;
2490 729 2556 769 ac
2615 715 2816 785 quibus
2869 715 3048 773 modis
3104 728 3342 788 potera'.

1761 801 1911 855 omni
1941 802 2125 857 studio
2149 802 2392 859 levamen
2422 807 2736 865 adhibebat.

1833 890 1923 946 45.
1959 891 2284 963 Quanquam
2320 910 2448 950 vero
2492 897 2572 952 sic
2606 900 2778 968 patris
2825 898 3168 955 humanitate
3217 914 3336 970 erga

1762 982 2014 1039 subditos
2038 982 2376 1040 adiciebatur
2414 1002 2716 1058 eorumque
2742 990 2936 1044 sedulo
2966 1005 3154 1045 curam
3182 1006 3341 1062 gene-

1760 1074 1873 1138 bat,
1909 1090 2018 1128 non
2055 1075 2350 1132 defuerunt
2382 1089 2559 1133 tamen
2588 1081 2680 1152 qui
2718 1096 2843 1135 eum
2888 1082 3015 1137 odio
3048 1082 3338 1148 haberent,

1762 1179 1857 1221 seu
1923 1166 2107 1235 potius
2141 1168 2233 1237 qui
2297 1168 2605 1225 inviderent
2644 1188 2707 1227 :tc
2746 1174 2870 1229 vitae
2925 1174 3338 1233 insidiarentur.

1760 1256 1897 1311 Nam
1919 1258 2188 1321 Curcuas,
2215 1275 2375 1330 quem
2407 1271 2628 1328 vocant,
2659 1266 2853 1333 opibus
2883 1266 3207 1339 deliciisque
3229 1267 3342 1325 las-

1763 1346 1971 1403 civiens
2026 1352 2392 1419 tyrannidem,
2432 1365 2489 1407 ut
2525 1369 2621 1422 par
2670 1366 2770 1418 est.
2800 1357 3106 1421 affectabat,
3147 1358 3341 1429 adjun-

1763 1452 1959 1508 ctaqnc
2017 1440 2430 1510 conjuralorum
2498 1446 2616 1515 pari
2689 1448 3000 1504 animorum
3061 1466 3341 1508 consensu

1765 1534 1923 1584 turba
1956 1533 2338 1601 aggredienda:
2383 1538 2456 1590 rei
2490 1540 2842 1593 commodum
2900 1550 3115 1611 tempus
3143 1558 3340 1612 exspe-

1763 1624 1965 1679 Claltal.
1999 1624 2117 1679 Uno
2144 1634 2326 1680 tamen
2357 1644 2422 1682 ex
2454 1630 2758 1695 conjuratis
2782 1641 2907 1686 ante
2930 1634 3339 1702 aggressionem

1766 1714 2068 1771 instructas
2103 1718 2178 1770 illi
2215 1721 2496 1787 detegente
2524 1722 2775 1789 insidias,
2811 1726 3099 1780 traduntur
3123 1726 3338 1799 legibus

1742 1809 2035 1861 scelerati.
2085 1809 2286 1863 lterum
2322 1820 2502 1867 tamen
2559 1819 2807 1883 generosi
2844 1821 3189 1889 imperatoris
3227 1822 3340 1877 cle-

125 1878 198 1965 νας
224 1878 505 1973 ἐμετρίαζε
529 1919 543 1932 ⁸
591 1905 673 1958 διὸ
700 1878 797 1958 τοῦ
845 1878 1277 1975 προεξάρχοντος
1324 1905 1656 1970 ἐκκοπέντος

1763 1899 1968 1953 utentia
2028 1899 2203 1970 legum
2259 1902 2604 1957 severitatem
2638 1908 2908 1976 tantisper
2962 1912 3231 1981 mitigavit
3273 1929 3339 1968 ac

124 1995 221 2057 τοὺς
249 1996 571 2067 ὀφθαλμοὺς,
626 1998 674 2049 οἱ
703 1996 882 2051 λοιποὶ
930 1997 1019 2050 διὰ
1075 1997 1185 2051 τῶν
1230 1999 1310 2059 είς
1352 1998 1413 2049 τὸ
1447 1998 1467 2028 ³
1501 1998 1658 2068 σῶμα

121 2086 308 2156 πληγῶν
328 2089 423 2141 καὶ
467 2090 566 2159 τῆς
597 2089 946 2158 ἀφαιρέσεως
972 2089 1081 2143 τῶν
1109 2091 1315 2160 τριχῶν
1346 2091 1657 2162 φιλανθρώ-

124 2192 217 2235 πως
243 2175 680 2246 ἐσωφρονίζοντο.
726 2175 835 2232 Καὶ
873 2173 1018 2234 οὗτοι
1054 2178 1153 2250 μὲν
1183 2178 1355 2243 οὕτως
1375 2185 1659 2252 πατρικῶς

124 2266 287 2332 μᾶλλον
327 2268 362 2338 ἦ
396 2267 729 2333 δεσποτικῶς
779 2271 918 2341 πρὸς
980 2271 1044 2324 τὸ
1100 2272 1439 2343 καθεστηκὸς
1488 2276 1657 2328 ἐπαν-

122 2356 303 2426 ήγοντο.

172 2554 275 2616 μετ’.
304 2549 475 2604 Αὐτὸν
509 2549 565 2603 δέ
590 2551 689 2604 οὐκ
723 2551 811 2605 εία
839 2550 1129 2605 καθεύδειν
1158 2552 1192 2623 ὴ
1215 2552 1357 2624 ὑπὲρ
1382 2553 1492 2607 τῶν
1519 2554 1656 2609 ὅλων

115 2641 299 2709 φροντὶς
345 2643 443 2696 καὶ
489 2642 561 2696 τὰ
605 2643 686 2696 ἔτι
713 2642 975 2713 περιλιπῆ
998 2644 1256 2715 τρόπαια.
1304 2646 1658 2719 Ἀλλὰιπρῶ-

110 2746 182 2783 τον
209 2733 299 2802 μὲν
321 2734 382 2787 τὸ
405 2735 633 2788 πλεῖστα
662 2738 761 2806 τὴν
793 2735 1108 2808 Ῥωμαϊκὴν
1133 2739 1484 2808 ἐπικράτειαν
1512 2741 1658 2810 ὠφε-

112 2822 210 2875 λοῦν
232 2825 576 2896 ὀχυρώτατον
608 2827 864 2900 κάστρον,
897 2828 956 2881 τὸ
991 2828 1194 2883 Δοῦλον
1236 2829 1552 2901 λεγόμενον,
1587 2835 1653 2905 τῇ

110 2916 329 2989 φθασὰσῃ
383 2923 615 2989 περιττῇ
680 2920 921 2993 ῥᾳθυμίᾳ
974 2924 1069 2975 καὶ⁵
1102 2924 1169 2992 τῇ
1224 2922 1333 2975 τῶν
1364 2923 1655 2978 λυσιτελῶν

109 3005 336 3079 ὀλιγωρίᾳ
370 3007 674 3080 αὔτανδρον
697 3009 718 3040 ⁵
757 3011 909 3079 παρὰ
942 3011 1052 3064 τῶν
1091 3011 1406 3083 Ἀγαρηνῶν
1450 3014 1655 3085 ληφθὲν

107 3097 181 3147 καὶ
196 3097 276 3151 διὰ
298 3099 399 3170 τὴν
427 3100 540 3153 ἀπὸ
572 3100 667 3153 τοῦ
699 3101 865 3154 τόπου
908 3102 1210 3170 ἀσφάλειαν
1254 3104 1529 3176 ὀχυρωθέν
1562 3108 1655 3161 καὶ

106 3190 472 3261 κρατούμενον,
501 3196 566 3262 τῇ
597 3192 772 3264 οἰκείᾳ
804 3193 1018 3247 συνέσει
1057 3195 1151 3248 καὶ
1177 3196 1468 3268 ἐπιμελείᾳ
1497 3202 1524 3252 ὁ
1558 3200 1654 3268 βα·
1683 3224 1727 3283 C

106 3280 255 3343 ειὶεὺς
278 3283 371 3335 καὶ
410 3283 495 3353 τῷ
525 3284 741 3353 ἀφθόνῳ
770 3284 876 3336 τῶν
916 3285 1160 3354 δωρεῶν,
1194 3288 1366 3341 πειθὼ
1400 3290 1495 3344 καὶ
1529 3290 1652 3360 βίαν
1695 3317 1699 3323 ν

102 3374 439 3442 προσαγαγὼν
476 3378 519 3439 ⁵,
569 3378 667 3446 τῆς
700 3375 1046 3446 βαρϐαρικῆς
1090 3380 1444 3447 ἐπικρατείας
1524 3400 1653 3449 μετ-

100 3461 266 3531 ἑπησε
296 3467 562 3537 καὶπρὸς
616 3468 716 3538 τὴν
764 3468 1037 3539 προτέραν
1087 3470 1334 3534 ἐξουσίαν
1375 3474 1483 3527 τῶν
1518 3474 1653 3529 Ῥω-

98 3554 247 3618 μαίων
280 3560 607 3627 μετήγαγεν
633 3558 687 3625 ⁸ζ·
725 3559 819 3627 ἀφ’
854 3554 1041 3616 οὖνκαὶ
1066 3561 1125 3614 τὸ
1155 3562 1394 3627 Μελοῦος
1422 3566 1653 3636 κάστρον

96 3645 206 3712 πρὸς
230 3648 395 3701 αὐτὸν
436 3650 708 3713 ἑκουσίως
736 3651 995 3721 μετέθετο
1027 3654 1120 3706 καὶ
1159 3653 1426 3725 δεσπότην
1459 3659 1649 3711 ἑαυτοῦ

91 3736 163 3789 τὸν
205 3741 594 3813 αὐτοκράτορα
645 3742 1033 3815 ἀνηγόρευσεν,
1082 3744 1193 3817 Τὴν
1223 3746 1279 3799 δέ
1324 3748 1431 3800 τῶν
1474 3751 1649 3803 Μανι-

92 3830 232 3896 χαίων
286 3834 447 3887 πόλιν
500 3835 649 3906 τὴντ
700 3835 1068 3891 Καταϐάταλα
1111 3838 1453 3911 καλουμένην
1510 3844 1652 3897 κατὰ

90 3922 161 3973 τὸν
187 3925 375 3995 καιρὸν
422 3928 643 3980 ἐκεῖνον
679 3927 765 3981 διὰ
790 3926 900 3981 τῶν
930 3928 1151 3983 οἰκείων
1188 3932 1510 4003 στρατηγῶν
1566 3935 1651 4001 ἐξ-

90 4014 384 4087 επόρθησεν.
445 4017 679 4072 Ἀλλ“οὑ
732 4018 987 4075 τοσοῦτον
1037 4021 1200 4075 αὑτὸν
1253 4025 1285 4094 η
1341 4023 1409 4078 δι’
1448 4026 1650 4097 ἐτέρων

86 4106 310 4172 πρόθεσις
335 4108 357 4141 ⁸
390 4109 721 4181 εὖφραινεν,
763 4111 888 4165 ὅσον
921 4112 941 4144 ⁹
970 4111 1097 4181 ἡνία
1137 4113 1197 4167 τὸ
1222 4114 1265 4147 ¹⁰
1307 4115 1381 4186 μὴ
1412 4119 1523 4180 τοῖς
1555 4119 1649 4170 αὑ-

86 4196 156 4247 τῦ
184 4199 362 4264 πόνοις
422 4205 525 4253 καὶ
558 4202 827 4264 κινδύνοις
867 4203 934 4255 τὰ
970 4205 1204 4273 τρόπαια
1248 4207 1517 4261 ἵστασθαι.
1552 4212 1648 4263 Διὰ

86 4290 213 4343 ττέτο
258 4290 420 4357 αὖθις
474 4298 575 4347 καὶ
611 4297 649 4327 ¹¹
694 4297 1100 4351 Κωνσταντῖνον
1150 4300 1238 4352 τὸν
1293 4302 1507 4371 πρῶτον
1543 4306 1650 4357 τῶν

86 4384 189 4435 alii»;
223 4386 705 4455 προσλαϐόμενος,
737 4388 809 4449 ὠς
844 4388 909 4441 ἂν
937 4390 1099 4441 αὐτὸν
1132 4388 1220 4443 οἷα
1241 4396 1483 4458 γενναῖον
1517 4395 1647 4447 cxi-

82 4472 195 4525 }.an
217 4475 507 4545 πολεμίων
562 4476 737 4548 γεύσῃ
772 4479 930 4544 ιρὸνου
965 4481 1059 4531 καὶ
1111 4482 1272 4545 αὐτὸς
1315 4484 1463 4553 αὑτῴ
1509 4486 1650 4539 διδά-

1759 2006 1953 2061 ρωηοε
1992 1992 2272 2048 moderata
2307 2004 2411 2049 est.
2447 1994 2712 2053 Excussis
2748 2000 2931 2069 itaque
2959 2005 3137 2057 oculis
3164 2005 3211 2058 ei
3242 2007 3336 2074 qui

1762 2090 1954 2137 auctor
1996 2085 2395 2154 conjnrationis
2424 2089 2723 2153 exstiterat,
2754 2092 2951 2161 reliqui
2980 2093 3199 2151 inﬂictis
3223 2111 3339 2152 ver-

1761 2174 1981 2229 beribus
2036 2175 2415 2246 ademptisque
2465 2179 2675 2247 capillis
2729 2182 3021 2240 humanius
3082 2186 3335 2255 castigati

1760 2273 1910 2320 sunt.
1942 2266 2019 2319 Ac
2042 2267 2121 2320 illi
2153 2267 2371 2337 quidem
2403 2270 2454 2322 in
2483 2285 2606 2324 eum
2647 2274 2865 2327 modum
2904 2285 3128 2344 paterna
3164 2279 3336 2347 magis

1760 2357 2097 2428 indulgentia
2127 2376 2288 2429 quam
2335 2361 2488 2414 herili
2526 2364 2816 2420 severitate
2862 2366 2928 2420 ad
2975 2367 3213 2422 olllcium
3245 2384 3336 2424 sa-

1759 2450 2077 2521 nioremque
2109 2444 2344 2505 mentem
2375 2465 2503 2508 sunt
2538 2456 2768 2509 reducti.

1827 2545 1918 2600 46.
1954 2545 2602 2604 Enimverocommnnes
2660 2551 2737 2605 rei
2800 2552 3032 2622 publicae
3071 2570 3240 2619 curae,
3280 2563 3338 2611 et

1758 2652 1880 2707 quae
1933 2638 2308 2705 superioribus
2378 2651 2575 2710 tropaea
2638 2644 2921 2698 restabant
2990 2645 3332 2716 adjicienda,

1759 2745 1983 2785 somnos
2044 2730 2091 2783 ei
2144 2730 2491 2785 divellebant.
2532 2732 2729 2789 Verum
2789 2738 3026 2806 primttm
3090 2749 3333 2795 castrum

1758 2820 1953 2877 Lulum
1995 2822 2256 2877 Romanae
2281 2825 2354 2878 rei
2389 2825 2768 2893 utilissimum,
2817 2829 2991 2898 ipsum
3034 2832 3338 2888 munitissi-

1759 2930 1933 2979 mum,
1992 2916 2337 2985 superiorum
2412 2926 2720 2987 temporum
2777 2922 3022 2991 projecta
3082 2926 3335 2981 vecordia

1758 3021 2059 3076 eorumque
2086 3007 2333 3077 neglectu
2362 3023 2483 3077 quae
2505 3024 2535 3062 e
2559 3024 2617 3063 re
2647 3013 2924 3066 communi
2956 3014 3123 3085 278
3153 3014 3336 3071 forent

1759 3113 1881 3153 cum
1912 3097 2060 3151 omni
2087 3099 2485 3167 oppidanorum
2517 3101 2675 3156 turba
2702 3103 2769 3156 ab
2794 3102 3055 3172 Agarenis
3090 3118 3331 3176 captum,

1759 3190 1938 3259 obque
1998 3190 2101 3244 loci
2158 3192 2507 3245 securitatem
2542 3192 2607 3247 iis
2645 3194 2916 3247 munitum
2950 3211 3013 3249 ac
3078 3199 3335 3266 praesidio

1761 3290 2063 3346 servatum,
2096 3282 2385 3350 prudentia
2411 3296 2508 3337 sua
2542 3298 2606 3338 ac
2633 3298 2761 3338 cura
2788 3285 3107 3354 imperator,
3139 3305 3334 3346 mune-

1761 3386 1992 3442 rumque
2030 3372 2206 3440 copia,
2258 3388 2364 3441 qua
2417 3374 2465 3426 vi
2519 3390 2625 3443 qua
2661 3377 2933 3441 suasione,
2971 3378 3331 3451 Barbarorttm

1762 3463 1955 3517 ditioni
1995 3465 2241 3517 excussit
2272 3465 2628 3534 Itomanoque
2662 3466 2894 3536 imperio
2922 3470 3121 3525 iterum
3146 3473 3332 3543 subje-

1760 3556 1851 3608 cit.
1888 3553 1962 3608 Ex
1994 3570 2103 3624 quo
2132 3565 2185 3607 et
2208 3567 2449 3608 castrum
2484 3556 2695 3613 Meluus
2725 3574 2783 3614 se
2823 3560 2896 3613 illi
2947 3573 3140 3631 sponte
3182 3566 3333 3620 dedi-

1758 3647 1856 3711 dit,
1889 3645 2281 3716 dominuntque
2318 3647 2698 3716 imperatorem
2732 3655 2971 3721 agnovit.
3000 3654 3334 3714 Manichaeo-

1760 3756 1877 3793 rum
1932 3740 2123 3796 urbem
2160 3740 2534 3797 Catabatalam
2581 3742 2808 3811 dictam,
2854 3761 2921 3801 eo
2953 3755 3195 3820 tempore
3235 3767 3333 3823 per

1758 3833 1925 3890 duces
1956 3847 2087 3889 suos
2114 3833 2336 3888 excidit.
2374 3833 2489 3889 Non
2520 3834 2598 3890 sic
2630 3844 2810 3892 tamen
2848 3839 3152 3898 delectabat
3184 3845 3330 3915 quod

1759 3940 1857 3995 per
1906 3924 2045 3978 alios
2078 3925 2258 3979 excisa
2295 3934 2443 3979 esset
2505 3934 2668 3998 atque
2718 3928 2951 4001 direpta,
2983 3948 3047 3989 ac
3103 3935 3333 3993 moleste

1760 4015 1996 4072 habebat
2026 4016 2170 4085 quod
2206 4030 2314 4071 non
2363 4017 2479 4073 suis
2511 4019 2624 4089 ipse
2675 4019 2956 4078 laboribus
2984 4034 3183 4096 tropica
3219 4029 3331 4083 eri-

1759 4108 1934 4179 gebat.
1956 4106 2166 4162 Rursus
2190 4107 2391 4177 itaque,
2408 4123 2689 4179 assumpto
2711 4110 3071 4169 Canstantino
3096 4118 3328 4173 liliornnt

1759 4208 1885 4254 natu
1915 4198 2171 4261 maximo,
2200 4207 2258 4251 ut
2287 4207 2542 4267 tanquam
2589 4217 2853 4270 generoso
2883 4207 3065 4260 catulo
3094 4209 3328 4264 hostium

1757 4293 1806 4346 ei
1841 4292 2004 4345 cmdis
2037 4280 2254 4360 gustum
2283 4291 2486 4346 faceret
2513 4333 2526 4356 ,
2559 4294 2801 4363 artisque
2830 4299 3080 4355 ntilzlaris
3118 4317 3327 4357 necnon

1759 4382 1916 4437 fortis
1940 4383 2269 4448 audacisque
2294 4384 2461 4436 animi
2495 4385 2635 4440 inter
2666 4389 2908 4456 pericula
2941 4390 3054 4461 ipse
3086 4395 3157 4447 illi
3192 4412 3329 4464 prac-

1759 4486 1946 4545 ceptor
1973 4476 2134 4539 foret,
2165 4476 2257 4529 illo
2283 4477 2484 4531 comite
2516 4481 2784 4534 adversus
2814 4480 3024 4553 Syriam
3050 4488 3328 4565 profectus

82 4567 249 4630 σκαλος
289 4570 402 4621 τῶν
451 4569 742 4621 τακτικῶν
782 4570 873 4622 καὶ
898 4570 992 4623 τοῦ
1023 4572 1160 4641 πρὸς
1199 4574 1324 4635 τοὺς
1370 4577 1649 4641 κινδύνους

1758 4577 1839 4623 est
1866 4586 1880 4633 ;
1916 4567 2251 4635 veniensque
2274 4566 2604 4634 Cmsaream,
2642 4585 2763 4638 qute
2793 4571 2859 4623 ad
2890 4574 3125 4643 Argeum
3168 4592 3325 4630 mon-

82 4657 349 4728 ετζθαρσοῦς
396 4661 849 4731 παραστήματος
890 4662 1137 4731 γένηται,
1181 4666 1277 4717 σὺν
1316 4666 1466 4736 αὐτῷ
1510 4672 1650 4722 κατὰ

80 4746 245 4815 Συιρὲας
301 4750 617 4820 ἐξώρμητε
656 4751 719 4814 ",
768 4752 860 4802 καὶ
912 4751 1008 4825 τὴν
1056 4755 1192 4825 πρὸς
1235 4754 1312 4823 τῷ
1375 4756 1575 4827 Ἀργέα
1610 4762 1652 4793 ¹³

80 4841 394 4913 Καισάρειαν
427 4843 539 4912 τὴν
566 4841 792 4911 πρώτην
820 4832 1337 4900 τῶνίιὶαππαδὸκων
1368 4848 1524 4901 πόλιν
1552 4869 1651 4903 κα·

78 4937 316 4999 υλαϐὼν,
363 4938 453 5008 [Ρ.
497 4936 636 5004 175]
669 4937 760 4987 καὶ
792 4938 1064 5001 τακτικῶς
1093 4939 1185 4990 τὸν
1219 4941 1311 4993 ὑπ’
1348 4943 1509 4994 αὑτὸν
1564 4943 1651 5008 ἐξ·

78 5028 269 5094 οτλίσας
316 5030 455 5083 λαὸν
487 5028 766 5095 λογάδων,
789 5030 853 5081 ἐκ
909 5031 1114 5083 τούτων
1169 5034 1361 5103 μοῖραν
1408 5035 1648 5105 ἀπέτεμε

78 5122 148 5169 καὶ
176 5122 246 5183 ὡς
298 5122 787 5192 προδιερευνητὰς
835 5120 928 5172 καὶ
962 5120 1294 5191 προδιόπτας
1341 5123 1649 5194 ἔμπροσθεν

77 5210 418 5277 ἐξαπέστειλε,
455 5212 568 5265 καὶ
632 5210 860 5263 κατόπιν
904 5213 1065 5274 αὐτὸς
1110 5215 1247 5281 μετὰ
1288 5215 1387 5282 τῆς
1426 5217 1652 5286 βαρείας

77 5302 325 5374 δυνάμεως
376 5309 613 5366 εἵπετο,
645 5304 730 5357 ἵνα
775 5306 998 5375 ἐνεργοῦ
1040 5308 1314 5377 μαχαίρας
1363 5309 1561 5377 ἡγῆται
1594 5311 1652 5363 τὸ

78 5394 444 5463 ἀκμαιότατον,
484 5397 555 5448 τὸ
609 5393 668 5445 δὲ
700 5393 778 5445 ἔτι
808 5394 1205 5464 στιϐαρώτερον
1252 5398 1651 5467 ἁπελαύνηται.

79 5487 231 5553 Uita;
268 5492 528 5563 ἐρήμους
566 5486 745 5552 ὀξέως
786 5487 1172 5557 διαδραμόντες
1204 5488 1270 5541 τὰ
1299 5490 1555 5561 φρούρια,
1586 5492 1648 5543 τό

1755 4669 1863 4712 tem
1898 4665 1999 4719 est,
2045 4656 2278 4725 primam
2304 4654 2689 4725 Cappadocum
2740 4659 2952 4727 urbem,
2983 4677 3158 4733 exque
3186 4667 3327 4721 mili-

1754 4751 1856 4806 tari
1893 4749 2105 4803 ratione
2134 4763 2263 4803 suos
2293 4764 2577 4812 exercens,
2608 4751 2856 4806 avulsam
2893 4770 2958 4808 ex
2987 4755 3066 4811 eis
3097 4759 3327 4816 selecto-

1751 4858 1872 4896 rum
1939 4850 2142 4910 partem
2193 4841 2622 4895 velutrimatum
2680 4859 2744 4898 ac
2774 4846 3112 4912 speculatum
3148 4851 3328 4920 regio-

1752 4951 1872 4989 nem
1905 4933 2207 5003 praemisit:
2241 4935 2358 5003 ipse
2396 4950 2519 4987 eum
2552 4936 2703 5003 gravi
2758 4937 2946 4992 militia
3003 4955 3147 5009 pone
3193 4943 3324 5010 ibat,

1754 5038 1814 5081 ut
1856 5025 2119 5095 pugnacis
2148 5027 2299 5081 ensis
2333 5026 2511 5079 vivida
2555 5028 2729 5096 magis
2759 5029 2933 5085 virtus
2967 5033 3203 5099 praeiret,
3239 5049 3329 5089 so-

1752 5120 1915 5173 lidior
1941 5128 2280 5187 sequeretur.
2304 5117 2544 5173 Desertis
2570 5119 2647 5172 illi
2675 5120 2822 5174 brevi
2853 5124 3145 5192 superatis,
3173 5139 3328 5182 arces

1754 5211 2187 5266 Psilocastellttm
2242 5220 2296 5263 et
2360 5208 2884 5267 Paramocastellum
2955 5214 3324 5286 diripuerunt,

1756 5305 1918 5373 inque
1974 5302 2080 5355 illis
2127 5300 2293 5371 279
2320 5310 2566 5370 repertos
2598 5304 2846 5373 captivos
2881 5306 3180 5364 duxerunt.
3217 5312 3327 5365 Ad-

1755 5393 2089 5448 ventantium
2123 5394 2401 5463 copiarum
2441 5404 2585 5449 metu
2638 5399 2884 5451 exterriti
2941 5398 3191 5458 Phalacri
3237 5420 3328 5459 ca-

1759 5489 1855 5541 stri
1889 5487 2077 5541 incolae
2108 5497 2301 5555 sponte
2344 5488 2654 5557 imperatori
2685 5489 3015 5546 deditionem
3059 5493 3326 5555 fecerunt.

1339 5666 1573 5721 VAle
1625 5667 2031 5722 LECTIOKES.

134 5789 219 5842 ’τὸ
244 5806 351 5846 om,
390 5789 454 5844 Ρ,
544 5788 569 5817 δ
632 5783 926 5853 ἄντανδρον
958 5785 1022 5835 Α.
1122 5785 1142 5813 ⁸
1187 5784 1477 5853 προσάγων
1555 5783 1616 5837 Ρ.

81 5855 289 5917 Combel‘.
350 5863 388 5893 "
430 5862 575 5915 ὅσον
623 5869 739 5911 om.
781 5856 844 5911 A.
945 5855 987 5887 ¹⁹
1020 5855 1210 5923 ἠνιᾶτο
1253 5854 1329 5924 μὴ
1350 5854 1455 5909 AP.

1736 5785 1755 5815 ⁸
1787 5786 2101 5852 κατήγαγεν
2134 5783 2191 5836 Ρ.

1565 5857 1603 5886 ¹¹
1644 5854 1757 5925 καὶ]
1786 5857 1869 5908 τὸν
1902 5855 1960 5910 Ρ.

2294 5784 2312 5813 ⁷
2338 5784 2436 5861 τῂν
2474 5784 2677 5861 οιῃκΡ.
2740 5856 2750 5861 _
2789 5786 2810 5817 ⁸
2837 5787 3104 5861 πόρθησις
3143 5805 3329 5861 margo

2044 5858 2083 5887 "
2116 5856 2340 5925 ὥρμησε
2375 5854 2435 5908 Ρ.
2516 5856 2559 5887 ¹³
2593 5856 2824 5929 ’Λργέτᾳ
2853 5860 2916 5912 Α.
