4154 6446
748 386 855 450 E95

752 600 944 660 agente
972 588 1303 658 imperatore
1332 585 1623 642 barbarico
1670 600 1822 640 more
1856 583 2157 651 ferociens,
2204 594 2335 639 tunc

753 683 984 751 ejusque
1040 676 1335 751 praesentia
1388 676 1821 732 Melitcncusium
1859 689 1919 730 se
1954 682 2147 729 turmae
2185 687 2337 727 eom-

757 771 1002 827 miscens
1034 769 1161 838 fuga
1194 768 1429 823 salutem
1465 765 1765 836 expedivit,
1802 781 1973 820 unum
2002 767 2103 818 hoc
2133 763 2236 817 sibi
2272 762 2338 817 ad

756 863 1109 918 securitatem
1157 860 1416 913 idoneum
1448 867 1623 925 ratus,
1666 858 1712 912 si
1760 859 1971 920 lateret,
2008 869 2340 934 quocunque

758 951 974 1003 tandem
1028 958 1187 1002 terra:
1241 950 1364 1004 sinu
1421 956 1588 1016 atque
1627 948 1831 1001 latebra
1900 961 1960 1000 se
2014 946 2335 1000 abdidisset.

760 1041 932 1110 llujus
964 1042 1290 1111 irruptionis
1322 1040 1474 1095 clade
1506 1050 1561 1095 et
1587 1039 1777 1096 Caisus
1814 1039 1928 1094 sive
1948 1038 2265 1104 Catasama,
2287 1048 2342 1094 et

765 1130 988 1184 ilnhana
1045 1132 1159 1185 sive
1216 1130 1603 1185 Entlelechone
1654 1128 2043 1199 diripiuntur:
2099 1129 2341 1197 itemque

761 1222 962 1277 Ardala
1011 1232 1067 1277 ct
1094 1238 1257 1293 quam
1298 1232 1500 1277 vocant
1542 1220 1942 1291 Eremosycaza.
1979 1221 2220 1292 Tuncct
2252 1220 2343 1275 Se-

764 1329 885 1367 mas
914 1314 1003 1369 ille
1022 1314 1199 1366 Taelis
1229 1312 1396 1376 ﬁlius,
1423 1312 1513 1383 qui
1544 1311 1709 1366 Tauri
1741 1314 1945 1366 montis
1973 1313 2240 1383 angustiis
2269 1312 2345 1365 iu-

763 1405 948 1459 sidens
979 1404 1281 1473 grassando
1308 1402 1682 1457 llomanormu
1718 1403 1852 1459 lines
1886 1404 2339 1474 depopulabatur,

759 1497 824 1551 ad
856 1497 1243 1565 imperatorem
1278 1496 1546 1563 confugit.

1847 368 2363 435 THEOPHANES
2387 369 2948 433 CONTINUATUS.

664 524 665 529 π
754 496 943 553 Ambri
999 496 1140 550 Illius
1178 492 1482 566 Apabdeles
1512 490 1785 546 Anazarbi
1836 504 2090 557 ameras,
2138 490 2335 561 procul

2466 507 2495 543 ε
2527 486 2961 544 ἰἰλοκάστελλον
2990 484 3086 540 καὶ
3116 483 3176 537 τὸ
3212 477 3739 554 Παραμοκάστελλον
3786 475 3989 548 ἐξεπόρ

3911 356 4018 422 296

2437 582 2629 651 ϐησαν,
2659 582 2755 637 καὶ
2790 580 2917 643 τοὺς
2950 580 3008 632 ἐν
3038 578 3223 641 αὐτοῖς
3267 570 3716 643 καταληφθέντας
3743 569 4021 641 ἠνδραποο

2435 676 2668 730 δίσαντο.
2723 670 3188 739 Καταπλαγέντες
3243 667 3301 722 δέ
3355 665 3433 736 τῷ
3453 665 3569 719 δέει
3614 663 3713 733 τῆς
3759 661 4023 731 ἐπιούσης

2437 768 2725 837 δυνάμεως
2756 767 2806 819 οί
2857 764 2918 817 τὸ
2966 764 3061 817 τοῦ
3107 756 3395 831 Φαλακροῦ
3441 756 3736 827 λεγόμενον
3784 756 4025 825 κάστρον

2439 858 2718 921 οἰκοῦντες
2747 855 3010 918 ἑκουσίως
3040 855 3118 925 τῷ
3145 854 3354 922 βασιλεῖ
3378 848 3833 922 προσεχώρησαν.
3881 846 3941 899 '0
3965 846 4025 899 δὲ

2438 952 2531 1007 τοῦ
2565 951 2813 1024 Ἀμϐρου
2845 950 2958 1013 υίὸς
3001 947 3299 1002 Ἀπάϐδελε
3339 943 3678 1013 Ἀναξάρϐης
3708 942 3922 1011 ἀμέρας
3956 940 4023 1000 ¹⁸,

2438 1044 2542 1105 ’ἐως
2573 1043 2671 1111 μὲν
2729 1038 2946 1112 μακρὰν
2979 1040 3205 1107 ἀπεῖχεν
3257 1038 3286 1088 ὁ
3342 1035 3617 1105 βασιλεὺς,
3670 1028 4027 1101 βαρϐαρικῶς

2438 1130 2791 1203 ἐθρασύνετο,
2818 1130 2937 1182 τότε
2963 1128 3020 1181 δὲ
3054 1127 3194 1196 μετά
3218 1124 3313 1179 τοῦ
3343 1124 3454 1177 τῶν
3481 1120 3800 1192 Μελιτηνῶν
3839 1120 3880 1151 ⁸³
3908 1118 4029 1171 στί-

2442 1240 2575 1292 φους
2605 1226 2756 1293 φυγῇ
2798 1223 2897 1293 τὴν
2925 1222 3198 1291 σωτηρίαν
3235 1217 3541 1289 ἐπορίζετο,
3574 1216 3741 1286 μόνην
3768 1214 3812 1246 ⁸⁸
3842 1212 4029 1279 ἀσφάο

2443 1316 2596 1369 λειαν
2624 1315 2929 1387 ἡγούμενος
2974 1314 3166 1384 ἱκανὴν
3202 1313 3263 1365 τὸ
3291 1310 3477 1365 λαϐεῖν
3515 1308 3639 1361 ὅποι
3668 1307 3773 1374 γῆς
3793 1303 4032 1358 καταδέ-

2441 1406 2627 1460 δυκεν.
2662 1407 2741 1478 Τῇ
2787 1407 2843 1460 δὲ
2891 1405 2994 1474 τῆς
3026 1403 3280 1473 τοιαύτης
3336 1401 3528 1469 ἐφόδου
3572 1398 3747 1469 φθορᾷ
3786 1397 3882 1449 καὶ
3931 1394 4035 1461 τῆς

2447 1498 2660 1553 Καῖσοῦ
2694 1499 2813 1570 ἦτοι
2857 1497 2957 1567 τῆς
3008 1496 3350 1563 Κατασάμας
3383 1494 3479 1546 καὶ
3526 1491 3625 1561 τῆς
3666 1488 3869 1556 Ῥοϐἀμ
3907 1486 4037 1555 ἧτοε

757 1594 860 1663 τῆς
908 1593 1340 1662 Ἐνδελεχόνηςή
1381 1592 1646 1661 πόρθησις
1684 1592 1927 1659 γέγονεν,
1966 1592 2081 1663 ἆμα
2107 1593 2162 1645 δὲ
2196 1595 2347 1664 καὶὴ
2385 1594 2483 1665 τῆς
2520 1595 2775 1650 Ἀνδάλου
2814 1596 2855 1627 ³⁷
2886 1594 3042 1664 καὶὴ
3084 1593 3183 1659 τῆς
3240 1588 3385 1643 οὓτω
3424 1586 3727 1654 λεγομένης
3793 1584 4040 1652 Ἐρημο·

763 1686 998 1747 συκαίας
1032 1686 1094 1746 ’⁸,
1128 1687 1214 1737 ὅτε
1244 1685 1336 1735 καὶ
1366 1684 1554 1752 Σήμας
1576 1684 1784 1745 ἐκεῖνος
1810 1685 1837 1735 ό
1869 1682 1961 1736 τοῦ
1989 1685 2141 1754 Ταὴλ
2169 1686 2229 1750 ³⁸,
2254 1685 2354 1748 τὰς
2401 1687 2709 1757 δυσχωρίας
2758 1686 3006 1755 κατέχων
3053 1683 3148 1736 τοῦ
3180 1682 3394 1754 Ταύρου
3444 1678 3542 1733 καὶ
3591 1677 3650 1743 ἐξ
3687 1676 3878 1745 ἐφόδου
3936 1675 4041 1737 τὰς

760 1777 869 1829 τῶν
910 1776 1201 1844 Ῥωμαίων
1226 1773 1623 1843 λυμαινόμενος
1664 1773 1943 1843 ἐσχατιὰς,
1970 1778 2106 1844 πρὸς
2138 1776 2227 1829 τὸν
2253 1776 2476 1846 βασιλέα
2504 1778 2837 1847 κατέφυγεν.

834 1870 924 1924 Π.
965 1868 1117 1935 Quod
1148 1868 1193 1921 si
1216 1868 1439 1921 brevius
1470 1868 1887 1937 simpliciusque
1927 1882 1991 1920 ac
2015 1869 2173 1936 quasi
2212 1885 2342 1923 cur-

2523 1870 2631 1941 μζ’.
2664 1872 2727 1925 El
2774 1870 2831 1925 δὲ
2873 1869 3154 1939 συντόμως
3205 1864 3300 1919 καὶ
3328 1862 3502 1934 ψιλῶς
3536 1863 3605 1917 τὰ
3645 1860 3790 1915 οὕτω
3820 1858 4044 1931 μεγάλα

766 1962 870 2015 sim
911 1974 1109 2028 magna
1162 1969 1509 2022 annotantus,
1566 1974 1728 2014 nemo
1759 1960 1993 2013 miretur
2026 1975 2127 2016 nec
2157 1976 2221 2015 eo
2256 1976 2353 2016 no-

769 2053 917 2107 mine
944 2052 1309 2104 criminetur:
1363 2050 1528 2104 simul
1561 2051 1706 2105 enim
1757 2050 2070 2106 istiusmodi
2124 2066 2352 2121 cperum

769 2142 1192 2211 facinorumque
1212 2141 1544 2196 celeritatem
1564 2141 1811 2196 amulari
1838 2143 2084 2197 narratio
2102 2144 2352 2211 videtur;

769 2250 879 2306 qua
897 2237 975 2288 sic
992 2234 1185 2288 leviter
1206 2234 1623 2303 simpliciusque
1647 2235 1994 2289 transcurrit.
2014 2233 2189 2290 Citius
2208 2236 2356 2290 enim

771 2336 903 2382 tunc
961 2326 1052 2380 illa
1111 2334 1272 2394 capta
1331 2325 1588 2395 praesidia
1644 2326 2039 2395 designataque
2102 2326 2357 2382 facinora

774 2434 941 2488 quam
980 2433 1127 2472 nunc
1165 2432 1195 2470 a
1222 2433 1307 2471 me
1340 2429 1558 2471 narrata
1582 2427 1731 2471 sunt.
1767 2415 2034 2473 Praeterea
2060 2434 2184 2473 cum
2212 2419 2359 2489 longi

768 2513 881 2579 jam
926 2511 1196 2580 temporis
1226 2525 1381 2565 mora
1432 2524 1522 2564 res
1554 2510 1802 2579 singulas
1832 2519 2095 2580 gestaque
2115 2510 2361 2566 lacinora

775 2606 995 2661 silentio
1042 2605 1194 2658 velut
1227 2604 1557 2667 obscurat-it,
1596 2617 1663 2658 ac
1696 2619 1797 2658 ncc
1826 2619 2134 2675 pugnarqu
2167 2606 2361 2661 modos

774 2714 877 2752 nec
902 2712 967 2751 ex
999 2697 1201 2766 impetu
1231 2695 1617 2765 aggressioncs
1646 2711 1823 2765 neque
1856 2705 2208 2765 experrectus
2230 2712 2363 2751 con-

779 2797 1096 2857 tractasque
1144 2788 1447 2858 phalanges
1476 2803 1578 2842 nec
1610 2797 2060 2856 stratagematum
2089 2804 2189 2859 pro
2226 2799 2363 2845 teru-

2455 1964 2619 2018 οίονεὶ
2647 1964 2771 2018 κατ’
2802 1962 3105 2033 ἐπιδρομὴν
3129 1959 3570 2029 ἀπαγγέλλομεν,
3604 1957 3795 2027 μηδεὶς
3824 1955 4044 2025 θαυμα-

2457 2057 2617 2124 ζέτω,
2649 2057 2788 2113 ἀλλά
2814 2057 2949 2127 μηδὲ
2979 2054 3302 2125 ἐγκαλείτω.
3330 2053 3483 2122 ’Δμα
3510 2052 3618 2120 γάρ
3639 2049 3739 2120 τὴν
3760 2049 4045 2119 ταχύτητα

2456 2152 2566 2206 τῶν
2601 2150 2854 2223 πράξεων
2889 2149 3114 2203 ἐκείνων
3153 2144 3438 2217 μιμεῖσθαι
3478 2146 3511 2213 ἡ
3550 2142 3801 2213 διήγησις
3837 2140 4045 2197 ἔοικεν.

2459 2244 2558 2298 καὶ
2583 2244 2672 2297 διά
2694 2243 2852 2297 τοῦτο
2871 2242 3046 2305 οὓτως
3076 2241 3223 2293 ἐστὶν
3257 2236 3405 2307 άπλῆ
3428 2252 3487 2289 τε
3514 2236 3611 2288 καὶ
3635 2232 4011 2301 ἐπιτρέχουσα
4029 2248 4043 2261 ·

2461 2337 2657 2391 θᾶττον
2709 2336 2818 2407 γάρ
2869 2335 3042 2407 ᾑρέθη
3095 2334 3216 2387 τότε
3267 2332 3451 2384 ἐκεῖνα
3496 2329 3590 2382 καὶ
3643 2326 3752 2379 τῶν
3788 2325 4049 2396 πράξεων

2461 2430 2622 2483 ἔλαϐε
2653 2429 2755 2501 τὴν
2795 2427 3125 2491 συντέλειαν,
3154 2425 3186 2494 ἢ
3221 2424 3316 2477 νῦν
3342 2419 3706 2493 ἀπήγγελται.
3742 2419 3951 2479 Ἀλλως
3984 2435 4051 2470 τε

2462 2525 2560 2578 καὶ
2594 2522 2718 2575 ἐπεὶ
2766 2523 2793 2575 ό
2820 2521 3010 2592 χρόνος
3040 2520 3141 2589 ήδη
3187 2516 3393 2588 ῥεύσας
3430 2514 3518 2567 διὰ
3552 2512 3721 2582 μέσου
3772 2510 3941 2573 πολὺς
3979 2510 4055 2561 τα

2464 2615 2586 2669 καθ’
2617 2614 2825 2668 ἕκαστα
2877 2611 2987 2664 τῶν
3016 2609 3192 2680 ἐργων
3235 2608 3325 2661 διά
3365 2606 3465 2676 τῆς
3511 2604 3715 2675 μεταξὺ
3751 2602 3906 2669 σιγῆς
3935 2596 4055 2654 οἷον

2463 2707 2787 2778 ἠμαύρωσε,
2820 2707 2915 2758 καὶ
2938 2703 3063 2756 οὔτε
3090 2699 3451 2772 παρατάξεων
3476 2698 3711 2767 τρόπους
3732 2692 3855 2747 οὔτε
3879 2708 4054 2763 προσ-

2466 2801 2551 2855 ϐο)
2564 2802 2638 2853 ὧν
2673 2799 2896 2870 ἐφόδους
2942 2795 3065 2850 οὔτε
3096 2795 3395 2865 φαλάγγων
3446 2791 3697 2853 ἐκτάσεις
3726 2788 3821 2842 καὶ
3852 2803 4055 2841 συστο-

780 2898 908 2953 pore
940 2897 1073 2936 usus
1109 2882 1191 2935 vel
1224 2881 1368 2935 scire
1418 2881 1698 2950 possimus
1728 2881 1894 2952 280
1936 2883 2016 2937 vel
2048 2883 2361 2947 enuntiare,

2466 2894 2563 2955 λάς
2601 2891 2725 2945 οὔτε
2751 2888 3227 2961 στρατηγημάτων
3255 2883 3580 2953 ἐπικαίρους
3602 2884 3826 2952 χρήσεις
3849 2881 4057 2933 είδέναι

782 2990 891 3029 non
935 2983 1020 3028 est
1048 2990 1148 3028 cur
1171 2975 1319 3028 circa
1354 2974 1566 3044 singula
1596 2987 1810 3044 tempus
1838 2985 2075 3031 teramus
2097 2977 2360 3031 libenter-

2470 2985 2564 3039 καὶ
2598 2982 2969 3051 ἀπαγγέλλειν
3002 2982 3049 3012 ²⁰
3076 2980 3294 3049 ἔχομεν,
3327 2978 3429 3030 ούκ
3478 2974 3595 3027 ἐστι
3630 2974 3761 3045 περὶ
3806 2972 3876 3024 τά
3909 2972 4060 3025 κατά

780 3083 886 3138 que
922 3069 977 3121 iu
1029 3067 1136 3120 illis
1190 3066 1574 3129 immorentur,
1622 3068 1765 3120 unde
1801 3068 2049 3121 narratio
2079 3067 2365 3123 dilatatur.

2475 3076 2642 3146 μέρος
2668 3070 3005 3143 ἐγχρονίζειν
3028 3069 3124 3122 καὶ
3149 3062 3261 3121 οἷον
3289 3066 3706 3137 ἐμφιλοχωρεῖν,
3736 3063 3794 3129 ἐξ
3816 3056 3889 3116 ὧν
3914 3061 4061 3115 πλα-

781 3162 912 3226 Qua:
946 3170 1126 3213 autem
1161 3160 1311 3212 nullo
1338 3170 1488 3215 certo
1520 3168 1657 3215 teste
1692 3160 1894 3215 tradita
1931 3168 2083 3224 sunt,
2122 3162 2226 3216 etsi
2260 3176 2365 3216 cre-

2473 3167 2697 3220 τύνεται
2743 3165 2805 3217 τὸ
2843 3163 3108 3232 διήγημα.
3148 3158 3233 3213 Τά
3257 3158 3315 3211 δέ
3359 3158 3679 3228 ἀμάρτυρον
3724 3154 3915 3225 ἔχοντα
3955 3153 4061 3222 τὴν

783 3255 883 3308 bro
931 3266 1155 3307 rumore
1193 3250 1441 3306 ferantur
1482 3262 1651 3323 atque
1686 3253 1740 3307 in
1791 3268 1888 3307 ore
1932 3254 2078 3322 vulgi
2120 3255 2365 3321 volitent,

2478 3258 2684 3321 πίστιν,
2721 3257 2770 3308 εί
2807 3254 2903 3308 καὶ
2918 3227 3143 3321 λέγεται
3186 3227 3467 3313 πολλάκις,
3501 3249 3619 3302 ἀλλ’
3645 3249 3806 3318 ἡμεῖς
3843 3246 4061 3299 ἀϐασα-

784 3360 887 3399 nos
946 3353 1230 3398 tamenaut
1263 3345 1383 3400 sine
1425 3346 1682 3399 examine
1729 3346 2127 3416 amplectamur
2184 3349 2365 3403 induci

2478 3351 2674 3413 νίστως
2725 3346 3122 3418 προσδέχεσθαι
3151 3345 3213 3398 ού
3250 3342 3553 3414 βουλόμεθα
3594 3340 3683 3394 διὰ
3709 3340 3773 3393 τὸ
3799 3340 3875 3409 μὴ
3902 3339 4063 3403 δόξαι

784 3454 894 3493 non
927 3439 1191 3509 patimur,
1250 3454 1315 3493 ne
1372 3440 1666 3493 conﬁctam
1712 3455 1903 3495 eorum
1939 3457 2063 3511 quae
2114 3457 2183 3496 ne
2217 3452 2365 3513 gesta

2477 3439 2871 3509 πεπλασμένην
2924 3437 3001 3507 μὴ
3061 3435 3365 3505 γεγονότων
3410 3432 3753 3505 πραγμάτων
3800 3430 4065 3498 διήγησιν

782 3532 1006 3602 quidem
1054 3539 1184 3586 sunt
1253 3530 1630 3585 narrationem
1704 3531 2021 3600 imperatori
2073 3534 2365 3604 appingere

2476 3528 2786 3584 ἀνατιθέναι
2816 3526 2895 3598 τῷ
2927 3526 3159 3596 βασιλεῖ,
3192 3524 3428 3594 μάλιστα
3473 3522 3557 3574 ὅτι
3580 3519 3701 3573 οὐδὲ
3733 3521 3945 3580 ἐκεῖνος
3978 3518 4066 3571 ἔτι

785 3618 1095 3677 videamur.
1150 3622 1230 3676 Ac
1284 3622 1372 3676 vel
1420 3623 1681 3686 maxime,
1718 3624 1864 3692 quod
1894 3639 1994 3679 nec
2019 3625 2121 3689 illi,
2151 3640 2276 3679 cum
2312 3626 2365 3680 in

2476 3622 2587 3686 ζῶν
2616 3622 2685 3673 τὰ
2706 3620 2841 3691 πρὸς
2862 3619 3022 3689 χάριν
3043 3614 3399 3678 θωπευτικῶς
3436 3614 3805 3684 ὑποτρέχοντα
3838 3612 4067 3680 ῥήματα

787 3714 1046 3769 humanis
1093 3713 1276 3768 adhuc
1331 3723 1536 3784 ageret,
1588 3730 1709 3784 qua:
1747 3715 1840 3769 alii
1870 3716 2018 3771 velut
2048 3718 2365 3772 assentandi

2472 3717 2725 3786 ἐφαίνετο
2756 3717 3138 3787 προσιέμενος.
3172 3716 3235 3768 Οἱ
3260 3713 3317 3767 δὲ
3366 3712 3502 3782 μηδὲ
3542 3710 3611 3764 τὰ
3649 3708 3805 3779 παρά
3832 3710 4067 3761 πάντων

787 3807 960 3876 gratia
995 3806 1162 3861 verba
1196 3805 1557 3869 insinuarent,
1593 3806 1789 3863 lubens
1821 3808 2109 3863 videbatur
2170 3809 2365 3865 admit-

2472 3810 2880 3883 ὁμολογούμενα
2902 3809 3189 3878 δυνάμενοι
3224 3804 3308 3878 [Ρ.
3344 3802 3468 3875 176]
3500 3803 3532 3872 ἢ
3567 3798 3918 3872 σχολάζοντες
3947 3817 4065 3853 πα-

787 3909 925 3955 tere.
981 3896 1092 3954 Nos
1132 3913 1288 3962 vero.
1334 3898 1429 3970 qui
1481 3914 1550 3954 ne
1591 3913 1654 3953 ea
1690 3898 1912 3969 quidem
1961 3915 2085 3969 qua:
2119 3900 2365 3957 omnium

2477 3902 2732 3975 ραδοῦναι
2767 3906 2952 3974 γραφῇ
2987 3901 3154 3972 σχολῇ
3185 3915 3249 3967 γε
3292 3897 3358 3951 ἂν
3388 3896 3519 3964 περὶ
3547 3894 3619 3948 τὰ
3653 3891 3938 3962 ἀμφίϐολα
3975 3891 4074 3943 τὸν

790 4006 886 4046 ore
931 3999 1129 4047 testata
1182 4002 1313 4047 sunt
1369 3992 1702 4061 scriptorum
1768 3993 2139 4049 monumentis
2187 3993 2365 4049 consi-

2476 3992 2633 4061 λόγον
2654 3993 3129 4063 άπομηκύνοιμεν.
3178 3987 3319 4041 Ἀλλ’
3358 3982 3767 4055 ἀνακρουέσθω,
3806 3981 3901 4034 κα)⁸
3936 3981 4070 4033 καθ’

790 4096 960 4151 gnarc
991 4082 1256 4145 valemus,
1282 4090 1375 4135 aut
1397 4095 1494 4151 per
1529 4081 1703 4135 otium
1742 4095 2059 4151 possumus,
2090 4083 2178 4137 vix
2218 4094 2365 4140 certe

2476 4086 2593 4141 ὁδὸν
2619 4090 2718 4160 τῆς
2750 4085 2809 4151 ἐξ
2859 4085 3034 4155 ἀρχῆς
3066 4082 3372 4154 διηγήσεως
3413 4081 3442 4133 ό
3485 4076 3642 4145 λόγος
3687 4073 4072 4144 ἀνατρεχέτω.

791 4174 845 4227 in
889 4176 958 4229 iis
1011 4191 1133 4244 qua:
1185 4174 1353 4229 dubia
1400 4183 1531 4229 sunt
1564 4188 1875 4229 sermonem
1916 4177 2375 4245 protraxerimus.
2412 4176 2615 4235 Verum
2683 4187 3029 4251 retroagatur
3079 4175 3281 4240 oratio,
3330 4180 3386 4228 et
3470 4171 3528 4225 in
3583 4169 3730 4223 viam
3807 4173 4078 4220 recurrat

792 4282 957 4337 quam
1001 4267 1104 4321 sibi
1131 4266 1201 4321 ab
1240 4266 1469 4321 exordio
1493 4266 1827 4321 narrationis
1854 4268 2157 4337 proposuit.

865 4359 960 4413 48.
996 4357 1311 4413 Secundum
1366 4359 1482 4413 haec
1536 4359 1835 4428 imperator
1867 4361 2224 4429 Onopnictem
2275 4359 2380 4415 ﬂu-

796 4451 946 4505 vium
1003 4460 1059 4505 et
1095 4450 1291 4504 Sarum
1353 4465 1481 4504 cum
1537 4452 1785 4506 exercitu
1834 4452 2071 4521 trajecit,
2122 4452 2382 4521 venitque

797 4541 1116 4609 Cucusum;
1183 4543 1367 4612 ibique
1413 4544 1696 4599 succensis
1761 4544 1902 4599 lucis
1974 4557 2029 4599 et
2090 4546 2383 4601 arboribus

799 4636 1003 4691 excisis
1051 4634 1171 4689 loca
1214 4636 1504 4692 itineribus
1538 4636 1683 4691 invia
1722 4638 1773 4690 in
1820 4638 2110 4694 commoda
2148 4638 2381 4708 redegit,

800 4735 967 4795 atque
998 4726 1053 4779 in
1084 4727 1165 4781 eis
1192 4727 1439 4796 palantes
1464 4728 1722 4783 cohortes
1750 4728 2059 4798 dissipavit.
2084 4728 2213 4785 inde
2232 4730 2389 4803 Calli-

801 4819 971 4887 polim
1014 4827 1069 4873 et
1122 4818 1414 4873 Padasiam
1464 4834 1591 4873 cum
1622 4820 1885 4883 venisset,
1913 4821 2161 4890 locisque
2185 4823 2395 4892 asperis

804 4926 869 4966 ae
891 4910 1242 4980 confragosis
1272 4911 1377 4965 iter
1404 4911 1653 4978 haberet,
1677 4927 1823 4981 equo
1853 4913 2196 4971 descendens
2226 4915 2396 4985 pedes

806 5005 921 5075 ipse
964 5006 1066 5058 vite
1092 5014 1326 5074 angusta
1380 5004 1768 5071 emetichatur,
1802 5005 1987 5061 labore
2016 5022 2117 5061 suo
2149 5006 2398 5062 subdito-

809 5113 930 5152 rum
975 5097 1224 5151 inlirmas
1278 5097 1427 5152 vires
1467 5112 1746 5154 recreans.
1805 5096 1946 5153 Tum
1994 5099 2398 5154 Germaniciam

808 5200 1022 5261 petens.
1066 5205 1189 5244 cum
1236 5189 1538 5245 adversarii
1574 5205 1768 5245 omnes
1820 5206 1851 5246 e
1878 5192 2112 5262 vestigio
2138 5191 2400 5248 cederent

810 5281 1065 5351 intraque
1106 5283 1312 5335 mantia
1340 5296 1460 5337 sese
1492 5284 1873 5347 continerent,
1910 5296 2011 5338 nec
2041 5282 2136 5353 qul
2176 5298 2398 5337 manum

811 5388 1107 5429 conserere
1152 5373 1380 5429 auderet
1438 5374 1581 5429 ullus
1638 5384 1807 5439 esset,
1860 5376 2076 5431 cunctis
2111 5377 2254 5431 circa
2280 5390 2399 5430 eam

813 5465 924 5535 igni
957 5466 1265 5537 absumptis
1318 5482 1382 5523 ac
1421 5467 1757 5523 suburbanis
1787 5468 1987 5524 misere
2017 5468 2285 5524 desolatis
2315 5476 2401 5522 at-

2564 4362 2674 4434 μη’.
2705 4361 2862 4415 Μετὰ
2888 4355 3064 4412 ταῦτα
3102 4355 3283 4408 τοίνυν
3315 4351 3406 4405 τὸν
3451 4348 3806 4417 Ὀνοπνίκτην
3833 4346 4078 4416 λεγόμε-

2490 4476 2578 4511 νον
2604 4454 2849 4523 ποταμὸν
2888 4451 2985 4504 καὶ
3015 4449 3110 4502 τὸν
3158 4446 3332 4517 Σαρδν
3374 4442 3710 4513 διαπεράσας
3753 4442 3782 4493 ό
3814 4439 4080 4509 βασιλεὺς

2493 4548 2633 4621 μετὰ
2672 4544 2766 4599 τοῦ
2802 4541 3211 4614 στρατεύματος
3241 4534 3374 4606 ἦλθε
3407 4533 3544 4604 πρὸς
3598 4531 3925 4595 Κουκουσὺν,
3974 4532 4081 4585 καὶ

2489 4643 2587 4705 τάς
2614 4642 2791 4694 ἐκεῖσε
2839 4638 3045 4707 λόχμας
3082 4631 3377 4703 ἐμπρήσας
3412 4628 3501 4681 καλ
3548 4625 3647 4694 τὴν
3696 4624 3894 4677 ἄϐατον
3924 4626 3994 4693 τῇ
4032 4628 4080 4656 ἰ

2490 4732 2597 4784 τῶν
2631 4730 2863 4798 δένδρων
2913 4726 3119 4794 ἐκτομῇ
3160 4721 3329 4793 βατὴν
3358 4716 3679 4786 πεποιηκὼς
3704 4716 3813 4769 τῶν
3851 4718 3910 4768 ἐν
3938 4716 4081 4769 ταύ-

2492 4840 2611 4884 ταις
2641 4822 2816 4891 λόχων
2858 4818 3151 4887 ἑκράτησε.
3201 4809 3345 4884 Πρὸς
3382 4812 3442 4866 δὲ
3471 4810 3569 4880 τὴν
3616 4808 3951 4864 Καλλίπολιν
3985 4810 4083 4861 καὶ

2495 4913 2773 4967 Παδασίαν
2809 4908 3045 4980 φθάσας,
3082 4903 3203 4960 εἶτα
3242 4905 3327 4958 διὰ
3357 4903 3640 4957 δυσϐάτων
3690 4900 3889 4953 ὁδεύων
3918 4900 4086 4963 ὁδῶν,

2494 5008 2590 5062 τοῦ
2620 5008 2790 5060 ἵππου
2820 5004 3031 5065 ἀποϐάς
3055 5001 3218 5065 πεζὸς
3240 5000 3286 5030 ’³
3313 4996 3515 5068 διεξῄει
3538 4994 3608 5048 τὰ
3625 4993 3788 5047 στενά
3803 4995 3904 5061 τῆς
3936 4991 4089 5053 ὀδοῦ,

2499 5100 2587 5155 διὰ
2611 5099 2707 5152 τοῦ
2736 5097 2938 5151 οίκείου
2965 5095 3136 5147 κόπου
3167 5092 3228 5145 τὸ
3260 5089 3485 5153 ἀσθενὲς
3514 5088 3623 5140 τῶν
3657 5086 3765 5139 ὑπὸ
3794 5086 3956 5154 χεῖρα
3978 5100 4091 5135 πα-

2505 5190 2941 5263 ραμυθούμενος.
2973 5184 3287 5256 Τηνικαῦτα
3313 5182 3370 5236 δὲ
3408 5183 3474 5250 τῇ
3506 5176 3879 5249 Γερμανικείᾳ
3912 5192 4089 5242 προσ-

2504 5283 2707 5348 ϐαλὼν,
2738 5283 2861 5335 ἐπεὶ
2882 5281 2943 5334 ee
2974 5278 3370 5345 ἀνθιστάμενον
3399 5275 3547 5328 άπαν
3592 5274 3656 5325 ἐκ
3700 5268 3858 5331 ποδὸς
3888 5267 4098 5336 ἐχώρει

2506 5379 2601 5431 καὶ
2626 5379 2736 5439 τοῖς
2762 5375 2966 5444 τείχεσι
2992 5370 3333 5425 συνεκλείετο
3361 5367 3454 5421 καὶ
3472 5364 3647 5426 οὐδεὶς
3672 5360 3783 5415 τῶν
3813 5358 4101 5427 πολεμίων

2512 5468 2718 5537 ἐτόλμα
2749 5467 2829 5529 είς
2858 5466 3046 5534 χεῖρας
3064 5460 3263 5523 ἐλθεῖν,
3295 5458 3364 5511 τὰ
3392 5455 3524 5524 περὶ
3547 5452 3720 5524 αὐτὴν
3748 5450 3930 5505 πάντα
3955 5446 4101 5515 πυρὶ

2118 5602 2360 5658 VARI/IS
2392 5598 2799 5658 LECTIONES.

888 5698 931 5729 “
979 5696 1321 5766 Ἀναζάρϐης
1349 5697 1561 5767 ἁμέρας
1592 5713 1703 5751 om.
1742 5699 1804 5749 Α.
1880 5697 1921 5729 ¹⁵

818 5776 974 5831 καίας
998 5771 1061 5821 Α.

813 5856 924 5894 om.
955 5837 1013 5891 Ρ.
1143 5840 1185 5869 ²²
1224 5837 1385 5903 πεζὸς
1410 5836 1519 5894 om.
1555 5836 1613 5891 P.

1165 5698 1169 5709 ,
1297 5714 1321 5728 ρ
1540 5716 1561 5728 ρ
2030 5713 2055 5725 ,
2208 5711 2228 5722 _
2391 5694 2416 5705 _
2430 5712 2440 5723 .
2677 5694 2690 5721 ,
2823 5708 2834 5725 ς
2884 5707 2894 5724 Ἰ
3121 5694 3134 5713 ι
3144 5694 3159 5714 π

1165 5696 1287 5819 ξςϐὁη
1294 5697 1894 5837 ἲὲδρτῗιςῒίξζωύηῂὲεὶἐ
1902 5699 2025 5829 ’τΞέ
2039 5730 2053 5747 ⁵
2064 5696 2132 5819 ἓν
2143 5694 2909 5834 ἒὲίῗζῗλῖμαινὸμεῗξέω
2926 5694 3090 5827 aiat
3099 5754 3206 5818 ιάς.

3850 5688 3953 5742 μου
3987 5671 4101 5723 Συ-

2677 5692 2720 5727 ¹⁶
2754 5692 2909 5759 μόνον
2940 5688 3002 5739 Δ.
3121 5688 3160 5714 "
3209 5688 3465 5754 Ἀρδάλου
3500 5688 3567 5731 Α.
3667 5688 3710 5706 ³·
3738 5688 3953 5743 ερημου
3987 5688 4101 5723 ιυ-

2677 5763 2849 5809 ιιιενοε
2926 5754 3206 5809 ἐσγατιάς.
3312 5752 3357 5783 ⁸ο
3391 5745 3751 5809 ἐπαγγέλλειν
3790 5746 3855 5798 Δ-
3958 5742 4002 5775 ’¹
4030 5745 4102 5809 τῇ

3121 5684 3160 5714 ⁸⁷
3209 5679 3465 5754 Ἀρδάλου
3500 5674 3710 5754 LM"
3738 5673 3838 5754 ἐρῄ

3312 5752 3357 5783 ⁸⁸
3391 5745 3751 5818 ἐπαγγέλλειν
3790 5746 3855 5798 Δ.
