4154 6446
777 433 880 497 303

775 641 881 694 bus
911 633 1230 702 assumptis,
1259 637 1623 698 susceptaque
1647 625 1699 679 in
1720 622 1949 678 Tarsum
1975 620 2344 690 expeditione,

778 727 1018 785 ostendit
1042 723 1314 778 Andream
1364 734 1470 773 non
1503 730 1719 785 segnem
1751 723 1912 780 atque
1944 710 2217 769 timidum.
2252 707 2345 761 sed

778 832 958 875 catum
1015 827 1068 870 et
1096 814 1417 884 prudentem
1455 818 1619 874 atque
1648 807 1913 875 optimum
1970 802 2199 855 militum
2241 801 2347 851 du-

775 930 914 970 cem.
971 909 1244 963 Barbaros
1293 905 1437 959 enim
1487 901 1723 971 praedam
1757 907 2000 968 paratam
2036 906 2211 957 ratus,
2249 907 2349 945 nec

774 1016 966 1058 eorum
1015 1014 1135 1067 qua:
1165 1013 1195 1050 e
1236 1010 1294 1048 re
1341 1000 1523 1047 essent
1571 990 1870 1060 quidquam
1919 995 2045 1040 ante
2094 983 2349 1037 conside-

775 1110 928 1157 rans,
956 1104 1058 1145 nec
1079 1090 1214 1143 locis
1240 1085 1520 1155 occupatis
1557 1084 1704 1151 prior
1737 1082 1852 1149 ipse
1878 1078 2106 1131 insidias
2136 1077 2345 1135 locans,

773 1197 867 1243 aut
920 1183 1283 1254 imperatoriae
1343 1176 1553 1248 peritia:
1605 1188 1668 1226 ac
1722 1170 1943 1223 consilii
2000 1167 2348 1232 solet-tiaeque

775 1281 997 1349 dignum
1030 1272 1238 1343 aliquid
1271 1272 1456 1325 animo
1479 1268 1711 1339 agitans,
1741 1262 1913 1318 Tarso
1943 1262 2350 1331 appropinquat

774 1372 828 1426 in
864 1372 979 1423 loco
1013 1381 1173 1436 quem
1207 1361 1633 1433 Clu-ysobullum
1657 1364 1875 1419 vocant,
1902 1354 2137 1410 detinenti
2164 1352 2349 1405 animo

776 1460 1289 1524 iuconsiderataque
1307 1455 1536 1508 audacia
1568 1467 1630 1505 ac
1655 1449 1985 1503 temeritate.
2010 1444 2234 1498 Barbari
2265 1444 2347 1494 in-

773 1559 995 1605 cautum
1039 1547 1454 1602 c0nsiderantcs
1504 1540 1743 1595 hominis
1779 1538 2022 1606 genium,
2070 1534 2214 1603 quod
2258 1547 2351 1585 ne-

773 1659 882 1713 que
908 1643 1022 1695 loca
1059 1651 1172 1694 tuta
1204 1642 1568 1705 occupaverat
1600 1646 1698 1685 nec
1728 1627 2074 1684 convenienti
2116 1626 2256 1678 vallo
2288 1639 2352 1677 ac

775 1735 917 1789 fossa
946 1742 1123 1787 castra
1152 1729 1443 1792 munierat,
1474 1741 1649 1793 neque
1686 1723 1832 1775 aliud
1858 1720 1989 1791 quid
2024 1718 2352 1788 praestiterat

773 1842 963 1881 eorum
984 1840 1103 1893 quae
1133 1822 1238 1876 cati
1266 1836 1330 1874 ac
1353 1820 1583 1873 solertes
1614 1817 1781 1870 duces
1799 1822 2123 1883 praestrucre
2151 1810 2348 1870 solent,

776 1917 1059 1973 victoriam
1092 1914 1216 1968 dolo
1247 1926 1441 1982 parare
1475 1909 1802 1969 deliberant,
1850 1907 2245 1970 incautumque
2295 1914 2359 1953 ac
2395 1908 2431 1961 ιι

775 2013 925 2066 curis
953 2009 1191 2063 solutum
1223 2015 1383 2058 noctu
1410 2002 1826 2071 aggrediuntur,
1846 2004 2235 2064 stratageiuatc
2266 1990 2347 2045 usi

775 2118 874 2173 pro
905 2115 1095 2155 eorum
1148 2099 1203 2152 iu
1242 2104 1535 2166 angustqu
1584 2093 1818 2146 redactis
1853 2090 2014 2142 rebus
2048 2086 2350 2151 aﬂlictaque

776 2194 1015 2257 fortuna,
1054 2195 1129 2246 uti
1179 2192 1252 2243 rei
1292 2190 1545 2258 probavit
1591 2196 1840 2247 eventus,
1883 2185 2039 2253 plane
2072 2181 2256 2235 solerti
2290 2194 2352 2231 ac

776 2283 1086 2338 commodo.
1122 2279 1259 2335 Cum
1301 2278 1444 2331 enim
1479 2292 1544 2331 ex
1578 2284 1803 2341 accepta
1852 2274 1920 2325 ab
1952 2271 2164 2323 Audi-ea
2200 2269 2353 2323 clade

778 2374 938 2444 pauci
977 2379 1163 2427 essent
1189 2385 1252 2422 ac
1290 2367 1499 2421 minuto
1532 2380 1781 2422 numero,
1819 2362 1895 2415 rei
1935 2360 2253 2415 discrimine
2288 2358 2352 2412 ad

779 2462 1000 2518 fraudes
1030 2459 1344 2514 necessario
1369 2456 1509 2509 versi
1540 2464 1684 2509 sont.
1741 2452 1924 2505 Multis
1956 2465 2191 2518 namque
2223 2466 2356 2504 con-

777 2555 957 2610 ductis
996 2552 1175 2621 equis,
1231 2550 1300 2602 ab
1330 2563 1518 2601 eorum
1553 2545 1742 2599 enodis
1766 2543 1918 2597 coria
1944 2542 2093 2596 sicca
2123 2554 2355 2607 suspen-

779 2649 937 2706 dunt.
968 2656 1192 2713 tumque
1228 2657 1333 2694 una
1367 2650 1569 2693 tessera
1605 2638 1656 2689 in
1695 2639 1893 2688 multas
1938 2632 2168 2686 Romani
2200 2646 2356 2684 i'xer-

780 2740 919 2793 citus
964 2746 1147 2805 partes
1191 2734 1523 2792 immittunt;
1571 2728 1781 2797 ipsique
1814 2727 2160 2796 postmodum
2188 2723 2356 2775 variis

780 2845 845 2882 ex
884 2828 1040 2885 locis,
1087 2823 1361 2896 tympanis
1396 2830 1820 2892 perstrepentes,
1853 2818 2086 2870 exsertis
2129 2815 2357 2869 ensibus

782 2921 836 2973 in
876 2918 1112 2972 medium
1162 2915 1364 2969 vallum
1410 2912 1682 2966 insiliunt.
1749 2910 2134 2965 Consternatis
2177 2909 2359 2974 itaque

782 3012 1126 3080 turbatisque
1154 3007 1530 3063 Romanorum
1563 3005 1781 3067 animis,
1834 3016 1886 3056 et
1938 3020 2030 3073 per
2063 3001 2358 3055 tumultum

784 3104 953 3176 288
988 3104 1144 3172 equis
1178 3100 1383 3171 pariter
1415 3099 1655 3167 virisque
1687 3098 1915 3150 invicem
1950 3093 2357 3155 collidentibus,

785 3195 1002 3251 barbari
1040 3195 1193 3263 p0titi
1226 3191 1455 3246 victoria
1496 3198 1624 3244 sunt
1671 3190 1940 3242 immensa
1983 3185 2356 3240 Romanorum

1856 418 2364 484 'IHEOPHANES
2403 418 2594 478 CUNT
2606 415 2954 477 INUATUS.

851 550 940 602 5|.
987 546 1034 600 ls
1084 542 1265 599 statim
1314 538 1576 593 Romanis
1614 536 1870 588 omnibus
1900 531 2063 603 28']
2098 529 2345 586 coliorti-
2374 528 2423 589 Α

3931 413 4037 477 301

2519 524 2617 579 να’.
2670 525 2765 586 ’ος
2814 524 3011 578 αὐτίκα
3066 525 3242 586 πάσας
3274 525 3369 586 τὰς
3422 523 3733 593 Ῥωμαϊκὰς
3776 525 4040 595 δυνάμεις

2454 618 2637 671 λαϐὼν
2681 618 2776 671 καὶ
2803 615 3114 689 ἐξορμήσας
3153 618 3295 669 κατὰ
3340 616 3557 687 Ταρσοῦ
3597 617 3761 680 ἔδειξε
3788 619 3882 669 τὸν
3916 620 4039 671 Ἀν-

2452 711 2615 781 δρέαν
2647 711 2749 763 οὐκ
2796 710 3123 763 ἐθελόκακόν
3165 710 3261 763 καὶ
3304 708 3497 773 δειλὸν,
3540 708 3675 762 ἀλλά
3704 726 4039 779 περιεσκεμ-

2458 801 2615 869 μένον
2644 802 2739 852 καὶ
2787 802 3050 870 φρόνιμον
3099 801 3192 853 καὶ
3223 802 3445 870 ἄριστον
3499 802 3825 870 στρατηγόν.
3863 800 4037 868 Ἥγη.

2456 891 2691 960 σάμενος
2717 892 2826 961 γάρ
2854 892 2979 953 τοὺς
3007 890 3315 962 βαρϐάρους
3337 892 3561 960 ἐτοίμην
3584 891 3734 942 λείαν
3762 892 3855 943 καὶ
3880 891 4040 945 οὐδὲν

2453 983 2563 1035 τῶν
2608 984 2837 1037 δεόντων
2888 985 3450 1054 προδιασκεψάμενος,
3506 983 3627 1035 οὐδὲ
3681 984 4036 1053 προλοχίσας,

2453 1077 2577 1129 οὐδὲ
2612 1077 2986 1146 στρατηγικῆς
3026 1077 3319 1147 ἐμπειρίας
3366 1077 3462 1128 καὶ
3492 1074 3773 1137 εὐϐουλίας
3813 1076 4041 1141 ἐπάξιόν

2455 1186 2506 1220 τι
2534 1169 2836 1238 φρονήσας,
2863 1168 3094 1238 πλησίον
3123 1168 3332 1235 γίνεται
3371 1166 3468 1236 τῆς
3502 1166 3719 1237 Ταρσοῦ
3774 1168 3917 1220 καιά
3947 1168 4042 1219 τὸν

2454 1260 2620 1312 τόπον
2643 1258 2699 1322 ὃς
2730 1259 3141 1329 Χρυσόϐουλλον
3169 1261 3213 1290 ⁸⁷
3246 1260 3485 1325 λέγεται,
3516 1259 3655 1329 μετά
3689 1261 4043 1329 φρονήματος

2455 1354 2689 1421 ἀνοήτου
2721 1352 2817 1405 καὶ
2857 1352 3093 1423 θράσους
3137 1354 3567 1424 ἀπερισκέπτου.
3611 1353 3694 1425 ΙΡ.
3732 1352 3859 1425 178]
3888 1354 3953 1406 Ol
3982 1354 4042 1405 δὲ

2458 1443 2727 1513 βάρϐαροι
2748 1444 2810 1496 τὸ
2828 1444 3250 1514 ἀπροφύλακτον
3282 1444 3446 1497 αὑτοῦ
3472 1445 3955 1513 κατασκεψάμενοι
3977 1448 4044 1497 ἐκ

2454 1535 2550 1587 τοῦ
2571 1536 2707 1605 μήτε
2727 1536 2925 1598 τόπους
2954 1536 3186 1605 ὀχυροὺς
3213 1536 3614 1590 καταλαϐέσθαι
3649 1538 3785 1605 μήτε
3814 1536 4045 1604 χάρακα

2459 1629 2553 1681 καὶ
2568 1629 2777 1698 τάφρον
2795 1627 3165 1697 προϐαλέσθαι
3182 1630 3280 1699 τῆς
3309 1630 3749 1701 στρατοπεδείας,
3773 1629 3897 1697 μήτ’
3911 1629 4047 1681 ἄλλο

2458 1734 2509 1768 τι
2549 1717 2659 1769 τῶν
2693 1718 2728 1771 ἀ
2775 1717 2832 1770 τὸ
2862 1717 3243 1788 λελογισμένον
3282 1720 3394 1772 τῶν
3435 1720 3756 1789 στρατηγῶν
3799 1721 3893 1771 καὶ
3942 1720 4046 1789 ἒμ-

2460 1826 2597 1879 φρον
2621 1810 3147 1881 προδιοικονομεῖται
3180 1812 3693 1883 καταπραξάμενον,
3712 1811 3908 1880 κλέψαι
3936 1814 4042 1881 τὴν

2464 1903 2621 1969 νίκην
2646 1901 3014 1971 βουλεύονται,
3046 1905 3142 1957 καὶ
3196 1905 3571 1975 ἀπαρασκεύῳ
3608 1906 3703 1959 καὶ
3744 1903 4046 1973 ἀμερίμνῳ

2455 1992 2789 2047 ἐπιτίθενται
2821 1994 2971 2064 αύτῷ
3007 1998 3065 2047 ἐν
3090 1996 3268 2060 νυκτὶ,
3298 1998 3717 2067 στρατηγήματι
3753 1995 4045 2066 χρησάμε-

2456 2103 2533 2137 νοι
2552 2087 2685 2158 πρὸς
2698 2088 2796 2155 τὴν
2814 2089 3048 2158 ἀπορίαν
3072 2090 3252 2143 αὐτῶν
3265 2092 3354 2143 καὶ
3373 2092 3717 2162 περίστασιν,
3742 2091 3815 2153 ὡς
3838 2091 4043 2157 ἐφάνη,

2458 2175 2627 2246 σοφῷ.
2646 2175 2850 2245 Ὀλίγοι
2870 2179 2977 2248 γάρ
2990 2196 3135 2242 τινες
3151 2181 3301 2243 ὄντες
3322 2180 3429 2233 ἀπὸ
3453 2182 3553 2251 τῆς
3568 2183 3839 2251 προτέρας
3864 2181 4044 2249 ἥττης

2456 2269 2551 2319 καὶ
2602 2267 2964 2338 εὐαρίθμητοι
3012 2273 3077 2341 τῇ
3132 2273 3336 2341 ἀπορίᾳ
3390 2272 3527 2341 πρὸς
3587 2272 3928 2342 πανουργίαν
3982 2269 4049 2334 ἐξ

2456 2363 2703 2429 ἀνάγκης
2740 2362 3050 2433 ἐχώρησαν,
3094 2365 3189 2416 καὶ
3242 2364 3447 2426 ἵππους
3497 2366 3896 2433 συναγαγόντες
3944 2384 4047 2419 συ-

2459 2453 2618 2521 χνοὺς
2650 2452 2744 2506 καὶ
2778 2452 2981 2522 βύρσας
3015 2454 3184 2524 ξηρὰς
3207 2453 3504 2519 ἐξάψαντες
3530 2455 3637 2508 ἀπὸ
3659 2457 3767 2507 τῶν
3803 2455 4046 2509 ἱππείων

2458 2545 2634 2615 οὐρῶν
2665 2547 2756 2612 ὑφ’
2790 2545 2849 2599 ἓν
2893 2548 3264 2615 παράγγελμα
3297 2548 3438 2600 κατά
3473 2548 3641 2601 πολλά
3676 2548 3721 2579 ⁸³
3770 2548 3863 2601 τοῦ
3898 2549 4047 2601 Ῥω-

2463 2637 2663 2705 μαϊκοῦ
2689 2638 3056 2707 στρατοπέδου
3091 2642 3358 2706 ἐπαφιᾶσι
3395 2640 3559 2710 μέρη,
3600 2636 3729 2692 Εἶτα
3760 2640 3853 2691 καὶ
3882 2639 4047 2690 αὐτοὶ

2459 2730 2566 2781 ἀπὸ
2592 2729 2864 2799 διαφόρων
2891 2730 3094 2794 τόπων,
3138 2734 3250 2793 τοῖς
3294 2733 3599 2805 τυμπάνοις
3643 2732 4050 2799 ἐπιδουπήσαν-

2460 2839 2569 2885 τες,
2604 2824 2661 2875 ἐν
2690 2822 2841 2891 μέσῳ
2863 2820 2958 2874 τοῦ
2992 2824 3233 2892 χάρακος
3265 2826 3491 2892 γυμνοῖς
3523 2824 3636 2885 τοῖς
3680 2822 3891 2891 ξίφεσιν
3932 2823 4053 2874 είσ-

2461 2917 2759 2985 επήδησαν.
2808 2916 3001 2978 Πτοίας
3022 2908 3114 2969 οὖν
3158 2919 3250 2970 καὶ
3297 2915 3544 2986 ταραχῆς
3590 2915 3941 2985 ἐμπεσούσης
3968 2915 4053 2985 τῷ

2462 3010 2570 3060 τῶν
2629 2998 2918 3077 Ῥωμαίων
2964 3007 3363 3078 στρατεύματι,
3415 3008 3509 3060 καὶ
3561 3007 4054 3078 συνταραχθέντων

2464 3103 2644 3152 ἵππων
2660 3099 2795 3170 όμοῦ
2810 3098 2905 3151 καὶ
2935 3100 3143 3169 ἀνδρῶν
3171 3101 3263 3153 καὶ
3292 3099 3540 3169 ἀλλήλοις
3573 3099 4051 3167 περιπιπτόντων,

2468 3192 2665 3261 συνέϐη
2692 3196 2815 3254 τοὺς
2851 3191 3160 3263 βαρϐάρους
3188 3194 3461 3262 κρατῆσαι
3500 3193 3593 3246 καὶ
3627 3194 3785 3261 φόνον
3814 3193 4055 3261 ἄπειρον

785 3299 988 3358 strage,
1031 3287 1302 3354 plerisque
1332 3300 1361 3336 a
1395 3285 1513 3337 suis
1559 3282 1789 3351 inglorie
1832 3282 2051 3334 obtritis
2086 3294 2152 3333 ac
2190 3278 2360 3333 sulTo-

2466 3285 2906 3355 ἀπεργάσασθαι,
2942 3286 3050 3338 τῶν
3086 3286 3356 3339 πλείστων
3408 3286 3685 3348 δυσκλεῶς
3721 3303 4055 3354 συμπατου-

786 3382 945 3437 catis.
1018 3378 1109 3432 Sic
1166 3392 1303 3447 pene
1350 3376 1600 3429 inaudito
1641 3389 1775 3427 casu
1855 3382 2164 3441 praeterque
2208 3385 2361 3439 spem

787 3488 1008 3528 omnem
1069 3470 1308 3524 victores
1364 3467 1673 3527 laniat-litat,
1745 3464 2088 3533 Romanique
2147 3463 2364 3532 imperii

789 3565 973 3621 nervis
1005 3562 1225 3624 excisis,
1270 3571 1657 3631 tympanorum
1695 3558 1922 3625 strepitu
1961 3574 2025 3611 ac
2075 3557 2366 3611 barbarico

787 3640 996 3712 barritu
1046 3670 1238 3725 paeana
1289 3654 1674 3708 concin‘cbant.
1733 3654 1883 3707 llunc
1935 3656 2093 3707 ti.:em
2157 3654 2366 3708 stolidae

786 3748 1153 3818 expeditionis
1205 3746 1470 3799 adversus
1526 3743 1805 3799 Romanos
1864 3746 2002 3797 “\‘Ol‘
2044 3746 2246 3804 attulit,
2302 3758 2367 3797 ae

789 3841 895 3895 tale
921 3849 1189 3908 tropaeum
1221 3838 1483 3892 adversus
1507 3851 1602 3891 eos
1633 3837 1834 3905 quibus
1860 3836 2024 3906 paulo
2041 3847 2163 3891 ante
2188 3834 2367 3891 fatiste

788 3942 1033 3989 cesserat
1060 3932 1306 4002 maligna
1340 3929 1587 3986 Nemesis
1620 3930 1821 4000 posuit.

860 4200 947 4256 52.
983 4198 1185 4254 Verum
1216 4199 1298 4253 sic
1324 4199 1543 4268 quidem
1580 4213 1638 4253 se
1666 4214 1757 4254 res
1789 4190 2033 4255 Orientis
2069 4200 2367 4268 habebant,

790 4292 997 4348 Basilio
1036 4290 1126 4360 pio
1158 4288 1688 4358 religiosissimoque
1717 4289 2072 4359 imperatore.
2109 4290 2239 4358 Quae
2269 4307 2336 4346 au
2363 4319 2369 4325 -

788 4395 898 4439 tem
943 4384 1009 4437 ad
1056 4381 1409 4437 Occidentem
1455 4388 1726 4450 spectant,
1777 4390 2103 4436 narraturus
2146 4384 2365 4437 accedo.

790 4477 995 4531 Eadem
1024 4490 1088 4530 ac
1130 4474 1343 4543 reliqua
1377 4474 1613 4537 ratione,
1644 4475 1809 4529 etiam
1843 4476 2007 4530 rebus
2054 4473 2368 4530 Occidentis

794 4569 1059 4638 majorem
1101 4568 1152 4622 in
1179 4565 1400 4621 modum
1429 4567 1693 4622 Micliaele
1722 4568 2053 4637 imperatore
2083 4569 2364 4638 neglectis,

794 4670 1014 4729 totaque
1053 4656 1168 4712 fere
1189 4656 1366 4720 Italia,
1397 4666 1601 4726 quanta
1625 4672 1780 4711 nova:
1808 4667 2009 4711 nostrae
2041 4656 2224 4712 Romae
2251 4673 2369 4712 res-

794 4760 959 4811 serat,
1004 4748 1399 4817 potissimaque
1440 4746 1642 4801 Sicilia:
1673 4754 1825 4816 parte
1848 4747 2364 4818 Carthagineusium

791 4840 963 4895 armis
996 4838 1264 4893 debellata
1309 4846 1474 4907 atque
1524 4838 1777 4893 barbaris
1822 4840 2074 4909 vectigali
2102 4839 2268 4902 facta,
2300 4839 2365 4893 ad

794 4932 907 4985 bac
932 4932 1097 4984 etiam
1122 4929 1216 4999 qui
1243 4929 1296 4982 in
1329 4930 1604 4985 Pannonia
1632 4940 1686 4986 et
1707 4930 1993 4998 Dalmatia,
2018 4948 2084 4988 ac
2110 4933 2202 5002 qui
2228 4934 2367 4986 ultra

795 5023 896 5076 bos
946 5019 1183 5091 Scythae,
1248 5020 1511 5076 Chrobati
1574 5021 1784 5075 scilicet
1833 5031 1888 5076 et
1948 5023 2121 5078 Serbli
2157 5032 2211 5077 et
2263 5022 2368 5076 Za-

795 5111 1022 5173 cltlumi,
1056 5109 1406 5166 Terbuniota:
1434 5113 1560 5165 item
1585 5123 1641 5167 et
1671 5114 1929 5167 Canalitae
1961 5123 2015 5169 et
2048 5114 2369 5171 Diocletiani

794 5213 846 5258 et
882 5201 1136 5269 Rentani,
1166 5220 1402 5259 excusso
1449 5204 1679 5259 Romani
1716 5207 1926 5276 imperii
1954 5206 2109 5276 jugo,
2140 5208 2227 5261 cui
2257 5208 2369 5277 pri-

795 5295 918 5346 dem
965 5295 1248 5355 suberaut,
1295 5295 1380 5347 sui
1432 5295 1576 5363 juris
1626 5305 1787 5363 atque
1849 5299 2002 5349 liberi
2054 5298 2203 5360 lacti.
2258 5300 2373 5352 suis

797 5381 1068 5437 duntaxat
1102 5385 1302 5450 regulis
1326 5399 1389 5437 ac
1419 5385 1836 5453 magistratibus
1879 5388 2162 5455 parebant.
2196 5387 2371 5441 Pleri-

796 5488 904 5543 que
964 5474 1130 5544 289
1186 5490 1315 5528 vero
1377 5476 1606 5543 majoris
1677 5478 2003 5534 defectionis
2070 5481 2372 5549 specimine

797 5563 968 5617 etiam
1051 5563 1381 5635 baptismum
1444 5567 1836 5638 ejuraverant,
1872 5581 1930 5623 ut
1983 5571 2191 5623 nullum
2239 5587 2369 5642 erga

2470 3378 2646 3446 μένων
2704 3381 2797 3431 καὶ
2838 3379 3298 3448 συμπνιγομένων
3352 3379 3443 3446 ὑφ’
3496 3379 3728 3434 ἑαυτῶν.
3780 3378 3943 3431 Οὕτω
3993 3380 4056 3432 δὲ

2469 3470 2791 3539 παραδόξως
2846 3471 2941 3521 καὶ
3012 3471 3141 3539 παρ’
3198 3470 3390 3523 ἐλπίδα
3443 3471 3819 3541 κρατήσαντες
3881 3471 3932 3522 οἱ
3992 3471 4059 3535 ἐξ

2480 3561 2722 3629 Ἰσμαὴλ,
2756 3562 2850 3613 καὶ
2882 3562 2949 3613 τά
2980 3561 3148 3631 νεῦρα
3182 3563 3279 3631 τῆς
3313 3562 3632 3631 Ῥωμαῖκῆς
3664 3563 3837 3631 ἀρχῆς
3875 3578 4061 3614 κατα*

2468 3652 2753 3720 κόψαντες,
2806 3653 3109 3721 τυμπάνων
3156 3652 3306 3720 βοαῖς
3360 3654 3453 3704 καὶ
3500 3652 3855 3721 βαρϐαρικοῖς
3912 3652 4061 3704 ἀλα-

2467 3743 2695 3812 λαγμοῖς
2729 3743 3071 3808 ἐπαιάνιζον.
3112 3744 3363 3796 Τοιοῦτον
3388 3744 3448 3795 τὸ
3484 3745 3638 3805 τέλος
3681 3745 3782 3812 τῆς
3814 3746 4059 3813 ἀνοήτου

2470 3836 2806 3904 στρατηγίας
2828 3837 2856 3885 ὁ
2881 3836 3075 3903 φθόνος
3102 3837 3243 3887 κατα
3270 3836 3378 3887 τῶν
3412 3834 3696 3903 Ῥωμαίων
3723 3834 4058 3903 ἐϐράϐευσε,

2472 3928 2563 3979 καὶ
2609 3926 2905 3995 τοιοῦτονή
2948 3926 3219 3995 βάσκανος
3272 3928 3517 3996 Νέμεσις
3559 3926 3701 3980 κατά
3732 3927 3842 3980 τῶν
3890 3929 4059 3980 εὐτυ-

2470 4017 2753 4087 χησάντων
2787 4019 3053 4090 πρότερον
3093 4018 3384 4089 Ῥωμαίων
3409 4020 3467 4073 τὺ
3495 4021 3758 4091 τρόπαιον
3796 4020 4061 4091 ἔστησεν.

2543 4200 2642 4271 νβ’.
2682 4199 2844 4253 Ἀλλὰ
2896 4199 2962 4253 τά
3012 4200 3111 4269 μὲν
3165 4200 3303 4272 πρὸς
3348 4198 3640 4268 ἀνίσχοντα
3675 4196 3827 4268 ἥλιον
3875 4197 4064 4261 οὕτως

2471 4291 2587 4363 εἶχε
2618 4294 2761 4347 κατά
2793 4294 2919 4355 τοὺς
2950 4291 3179 4362 χρόνους
3205 4293 3304 4361 τῆς
3344 4290 3602 4354 εὐσεϐοῦς
3640 4290 3917 4361 βασιλείας
3940 4288 4065 4342 Βα-

2475 4385 2698 4448 σιλείου,
2738 4386 2806 4435 τά
2834 4384 2890 4436 δὲ
2922 4384 3062 4453 πρὸς
3089 4383 3350 4454 δυόμενον
3391 4384 3624 4454 ἔρχομαι
3659 4382 4060 4452 διηγήσασθαι.

2485 4476 2820 4538 Ἀκολούθως
2871 4476 2982 4545 γὰρ
3040 4479 3151 4538 τοῖς
3194 4477 3404 4538 λοιποῖς
3459 4476 3555 4529 καὶ
3606 4476 3714 4528 τῶν
3758 4475 3903 4528 κατά
3955 4476 4065 4544 τὴν

2482 4567 2759 4638 Ἑσπέραν
2802 4569 3147 4638 πραγμάτοιν
3180 4569 3273 4622 ἐπὶ
3330 4566 3491 4621 πλέον
3526 4567 3909 4638 ἀμεληθέντων
3960 4568 4067 4619 ἐπὶ

2475 4656 2577 4726 τῆς
2619 4656 2897 4726 βασιλείας
2939 4657 3033 4709 τοῦ
3064 4656 3306 4726 Μιχαὴλ,
3343 4657 3435 4709 καὶ
3476 4656 3659 4726 πάσης
3699 4657 3883 4726 σχεδὸν
3920 4657 4068 4709 Ἰταο

2476 4748 2620 4813 λίας,
2653 4750 2751 4818 ὅση
2781 4751 2851 4818 τῇ
2901 4748 3025 4800 καθ’
3058 4750 3205 4819 ἡμᾶς
3254 4748 3351 4818 νέᾳ
3404 4746 3590 4818 ῬώμηςΙ
3638 4747 4064 4817 προαφώριστο,

2476 4840 2571 4892 καὶ
2594 4839 2702 4893 τῶν
2730 4841 3002 4894 πλείστων
3032 4840 3411 4910 τῆςίΣικελίας
3436 4841 3541 4892 ὑπὸ
3572 4840 3675 4909 τῆς
3701 4842 4069 4910 γειτονούσης

2476 4934 2587 4987 τῶν
2630 4936 2746 5005 Καρ
2760 4934 3020 5005 ξηδονίων
3063 4936 3346 5004 δυνάμεως
3381 4934 3931 5005 καταπολεμηθείσης
3964 4936 4069 4990 καὶ

2479 5028 2759 5097 ὑποφόρου
2788 5029 2900 5088 τοῖς
2948 5026 3244 5098 βαρϐάροις
3278 5027 3677 5098 γεγενημένης,
3730 5028 3807 5081 ἔτι
3852 5045 3916 5096 γε
3952 5030 4071 5099 μὴν

2480 5120 2575 5173 καὶ
2603 5120 2712 5171 τῶν
2734 5120 2790 5170 ἐν
2825 5119 3092 5190 Παννονίᾳ
3121 5120 3217 5172 καὶ
3238 5119 3519 5191 Δαλματίᾳ
3547 5121 3640 5173 καὶ
3666 5120 3774 5174 τῶν
3800 5121 4069 5173 ἐπέκεινα

2477 5210 2684 5263 τούτων
2739 5210 3104 5279 διακειμένων
3152 5211 3396 5274 Σκυθῶν,
3455 5210 3745 5279 Κρωϐάτοι
3789 5212 3936 5281 φημὶ
3969 5217 4069 5265 καὶ

2480 5302 2705 5372 Σέρϐλοι
2748 5304 2842 5355 καὶ
2872 5304 3182 5373 Ζαχλουαοὶ
3221 5303 3624 5376 Τερϐουνιῶταί
3660 5321 3719 5356 τε
3751 5304 3848 5356 καὶ
3874 5305 4070 5356 Κανα-

2478 5392 2623 5445 λῖται
2649 5393 2741 5444 καὶ
2777 5396 3157 5464 Διοκλητιανοὶ
3184 5397 3278 5448 καὶ
3314 5396 3612 5463 Ῥεντανοὶ,
3645 5397 3743 5466 τῆς
3792 5398 4070 5450 ἀνέκαθεν

2479 5487 2589 5538 τῶν
2635 5486 2923 5557 Ῥωμαίων
2954 5489 3309 5559 ἐπικρατείας
3331 5490 3737 5559 ἀφηνιάσαντες
3767 5491 4070 5560 αὐτόνομοί

2482 5596 2543 5632 τε
2604 5581 2699 5633 καὶ
2748 5581 3137 5636 αὑτοδέσποτοι
3192 5582 3630 5656 καθεστήκεισαν
3659 5584 3726 5650 ⁸⁸,
3755 5584 3865 5639 ὑπὸ
3917 5585 4072 5639 ἰδίων

2088 5753 2324 5810 VARle
2361 5755 2770 5815 LECTION‘ES.

867 5857 914 5894 "
953 5858 1281 5918 Barberinus
1307 5863 1700 5935 Χρυσόϐουλον.
1779 5868 1821 5898 ⁸⁸
1855 5868 1993 5922 κατά
2020 5868 2087 5922 τά
2124 5870 2290 5926 πολλά
2321 5871 2377 5926 Ρ.

2487 5877 2532 5910 δ’
2566 5876 3022 5940 καθειστήκεισαν
3045 5878 3109 5935 Ρ.
