  <div class='ocr_page' id='page_1' title='image "/cluster/home/n/w/nwhite01/storage/ocr_20150623/109/nnc1.0046979867/161.png"; bbox 0 0 4154 6446; ppageno 0'>
   <div class='ocr_carea' id='block_1_1' title="bbox 766 379 2406 458">
    <p class='ocr_par' dir='ltr' id='par_1_1' title="bbox 766 379 2406 442">
     <span class='ocr_line' id='line_1_1' title="bbox 766 379 2406 442; baseline 0.002 -3"><span class='ocrx_word' id='word_1_1' title='bbox 766 379 871 440; x_wconf 83' lang='grc'><strong>307</strong></span> <span class='ocrx_word' id='word_1_2' title='bbox 1841 382 2346 442; x_wconf 71' lang='lat' dir='ltr'><strong>&#39;1&#39;llEtll‘H.\.\&#39;l£S</strong></span> <span class='ocrx_word' id='word_1_3' title='bbox 2382 388 2406 442; x_wconf 77' lang='lat' dir='ltr'><strong>t</strong></span> 
     </span>
    </p>
   </div>
   <div class='ocr_carea' id='block_1_2' title="bbox 2377 379 4017 458">
    <p class='ocr_par' dir='ltr' id='par_1_2' title="bbox 2382 385 4017 458">
     <span class='ocr_line' id='line_1_2' title="bbox 2382 385 4017 458; baseline 0.01 -16"><span class='ocrx_word' id='word_1_4' title='bbox 2382 385 2942 448; x_wconf 69' lang='lat' dir='ltr'><strong>CONTINUATUS.</strong></span> <span class='ocrx_word' id='word_1_5' title='bbox 3912 396 4017 458; x_wconf 81' lang='lat'><strong>308</strong></span> 
     </span>
    </p>
   </div>
   <div class='ocr_carea' id='block_1_3' title="bbox 836 490 2476 581">
    <p class='ocr_par' dir='ltr' id='par_1_3' title="bbox 836 490 2414 565">
     <span class='ocr_line' id='line_1_3' title="bbox 836 490 2414 565; baseline 0.001 -13"><span class='ocrx_word' id='word_1_6' title='bbox 836 494 995 565; x_wconf 76' lang='lat'><strong>291</strong></span> <span class='ocrx_word' id='word_1_7' title='bbox 1032 496 1120 549; x_wconf 64' lang='lat'><strong>54.</strong></span> <span class='ocrx_word' id='word_1_8' title='bbox 1156 490 1311 563; x_wconf 89' lang='lat' dir='ltr'><strong>Quod</strong></span> <span class='ocrx_word' id='word_1_9' title='bbox 1343 499 1413 551; x_wconf 88' lang='lat' dir='ltr'><strong>ita</strong></span> <span class='ocrx_word' id='word_1_10' title='bbox 1452 496 1817 553; x_wconf 83' lang='lat' dir='ltr'><strong>Dalmatarum</strong></span> <span class='ocrx_word' id='word_1_11' title='bbox 1848 501 2067 555; x_wconf 83' lang='lat' dir='ltr'><strong>auxiliis</strong></span> <span class='ocrx_word' id='word_1_12' title='bbox 2090 516 2117 554; x_wconf 90' lang='lat' dir='ltr'><strong>a</strong></span> <span class='ocrx_word' id='word_1_13' title='bbox 2144 502 2341 555; x_wconf 79' lang='lat' dir='ltr'><strong>lioma—</strong></span> <span class='ocrx_word' id='word_1_14' title='bbox 2374 506 2414 561; x_wconf 76' lang='grc' dir='ltr'><strong>Α</strong></span> 
     </span>
    </p>
   </div>
   <div class='ocr_carea' id='block_1_4' title="bbox 2375 490 4015 581">
    <p class='ocr_par' dir='ltr' id='par_1_4' title="bbox 2375 504 4015 581">
     <span class='ocr_line' id='line_1_4' title="bbox 2375 504 4015 581; baseline 0.008 -27"><span class='ocrx_word' id='word_1_15' title='bbox 2375 506 2414 561; x_wconf 76' lang='grc' dir='ltr'><strong>Α</strong></span> <span class='ocrx_word' id='word_1_16' title='bbox 2515 504 2607 559; x_wconf 70' lang='grc' dir='ltr'>νδ.</span> <span class='ocrx_word' id='word_1_17' title='bbox 2642 507 2714 558; x_wconf 74' lang='grc' dir='ltr'><strong>Τὸ</strong></span> <span class='ocrx_word' id='word_1_18' title='bbox 2744 507 2799 558; x_wconf 77' lang='grc' dir='ltr'><strong>δέ</strong></span> <span class='ocrx_word' id='word_1_19' title='bbox 2829 507 2957 575; x_wconf 70' lang='grc' dir='ltr'>περὶ</span> <span class='ocrx_word' id='word_1_20' title='bbox 2984 508 3107 569; x_wconf 66' lang='grc' dir='ltr'>τοὺς</span> <span class='ocrx_word' id='word_1_21' title='bbox 3162 510 3218 559; x_wconf 88' lang='grc' dir='ltr'><strong>ἐν</strong></span> <span class='ocrx_word' id='word_1_22' title='bbox 3248 510 3529 581; x_wconf 75' lang='grc' dir='ltr'>Δαλματία</span> <span class='ocrx_word' id='word_1_23' title='bbox 3573 512 3724 580; x_wconf 69' lang='grc' dir='ltr'>παρὰ</span> <span class='ocrx_word' id='word_1_24' title='bbox 3751 512 3849 581; x_wconf 79' lang='grc' dir='ltr'>τῆς</span> <span class='ocrx_word' id='word_1_25' title='bbox 3884 511 4015 567; x_wconf 69' lang='grc' dir='ltr'>Ῥωι</span> 
     </span>
    </p>
   </div>
   <div class='ocr_carea' id='block_1_5' title="bbox 765 589 2405 674">
    <p class='ocr_par' dir='ltr' id='par_1_5' title="bbox 765 589 2333 663">
     <span class='ocr_line' id='line_1_5' title="bbox 765 589 2333 663; baseline 0.004 -23"><span class='ocrx_word' id='word_1_26' title='bbox 765 589 850 641; x_wconf 91' lang='lat' dir='ltr'><strong>uis</strong></span> <span class='ocrx_word' id='word_1_27' title='bbox 868 598 1080 657; x_wconf 81' lang='lat' dir='ltr'><strong>gestum</strong></span> <span class='ocrx_word' id='word_1_28' title='bbox 1116 600 1253 654; x_wconf 87' lang='lat' dir='ltr'><strong>erat,</strong></span> <span class='ocrx_word' id='word_1_29' title='bbox 1288 590 1558 653; x_wconf 79' lang='lat' dir='ltr'><strong>videntes,</strong></span> <span class='ocrx_word' id='word_1_30' title='bbox 1583 609 1721 660; x_wconf 89' lang='lat' dir='ltr'><strong>quas</strong></span> <span class='ocrx_word' id='word_1_31' title='bbox 1749 594 1912 661; x_wconf 91' lang='lat' dir='ltr'><strong>paulo</strong></span> <span class='ocrx_word' id='word_1_32' title='bbox 1933 596 2190 663; x_wconf 80' lang='lat' dir='ltr'><strong>superius</strong></span> <span class='ocrx_word' id='word_1_33' title='bbox 2220 612 2333 648; x_wconf 87' lang='lat' dir='ltr'><strong>me-</strong></span> 
     </span>
    </p>
   </div>
   <div class='ocr_carea' id='block_1_6' title="bbox 2371 589 4011 674">
    <p class='ocr_par' dir='ltr' id='par_1_6' title="bbox 2442 600 4011 674">
     <span class='ocr_line' id='line_1_6' title="bbox 2442 600 4011 674; baseline 0.006 -24"><span class='ocrx_word' id='word_1_34' title='bbox 2442 600 2645 669; x_wconf 80' lang='grc' dir='ltr'>μαϊκῆς</span> <span class='ocrx_word' id='word_1_35' title='bbox 2669 600 2989 669; x_wconf 73' lang='grc' dir='ltr'><strong>ἐπικουρίας</strong></span> <span class='ocrx_word' id='word_1_36' title='bbox 3012 602 3233 668; x_wconf 72' lang='grc' dir='ltr'>γεγονὸς</span> <span class='ocrx_word' id='word_1_37' title='bbox 3255 603 3350 654; x_wconf 75' lang='grc' dir='ltr'>καὶ</span> <span class='ocrx_word' id='word_1_38' title='bbox 3374 604 3443 656; x_wconf 78' lang='grc' dir='ltr'><strong>τά</strong></span> <span class='ocrx_word' id='word_1_39' title='bbox 3460 621 3675 674; x_wconf 83' lang='grc' dir='ltr'>προμνη</span> <span class='ocrx_word' id='word_1_40' title='bbox 3686 607 4011 674; x_wconf 77' lang='grc' dir='ltr'>μονευθέντα</span> 
     </span>
    </p>
   </div>
   <div class='ocr_carea' id='block_1_7' title="bbox 764 678 2404 765">
    <p class='ocr_par' dir='ltr' id='par_1_7' title="bbox 764 680 2337 747">
     <span class='ocr_line' id='line_1_7' title="bbox 764 680 2337 747; baseline 0.004 -14"><span class='ocrx_word' id='word_1_41' title='bbox 764 680 977 735; x_wconf 84' lang='lat' dir='ltr'><strong>tnoravl</strong></span> <span class='ocrx_word' id='word_1_42' title='bbox 1010 681 1281 747; x_wconf 90' lang='lat' dir='ltr'><strong>nationes,</strong></span> <span class='ocrx_word' id='word_1_43' title='bbox 1316 680 1577 737; x_wconf 76' lang='lat' dir='ltr'><strong>Clirobati</strong></span> <span class='ocrx_word' id='word_1_44' title='bbox 1628 684 1887 739; x_wconf 87' lang='lat' dir='ltr'><strong>nimirum</strong></span> <span class='ocrx_word' id='word_1_45' title='bbox 1936 695 1991 740; x_wconf 91' lang='lat' dir='ltr'><strong>et</strong></span> <span class='ocrx_word' id='word_1_46' title='bbox 2053 686 2225 741; x_wconf 90' lang='lat' dir='ltr'><strong>Serbli</strong></span> <span class='ocrx_word' id='word_1_47' title='bbox 2285 696 2337 740; x_wconf 87' lang='lat' dir='ltr'><strong>et</strong></span> 
     </span>
    </p>
   </div>
   <div class='ocr_carea' id='block_1_8' title="bbox 2376 678 4016 765">
    <p class='ocr_par' dir='ltr' id='par_1_8' title="bbox 2439 678 4016 765">
     <span class='ocr_line' id='line_1_8' title="bbox 2439 678 4016 765; baseline 0.006 -26"><span class='ocrx_word' id='word_1_48' title='bbox 2439 688 2569 759; x_wconf 84' lang='grc' dir='ltr'><strong>γένη</strong></span> <span class='ocrx_word' id='word_1_49' title='bbox 2604 687 2951 759; x_wconf 77' lang='grc' dir='ltr'>θεασάμενοι,</span> <span class='ocrx_word' id='word_1_50' title='bbox 2986 692 3040 744; x_wconf 70' lang='lat' dir='ltr'><strong>oi</strong></span> <span class='ocrx_word' id='word_1_51' title='bbox 3058 709 3116 744; x_wconf 86' lang='grc' dir='ltr'><strong>τε</strong></span> <span class='ocrx_word' id='word_1_52' title='bbox 3146 692 3433 761; x_wconf 81' lang='grc' dir='ltr'>Χρωδάτοι</span> <span class='ocrx_word' id='word_1_53' title='bbox 3479 696 3569 748; x_wconf 75' lang='grc' dir='ltr'>καὶ</span> <span class='ocrx_word' id='word_1_54' title='bbox 3597 678 3819 765; x_wconf 79' lang='grc' dir='ltr'>Σέρσλοι</span> <span class='ocrx_word' id='word_1_55' title='bbox 3845 699 3938 750; x_wconf 74' lang='grc' dir='ltr'>καὶ</span> <span class='ocrx_word' id='word_1_56' title='bbox 3963 698 4016 749; x_wconf 89' lang='lat' dir='ltr'><strong>ot</strong></span> 
     </span>
    </p>
   </div>
   <div class='ocr_carea' id='block_1_9' title="bbox 766 771 2406 859">
    <p class='ocr_par' dir='ltr' id='par_1_9' title="bbox 766 771 2338 845">
     <span class='ocr_line' id='line_1_9' title="bbox 766 771 2338 845; baseline 0.001 -18"><span class='ocrx_word' id='word_1_57' title='bbox 766 773 985 840; x_wconf 83' lang='lat' dir='ltr'><strong>reliqui,</strong></span> <span class='ocrx_word' id='word_1_58' title='bbox 1025 771 1252 842; x_wconf 77' lang='lat' dir='ltr'><strong>ejusque</strong></span> <span class='ocrx_word' id='word_1_59' title='bbox 1277 774 1369 842; x_wconf 89' lang='lat' dir='ltr'><strong>qui</strong></span> <span class='ocrx_word' id='word_1_60' title='bbox 1401 783 1515 828; x_wconf 90' lang='lat' dir='ltr'><strong>tum</strong></span> <span class='ocrx_word' id='word_1_61' title='bbox 1565 789 1749 829; x_wconf 89' lang='lat' dir='ltr'><strong>rerum</strong></span> <span class='ocrx_word' id='word_1_62' title='bbox 1798 778 2068 845; x_wconf 90' lang='lat' dir='ltr'><strong>potiretur</strong></span> <span class='ocrx_word' id='word_1_63' title='bbox 2106 778 2338 845; x_wconf 64' lang='lat' dir='ltr'><strong>aequita-</strong></span> 
     </span>
    </p>
   </div>
   <div class='ocr_carea' id='block_1_10' title="bbox 2378 771 4018 859">
    <p class='ocr_par' dir='ltr' id='par_1_10' title="bbox 2438 779 4018 859">
     <span class='ocr_line' id='line_1_10' title="bbox 2438 779 4018 859; baseline 0.004 -28"><span class='ocrx_word' id='word_1_64' title='bbox 2438 779 2635 843; x_wconf 81' lang='grc' dir='ltr'>λοιποὶ,</span> <span class='ocrx_word' id='word_1_65' title='bbox 2669 781 2764 833; x_wconf 70' lang='grc' dir='ltr'>καὶ</span> <span class='ocrx_word' id='word_1_66' title='bbox 2816 780 2909 834; x_wconf 76' lang='grc' dir='ltr'>τοῦ</span> <span class='ocrx_word' id='word_1_67' title='bbox 2962 782 3087 852; x_wconf 78' lang='grc' dir='ltr'>ἄρτι</span> <span class='ocrx_word' id='word_1_68' title='bbox 3134 782 3509 852; x_wconf 78' lang='grc' dir='ltr'><strong>βασιλεύοντος</strong></span> <span class='ocrx_word' id='word_1_69' title='bbox 3575 786 3861 856; x_wconf 83' lang='grc' dir='ltr'>Ῥωμαίων</span> <span class='ocrx_word' id='word_1_70' title='bbox 3917 788 4018 859; x_wconf 83' lang='grc' dir='ltr'>τὴν</span> 
     </span>
    </p>
   </div>
   <div class='ocr_carea' id='block_1_11' title="bbox 766 862 2406 950">
    <p class='ocr_par' dir='ltr' id='par_1_11' title="bbox 766 862 2335 934">
     <span class='ocr_line' id='line_1_11' title="bbox 766 862 2335 934; baseline 0.004 -16"><span class='ocrx_word' id='word_1_71' title='bbox 766 872 871 918; x_wconf 89' lang='lat' dir='ltr'><strong>tem</strong></span> <span class='ocrx_word' id='word_1_72' title='bbox 905 862 960 917; x_wconf 87' lang='lat' dir='ltr'><strong>in</strong></span> <span class='ocrx_word' id='word_1_73' title='bbox 986 864 1633 934; x_wconf 87' lang='lat' dir='ltr'><strong>omnibusquejustitiam</strong></span> <span class='ocrx_word' id='word_1_74' title='bbox 1659 877 1712 921; x_wconf 91' lang='lat' dir='ltr'><strong>et</strong></span> <span class='ocrx_word' id='word_1_75' title='bbox 1742 870 1996 923; x_wconf 76' lang='lat' dir='ltr'><strong>virtutem</strong></span> <span class='ocrx_word' id='word_1_76' title='bbox 2018 870 2335 932; x_wconf 77' lang='lat' dir='ltr'><strong>audientes,</strong></span> 
     </span>
    </p>
   </div>
   <div class='ocr_carea' id='block_1_12' title="bbox 2379 862 4019 950">
    <p class='ocr_par' dir='ltr' id='par_1_12' title="bbox 2441 870 4019 950">
     <span class='ocr_line' id='line_1_12' title="bbox 2441 870 4019 950; baseline 0.007 -29"><span class='ocrx_word' id='word_1_77' title='bbox 2441 870 2747 924; x_wconf 87' lang='grc' dir='ltr'>ἐπιείκειαν</span> <span class='ocrx_word' id='word_1_78' title='bbox 2794 873 2889 925; x_wconf 71' lang='grc' dir='ltr'>καὶ</span> <span class='ocrx_word' id='word_1_79' title='bbox 2934 875 3062 943; x_wconf 74' lang='grc' dir='ltr'>περὶ</span> <span class='ocrx_word' id='word_1_80' title='bbox 3092 876 3269 929; x_wconf 85' lang='grc' dir='ltr'>πάντα</span> <span class='ocrx_word' id='word_1_81' title='bbox 3322 876 3669 945; x_wconf 70' lang='grc' dir='ltr'>δικαιοσύνην</span> <span class='ocrx_word' id='word_1_82' title='bbox 3695 881 3787 931; x_wconf 77' lang='grc' dir='ltr'>καὶ</span> <span class='ocrx_word' id='word_1_83' title='bbox 3813 880 4019 950; x_wconf 73' lang='grc' dir='ltr'>ἀρετὴν</span> 
     </span>
    </p>
   </div>
   <div class='ocr_carea' id='block_1_13' title="bbox 763 956 2403 1039">
    <p class='ocr_par' dir='ltr' id='par_1_13' title="bbox 763 956 2337 1030">
     <span class='ocr_line' id='line_1_13' title="bbox 763 956 2337 1030; baseline 0.004 -19"><span class='ocrx_word' id='word_1_84' title='bbox 763 956 1010 1023; x_wconf 80' lang='lat' dir='ltr'><strong>beneque</strong></span> <span class='ocrx_word' id='word_1_85' title='bbox 1035 957 1260 1013; x_wconf 83' lang='lat' dir='ltr'><strong>subesse</strong></span> <span class='ocrx_word' id='word_1_86' title='bbox 1292 974 1454 1028; x_wconf 91' lang='lat' dir='ltr'><strong>quam</strong></span> <span class='ocrx_word' id='word_1_87' title='bbox 1493 961 1798 1028; x_wconf 87' lang='lat' dir='ltr'><strong>periculose</strong></span> <span class='ocrx_word' id='word_1_88' title='bbox 1826 977 2073 1030; x_wconf 90' lang='lat' dir='ltr'><strong>ausuque</strong></span> <span class='ocrx_word' id='word_1_89' title='bbox 2103 970 2337 1017; x_wconf 89' lang='lat' dir='ltr'><strong>temera-</strong></span> 
     </span>
    </p>
   </div>
   <div class='ocr_carea' id='block_1_14' title="bbox 2378 956 4018 1039">
    <p class='ocr_par' dir='ltr' id='par_1_14' title="bbox 2438 962 4018 1039">
     <span class='ocr_line' id='line_1_14' title="bbox 2438 962 4018 1039; baseline 0.009 -26"><span class='ocrx_word' id='word_1_90' title='bbox 2438 962 2857 1032; x_wconf 82' lang='grc' dir='ltr'><strong>πυνθανόμενοι,</strong></span> <span class='ocrx_word' id='word_1_91' title='bbox 2889 965 2983 1018; x_wconf 78' lang='grc' dir='ltr'>καὶ</span> <span class='ocrx_word' id='word_1_92' title='bbox 3009 968 3070 1019; x_wconf 83' lang='grc' dir='ltr'>τὸ</span> <span class='ocrx_word' id='word_1_93' title='bbox 3096 967 3276 1030; x_wconf 83' lang='grc' dir='ltr'>καλῶς</span> <span class='ocrx_word' id='word_1_94' title='bbox 3294 969 3557 1039; x_wconf 77' lang='grc' dir='ltr'>ἀρχεσθαι</span> <span class='ocrx_word' id='word_1_95' title='bbox 3580 970 3674 1022; x_wconf 81' lang='grc' dir='ltr'><strong>τού</strong></span> <span class='ocrx_word' id='word_1_96' title='bbox 3698 972 4018 1039; x_wconf 83' lang='grc' dir='ltr'>ἐπισφαλῶς</span> 
     </span>
    </p>
   </div>
   <div class='ocr_carea' id='block_1_15' title="bbox 764 1049 2404 1129">
    <p class='ocr_par' dir='ltr' id='par_1_15' title="bbox 764 1049 2333 1121">
     <span class='ocr_line' id='line_1_15' title="bbox 764 1049 2333 1121; baseline 0.004 -21"><span class='ocrx_word' id='word_1_97' title='bbox 764 1049 847 1101; x_wconf 93' lang='lat' dir='ltr'><strong>rio</strong></span> <span class='ocrx_word' id='word_1_98' title='bbox 871 1064 1107 1119; x_wconf 66' lang='lat' dir='ltr'><strong>praeesse</strong></span> <span class='ocrx_word' id='word_1_99' title='bbox 1149 1065 1212 1105; x_wconf 91' lang='lat' dir='ltr'><strong>ac</strong></span> <span class='ocrx_word' id='word_1_100' title='bbox 1250 1051 1518 1119; x_wconf 83' lang='lat' dir='ltr'><strong>imperare</strong></span> <span class='ocrx_word' id='word_1_101' title='bbox 1549 1054 1721 1121; x_wconf 83' lang='lat' dir='ltr'><strong>pluris</strong></span> <span class='ocrx_word' id='word_1_102' title='bbox 1775 1052 2059 1117; x_wconf 81' lang='lat' dir='ltr'><strong>facientes,</strong></span> <span class='ocrx_word' id='word_1_103' title='bbox 2112 1070 2333 1121; x_wconf 83' lang='lat' dir='ltr'><strong>operam</strong></span> 
     </span>
    </p>
   </div>
   <div class='ocr_carea' id='block_1_16' title="bbox 2380 1049 4020 1129">
    <p class='ocr_par' dir='ltr' id='par_1_16' title="bbox 2438 1053 4020 1129">
     <span class='ocr_line' id='line_1_16' title="bbox 2438 1053 4020 1129; baseline 0.004 -24"><span class='ocrx_word' id='word_1_104' title='bbox 2438 1053 2503 1105; x_wconf 86' lang='grc' dir='ltr'><strong>ἐκ</strong></span> <span class='ocrx_word' id='word_1_105' title='bbox 2523 1054 2866 1125; x_wconf 86' lang='grc' dir='ltr'>θρασύτητος</span> <span class='ocrx_word' id='word_1_106' title='bbox 2884 1056 3073 1126; x_wconf 81' lang='grc' dir='ltr'>ἄρχειν</span> <span class='ocrx_word' id='word_1_107' title='bbox 3094 1059 3503 1127; x_wconf 79' lang='grc' dir='ltr'><strong>προκρίναντες,</strong></span> <span class='ocrx_word' id='word_1_108' title='bbox 3534 1061 3769 1129; x_wconf 78' lang='grc' dir='ltr'>σπουδὴν</span> <span class='ocrx_word' id='word_1_109' title='bbox 3802 1062 4020 1114; x_wconf 84' lang='grc' dir='ltr'>ποιούν-</span> 
     </span>
    </p>
   </div>
   <div class='ocr_carea' id='block_1_17' title="bbox 763 1141 2403 1217">
    <p class='ocr_par' dir='ltr' id='par_1_17' title="bbox 763 1141 2334 1211">
     <span class='ocr_line' id='line_1_17' title="bbox 763 1141 2334 1211; baseline 0.004 -17"><span class='ocrx_word' id='word_1_110' title='bbox 763 1141 1027 1196; x_wconf 90' lang='lat' dir='ltr'><strong>adhibent</strong></span> <span class='ocrx_word' id='word_1_111' title='bbox 1082 1151 1140 1195; x_wconf 93' lang='lat' dir='ltr'><strong>ut</strong></span> <span class='ocrx_word' id='word_1_112' title='bbox 1199 1142 1266 1195; x_wconf 89' lang='lat' dir='ltr'><strong>ad</strong></span> <span class='ocrx_word' id='word_1_113' title='bbox 1338 1144 1628 1211; x_wconf 88' lang='lat' dir='ltr'><strong>pristinum</strong></span> <span class='ocrx_word' id='word_1_114' title='bbox 1698 1145 1923 1199; x_wconf 83' lang='lat' dir='ltr'><strong>redeant</strong></span> <span class='ocrx_word' id='word_1_115' title='bbox 1996 1146 2334 1201; x_wconf 83' lang='lat' dir='ltr'><strong>dominatum</strong></span> 
     </span>
    </p>
   </div>
   <div class='ocr_carea' id='block_1_18' title="bbox 2378 1141 4018 1217">
    <p class='ocr_par' dir='ltr' id='par_1_18' title="bbox 2438 1146 4018 1217">
     <span class='ocr_line' id='line_1_18' title="bbox 2438 1146 4018 1217; baseline 0.004 -20"><span class='ocrx_word' id='word_1_116' title='bbox 2438 1160 2527 1197; x_wconf 87' lang='grc' dir='ltr'><strong>ται</strong></span> <span class='ocrx_word' id='word_1_117' title='bbox 2561 1146 2724 1198; x_wconf 89' lang='grc' dir='ltr'>πάλιν</span> <span class='ocrx_word' id='word_1_118' title='bbox 2752 1148 2830 1210; x_wconf 81' lang='grc' dir='ltr'><strong>εἰς</strong></span> <span class='ocrx_word' id='word_1_119' title='bbox 2868 1146 2965 1213; x_wconf 78' lang='grc' dir='ltr'>τὴν</span> <span class='ocrx_word' id='word_1_120' title='bbox 2998 1150 3273 1217; x_wconf 83' lang='grc' dir='ltr'>προτέραν</span> <span class='ocrx_word' id='word_1_121' title='bbox 3322 1148 3643 1203; x_wconf 80' lang='grc' dir='ltr'><strong>δεσποτείαν</strong></span> <span class='ocrx_word' id='word_1_122' title='bbox 3699 1153 4018 1204; x_wconf 81' lang='grc' dir='ltr'>ἐπανελθεῖν</span> 
     </span>
    </p>
   </div>
   <div class='ocr_carea' id='block_1_19' title="bbox 766 1232 2406 1307">
    <p class='ocr_par' dir='ltr' id='par_1_19' title="bbox 766 1232 2336 1307">
     <span class='ocr_line' id='line_1_19' title="bbox 766 1232 2336 1307; baseline 0.006 -23"><span class='ocrx_word' id='word_1_123' title='bbox 766 1233 1073 1303; x_wconf 87' lang='lat' dir='ltr'><strong>iterumque</strong></span> <span class='ocrx_word' id='word_1_124' title='bbox 1107 1232 1367 1289; x_wconf 77' lang='lat' dir='ltr'><strong>Romanis</strong></span> <span class='ocrx_word' id='word_1_125' title='bbox 1406 1236 1665 1290; x_wconf 88' lang='lat' dir='ltr'><strong>serviant.</strong></span> <span class='ocrx_word' id='word_1_126' title='bbox 1702 1236 1881 1303; x_wconf 87' lang='lat' dir='ltr'><strong>Quare</strong></span> <span class='ocrx_word' id='word_1_127' title='bbox 1923 1245 1975 1291; x_wconf 91' lang='lat' dir='ltr'><strong>et</strong></span> <span class='ocrx_word' id='word_1_128' title='bbox 2005 1238 2106 1307; x_wconf 87' lang='lat' dir='ltr'><strong>ipsi</strong></span> <span class='ocrx_word' id='word_1_129' title='bbox 2150 1249 2336 1294; x_wconf 88' lang='lat' dir='ltr'><strong>orato-</strong></span> 
     </span>
    </p>
   </div>
   <div class='ocr_carea' id='block_1_20' title="bbox 2381 1232 4021 1307">
    <p class='ocr_par' dir='ltr' id='par_1_20' title="bbox 2439 1235 4021 1307">
     <span class='ocr_line' id='line_1_20' title="bbox 2439 1235 4021 1307; baseline 0.004 -22"><span class='ocrx_word' id='word_1_130' title='bbox 2439 1235 2533 1286; x_wconf 81' lang='grc' dir='ltr'>καὶ</span> <span class='ocrx_word' id='word_1_131' title='bbox 2560 1235 2696 1303; x_wconf 75' lang='grc' dir='ltr'>πρὸς</span> <span class='ocrx_word' id='word_1_132' title='bbox 2719 1236 2817 1306; x_wconf 83' lang='grc' dir='ltr'>τὴν</span> <span class='ocrx_word' id='word_1_133' title='bbox 2858 1237 3173 1305; x_wconf 82' lang='grc' dir='ltr'>Ῥωμαϊκὴν</span> <span class='ocrx_word' id='word_1_134' title='bbox 3196 1240 3568 1307; x_wconf 71' lang='grc' dir='ltr'>ἐπαναχθῆναι</span> <span class='ocrx_word' id='word_1_135' title='bbox 3598 1241 3876 1295; x_wconf 84' lang='grc' dir='ltr'>δούλωσιν.</span> <span class='ocrx_word' id='word_1_136' title='bbox 3909 1243 4021 1293; x_wconf 76' lang='grc' dir='ltr'><strong>Καὶ</strong></span> 
     </span>
    </p>
   </div>
   <div class='ocr_carea' id='block_1_21' title="bbox 764 1324 2404 1403">
    <p class='ocr_par' dir='ltr' id='par_1_21' title="bbox 764 1324 2331 1399">
     <span class='ocr_line' id='line_1_21' title="bbox 764 1324 2331 1399; baseline 0.004 -21"><span class='ocrx_word' id='word_1_137' title='bbox 764 1338 853 1379; x_wconf 84' lang='lat' dir='ltr'><strong>res</strong></span> <span class='ocrx_word' id='word_1_138' title='bbox 884 1325 1106 1379; x_wconf 88' lang='lat' dir='ltr'><strong>mittunt</strong></span> <span class='ocrx_word' id='word_1_139' title='bbox 1138 1324 1204 1380; x_wconf 90' lang='lat' dir='ltr'><strong>ad</strong></span> <span class='ocrx_word' id='word_1_140' title='bbox 1239 1327 1649 1395; x_wconf 86' lang='lat' dir='ltr'><strong>imperatorem,</strong></span> <span class='ocrx_word' id='word_1_141' title='bbox 1682 1336 1797 1383; x_wconf 90' lang='lat' dir='ltr'><strong>tum</strong></span> <span class='ocrx_word' id='word_1_142' title='bbox 1843 1330 2057 1384; x_wconf 75' lang='lat' dir='ltr'><strong>scilicet</strong></span> <span class='ocrx_word' id='word_1_143' title='bbox 2106 1331 2200 1399; x_wconf 87' lang='lat' dir='ltr'><strong>qui</strong></span> <span class='ocrx_word' id='word_1_144' title='bbox 2239 1346 2331 1385; x_wconf 81' lang='lat' dir='ltr'><strong>ea—</strong></span> 
     </span>
    </p>
   </div>
   <div class='ocr_carea' id='block_1_22' title="bbox 2378 1324 4018 1403">
    <p class='ocr_par' dir='ltr' id='par_1_22' title="bbox 2436 1324 4018 1403">
     <span class='ocr_line' id='line_1_22' title="bbox 2436 1324 4018 1403; baseline 0.005 -26"><span class='ocrx_word' id='word_1_145' title='bbox 2436 1324 2503 1396; x_wconf 84' lang='grc' dir='ltr'>δὴ</span> <span class='ocrx_word' id='word_1_146' title='bbox 2532 1327 2668 1396; x_wconf 80' lang='grc' dir='ltr'>πρὸς</span> <span class='ocrx_word' id='word_1_147' title='bbox 2696 1328 2855 1381; x_wconf 81' lang='grc' dir='ltr'>τοῦτο</span> <span class='ocrx_word' id='word_1_148' title='bbox 2888 1330 2979 1382; x_wconf 78' lang='grc' dir='ltr'>καὶ</span> <span class='ocrx_word' id='word_1_149' title='bbox 3012 1331 3270 1399; x_wconf 75' lang='grc' dir='ltr'>πρέσϐεις</span> <span class='ocrx_word' id='word_1_150' title='bbox 3306 1334 3400 1384; x_wconf 75' lang='grc' dir='ltr'>καὶ</span> <span class='ocrx_word' id='word_1_151' title='bbox 3424 1332 3578 1384; x_wconf 73' lang='grc' dir='ltr'>αὐτοὶ</span> <span class='ocrx_word' id='word_1_152' title='bbox 3620 1335 3754 1403; x_wconf 74' lang='grc' dir='ltr'>πρὸς</span> <span class='ocrx_word' id='word_1_153' title='bbox 3786 1335 3876 1385; x_wconf 79' lang='grc' dir='ltr'><strong>τὸν</strong></span> <span class='ocrx_word' id='word_1_154' title='bbox 3916 1333 4018 1402; x_wconf 87' lang='grc' dir='ltr'><strong>βα-</strong></span> 
     </span>
    </p>
   </div>
   <div class='ocr_carea' id='block_1_23' title="bbox 764 1415 2404 1493">
    <p class='ocr_par' dir='ltr' id='par_1_23' title="bbox 764 1415 2328 1491">
     <span class='ocr_line' id='line_1_23' title="bbox 764 1415 2328 1491; baseline 0.004 -23"><span class='ocrx_word' id='word_1_155' title='bbox 764 1416 887 1469; x_wconf 88' lang='lat' dir='ltr'><strong>dem</strong></span> <span class='ocrx_word' id='word_1_156' title='bbox 922 1415 1039 1485; x_wconf 92' lang='lat' dir='ltr'><strong>ipsa</strong></span> <span class='ocrx_word' id='word_1_157' title='bbox 1074 1418 1392 1488; x_wconf 74' lang='lat' dir='ltr'><strong>integraque</strong></span> <span class='ocrx_word' id='word_1_158' title='bbox 1418 1419 1681 1488; x_wconf 76' lang='lat' dir='ltr'><strong>religione</strong></span> <span class='ocrx_word' id='word_1_159' title='bbox 1719 1421 2058 1484; x_wconf 79' lang='lat' dir='ltr'><strong>defecerant,</strong></span> <span class='ocrx_word' id='word_1_160' title='bbox 2090 1430 2205 1476; x_wconf 92' lang='lat' dir='ltr'><strong>tum</strong></span> <span class='ocrx_word' id='word_1_161' title='bbox 2235 1422 2328 1491; x_wconf 88' lang='lat' dir='ltr'><strong>qui</strong></span> 
     </span>
    </p>
   </div>
   <div class='ocr_carea' id='block_1_24' title="bbox 2381 1415 4021 1493">
    <p class='ocr_par' dir='ltr' id='par_1_24' title="bbox 2440 1417 4021 1493">
     <span class='ocr_line' id='line_1_24' title="bbox 2440 1417 4021 1493; baseline 0.004 -24"><span class='ocrx_word' id='word_1_162' title='bbox 2440 1417 2594 1470; x_wconf 79' lang='grc' dir='ltr'>σιλέα</span> <span class='ocrx_word' id='word_1_163' title='bbox 2624 1418 2957 1487; x_wconf 78' lang='grc' dir='ltr'><strong>πέμπουσιν,</strong></span> <span class='ocrx_word' id='word_1_164' title='bbox 2989 1421 3044 1472; x_wconf 81' lang='grc' dir='ltr'>οἵ</span> <span class='ocrx_word' id='word_1_165' title='bbox 3089 1438 3145 1473; x_wconf 87' lang='grc' dir='ltr'><strong>τε</strong></span> <span class='ocrx_word' id='word_1_166' title='bbox 3181 1422 3318 1489; x_wconf 86' lang='grc' dir='ltr'><strong>μετά</strong></span> <span class='ocrx_word' id='word_1_167' title='bbox 3362 1424 3461 1492; x_wconf 82' lang='grc' dir='ltr'>τῆς</span> <span class='ocrx_word' id='word_1_168' title='bbox 3501 1424 3670 1493; x_wconf 74' lang='grc' dir='ltr'>αὐτῆς</span> <span class='ocrx_word' id='word_1_169' title='bbox 3718 1424 4021 1492; x_wconf 77' lang='grc' dir='ltr'><strong>θρησκείας</strong></span> 
     </span>
    </p>
   </div>
   <div class='ocr_carea' id='block_1_25' title="bbox 765 1508 2405 1584">
    <p class='ocr_par' dir='ltr' id='par_1_25' title="bbox 765 1510 2336 1584">
     <span class='ocr_line' id='line_1_25' title="bbox 765 1510 2336 1584; baseline 0.004 -22"><span class='ocrx_word' id='word_1_170' title='bbox 765 1524 997 1565; x_wconf 78' lang='lat' dir='ltr'><strong>excussa</strong></span> <span class='ocrx_word' id='word_1_171' title='bbox 1021 1510 1193 1579; x_wconf 90' lang='lat' dir='ltr'><strong>prima</strong></span> <span class='ocrx_word' id='word_1_172' title='bbox 1225 1525 1323 1565; x_wconf 89' lang='lat' dir='ltr'><strong>sua</strong></span> <span class='ocrx_word' id='word_1_173' title='bbox 1354 1514 1617 1568; x_wconf 84' lang='lat' dir='ltr'><strong>servitute</strong></span> <span class='ocrx_word' id='word_1_174' title='bbox 1650 1513 1749 1583; x_wconf 90' lang='lat' dir='ltr'><strong>ipsi</strong></span> <span class='ocrx_word' id='word_1_175' title='bbox 1780 1526 1971 1582; x_wconf 87' lang='lat' dir='ltr'><strong>sponte</strong></span> <span class='ocrx_word' id='word_1_176' title='bbox 2004 1515 2336 1584; x_wconf 88' lang='lat' dir='ltr'><strong>baptismum</strong></span> 
     </span>
    </p>
   </div>
   <div class='ocr_carea' id='block_1_26' title="bbox 2383 1508 4023 1584">
    <p class='ocr_par' dir='ltr' id='par_1_26' title="bbox 2437 1508 4023 1584">
     <span class='ocr_line' id='line_1_26' title="bbox 2437 1508 4023 1584; baseline 0.004 -23"><span class='ocrx_word' id='word_1_177' title='bbox 2437 1508 2915 1581; x_wconf 82' lang='grc' dir='ltr'>ἀποστατήσαντες</span> <span class='ocrx_word' id='word_1_178' title='bbox 2946 1514 3041 1565; x_wconf 76' lang='grc' dir='ltr'>καὶ</span> <span class='ocrx_word' id='word_1_179' title='bbox 3067 1515 3116 1566; x_wconf 80' lang='lat' dir='ltr'><strong>ot</strong></span> <span class='ocrx_word' id='word_1_180' title='bbox 3149 1513 3355 1567; x_wconf 80' lang='grc' dir='ltr'>τέλειον</span> <span class='ocrx_word' id='word_1_181' title='bbox 3388 1515 3480 1566; x_wconf 76' lang='grc' dir='ltr'><strong>τοῦ</strong></span> <span class='ocrx_word' id='word_1_182' title='bbox 3518 1515 3663 1568; x_wconf 80' lang='grc' dir='ltr'>θείου</span> <span class='ocrx_word' id='word_1_183' title='bbox 3700 1515 3987 1584; x_wconf 76' lang='grc' dir='ltr'>βαπτίσμα</span> <span class='ocrx_word' id='word_1_184' title='bbox 4009 1544 4023 1555; x_wconf 89' lang='lat'><strong>-</strong></span> 
     </span>
    </p>
   </div>
   <div class='ocr_carea' id='block_1_27' title="bbox 768 1600 2408 1677">
    <p class='ocr_par' dir='ltr' id='par_1_27' title="bbox 768 1602 2338 1677">
     <span class='ocr_line' id='line_1_27' title="bbox 768 1602 2338 1677; baseline 0.006 -25"><span class='ocrx_word' id='word_1_185' title='bbox 768 1616 994 1669; x_wconf 85' lang='lat' dir='ltr'><strong>prorsus</strong></span> <span class='ocrx_word' id='word_1_186' title='bbox 1037 1602 1422 1671; x_wconf 84' lang='lat' dir='ltr'><strong>ejuraverant;</strong></span> <span class='ocrx_word' id='word_1_187' title='bbox 1474 1621 1749 1675; x_wconf 86' lang='lat' dir='ltr'><strong>quamque</strong></span> <span class='ocrx_word' id='word_1_188' title='bbox 1795 1608 1956 1662; x_wconf 86' lang='lat' dir='ltr'><strong>utiles</strong></span> <span class='ocrx_word' id='word_1_189' title='bbox 2008 1608 2338 1677; x_wconf 86' lang='lat' dir='ltr'><strong>quandoque</strong></span> 
     </span>
    </p>
   </div>
   <div class='ocr_carea' id='block_1_28' title="bbox 2382 1600 4022 1677">
    <p class='ocr_par' dir='ltr' id='par_1_28' title="bbox 2444 1600 4022 1676">
     <span class='ocr_line' id='line_1_28' title="bbox 2444 1600 4022 1676; baseline 0.004 -25"><span class='ocrx_word' id='word_1_190' title='bbox 2444 1612 2528 1661; x_wconf 84' lang='grc' dir='ltr'><strong>τος</strong></span> <span class='ocrx_word' id='word_1_191' title='bbox 2557 1600 3134 1670; x_wconf 75' lang='grc' dir='ltr'>ἀπαυτομολήσαντες,</span> <span class='ocrx_word' id='word_1_192' title='bbox 3192 1606 3288 1673; x_wconf 83' lang='grc' dir='ltr'>τῆς</span> <span class='ocrx_word' id='word_1_193' title='bbox 3323 1622 3379 1657; x_wconf 87' lang='grc' dir='ltr'><strong>τε</strong></span> <span class='ocrx_word' id='word_1_194' title='bbox 3434 1607 3479 1637; x_wconf 81' lang='grc'><strong>⁸⁸</strong></span> <span class='ocrx_word' id='word_1_195' title='bbox 3513 1606 3572 1670; x_wconf 79' lang='grc' dir='ltr'>ἐξ</span> <span class='ocrx_word' id='word_1_196' title='bbox 3623 1607 3795 1676; x_wconf 74' lang='grc' dir='ltr'>ἀρχῆς</span> <span class='ocrx_word' id='word_1_197' title='bbox 3836 1607 4022 1658; x_wconf 81' lang='grc' dir='ltr'>αὐτῶν</span> 
     </span>
    </p>
   </div>
   <div class='ocr_carea' id='block_1_29' title="bbox 765 1690 2405 1768">
    <p class='ocr_par' dir='ltr' id='par_1_29' title="bbox 765 1693 2340 1766">
     <span class='ocr_line' id='line_1_29' title="bbox 765 1693 2340 1766; baseline 0.006 -22"><span class='ocrx_word' id='word_1_198' title='bbox 765 1693 1031 1748; x_wconf 76' lang='lat' dir='ltr'><strong>Romanis</strong></span> <span class='ocrx_word' id='word_1_199' title='bbox 1058 1695 1403 1750; x_wconf 79' lang='lat' dir='ltr'><strong>exstitissent</strong></span> <span class='ocrx_word' id='word_1_200' title='bbox 1447 1707 1755 1766; x_wconf 89' lang='lat' dir='ltr'><strong>opportune</strong></span> <span class='ocrx_word' id='word_1_201' title='bbox 1810 1709 2199 1764; x_wconf 88' lang='lat' dir='ltr'><strong>memorantes,</strong></span> <span class='ocrx_word' id='word_1_202' title='bbox 2248 1715 2340 1754; x_wconf 85' lang='lat' dir='ltr'><strong>ro-</strong></span> 
     </span>
    </p>
   </div>
   <div class='ocr_carea' id='block_1_30' title="bbox 2380 1690 4020 1768">
    <p class='ocr_par' dir='ltr' id='par_1_30' title="bbox 2439 1690 4020 1768">
     <span class='ocr_line' id='line_1_30' title="bbox 2439 1690 4020 1768; baseline 0.005 -25"><span class='ocrx_word' id='word_1_203' title='bbox 2439 1690 2755 1757; x_wconf 88' lang='grc' dir='ltr'>δουλώσεως</span> <span class='ocrx_word' id='word_1_204' title='bbox 2814 1696 2908 1747; x_wconf 70' lang='grc' dir='ltr'>καὶ</span> <span class='ocrx_word' id='word_1_205' title='bbox 2962 1697 3040 1758; x_wconf 84' lang='grc' dir='ltr'><strong>είς</strong></span> <span class='ocrx_word' id='word_1_206' title='bbox 3082 1698 3181 1749; x_wconf 84' lang='grc' dir='ltr'>ὅσα</span> <span class='ocrx_word' id='word_1_207' title='bbox 3225 1698 3519 1768; x_wconf 86' lang='grc' dir='ltr'>Ῥωμαίοις</span> <span class='ocrx_word' id='word_1_208' title='bbox 3575 1701 3831 1766; x_wconf 85' lang='grc' dir='ltr'>γεγόνασί</span> <span class='ocrx_word' id='word_1_209' title='bbox 3885 1717 4020 1751; x_wconf 85' lang='grc' dir='ltr'>ποτε</span> 
     </span>
    </p>
   </div>
   <div class='ocr_carea' id='block_1_31' title="bbox 765 1785 2405 1894">
    <p class='ocr_par' dir='ltr' id='par_1_31' title="bbox 765 1786 2405 1894">
     <span class='ocr_line' id='line_1_31' title="bbox 765 1786 2405 1894; baseline 0.007 -57"><span class='ocrx_word' id='word_1_210' title='bbox 765 1792 1070 1855; x_wconf 72' lang='lat' dir='ltr'><strong>gantesque</strong></span> <span class='ocrx_word' id='word_1_211' title='bbox 1107 1787 1510 1842; x_wconf 86' lang='lat' dir='ltr'><strong>humanissimo</strong></span> <span class='ocrx_word' id='word_1_212' title='bbox 1537 1786 1797 1844; x_wconf 68' lang='lat' dir='ltr'><strong>Romanae</strong></span> <span class='ocrx_word' id='word_1_213' title='bbox 1836 1793 2241 1860; x_wconf 65' lang='lat' dir='ltr'><strong>potentizejugo</strong></span> <span class='ocrx_word' id='word_1_214' title='bbox 2272 1808 2335 1848; x_wconf 92' lang='lat' dir='ltr'><strong>ac</strong></span> <span class='ocrx_word' id='word_1_215' title='bbox 2368 1836 2405 1894; x_wconf 70' lang='grc' dir='ltr'><strong>Β</strong></span> 
     </span>
    </p>
   </div>
   <div class='ocr_carea' id='block_1_32' title="bbox 2385 1785 4025 1894">
    <p class='ocr_par' dir='ltr' id='par_1_32' title="bbox 2385 1785 4025 1894">
     <span class='ocr_line' id='line_1_32' title="bbox 2385 1785 4025 1894; baseline 0.004 -58"><span class='ocrx_word' id='word_1_216' title='bbox 2385 1836 2412 1894; x_wconf 61' lang='grc' dir='ltr'>Β</span> <span class='ocrx_word' id='word_1_217' title='bbox 2442 1785 2704 1855; x_wconf 83' lang='grc' dir='ltr'>χρήσιμοι</span> <span class='ocrx_word' id='word_1_218' title='bbox 2735 1786 3005 1857; x_wconf 76' lang='grc' dir='ltr'>εὐκαίρως</span> <span class='ocrx_word' id='word_1_219' title='bbox 3036 1789 3566 1857; x_wconf 86' lang='grc' dir='ltr'>ὑπομιμνήσκοντες,</span> <span class='ocrx_word' id='word_1_220' title='bbox 3607 1790 3701 1842; x_wconf 81' lang='grc' dir='ltr'>καὶ</span> <span class='ocrx_word' id='word_1_221' title='bbox 3740 1790 4025 1854; x_wconf 76' lang='grc' dir='ltr'>ἀξιοῦντες</span> 
     </span>
    </p>
   </div>
   <div class='ocr_carea' id='block_1_33' title="bbox 770 1876 2410 1952">
    <p class='ocr_par' dir='ltr' id='par_1_33' title="bbox 770 1876 2410 1949">
     <span class='ocr_line' id='line_1_33' title="bbox 770 1876 2410 1949; baseline 0.005 -20"><span class='ocrx_word' id='word_1_222' title='bbox 770 1877 915 1931; x_wconf 89' lang='lat' dir='ltr'><strong>illius</strong></span> <span class='ocrx_word' id='word_1_223' title='bbox 946 1877 1161 1931; x_wconf 84' lang='lat' dir='ltr'><strong>ductori</strong></span> <span class='ocrx_word' id='word_1_224' title='bbox 1205 1881 1517 1949; x_wconf 84' lang='lat' dir='ltr'><strong>reetorique</strong></span> <span class='ocrx_word' id='word_1_225' title='bbox 1566 1880 1784 1949; x_wconf 87' lang='lat' dir='ltr'><strong>subjici.</strong></span> <span class='ocrx_word' id='word_1_226' title='bbox 1832 1880 2034 1935; x_wconf 89' lang='lat' dir='ltr'><strong>llorum</strong></span> <span class='ocrx_word' id='word_1_227' title='bbox 2087 1883 2228 1936; x_wconf 81' lang='lat' dir='ltr'><strong>votis</strong></span> <span class='ocrx_word' id='word_1_228' title='bbox 2272 1898 2337 1938; x_wconf 89' lang='lat' dir='ltr'><strong>ac</strong></span> <span class='ocrx_word' id='word_1_229' title='bbox 2368 1876 2410 1894; x_wconf 84' lang='grc'><strong>¹“’</strong></span> 
     </span>
    </p>
   </div>
   <div class='ocr_carea' id='block_1_34' title="bbox 2385 1876 4025 1952">
    <p class='ocr_par' dir='ltr' id='par_1_34' title="bbox 2385 1876 4025 1952">
     <span class='ocr_line' id='line_1_34' title="bbox 2385 1876 4025 1952; baseline 0.005 -25"><span class='ocrx_word' id='word_1_230' title='bbox 2385 1876 2412 1894; x_wconf 74' lang='grc'><strong>“’</strong></span> <span class='ocrx_word' id='word_1_231' title='bbox 2440 1879 2505 1947; x_wconf 77' lang='grc' dir='ltr'>τῇ</span> <span class='ocrx_word' id='word_1_232' title='bbox 2532 1876 2901 1947; x_wconf 76' lang='grc' dir='ltr'>φιλανθρώπῳ</span> <span class='ocrx_word' id='word_1_233' title='bbox 2934 1880 3135 1952; x_wconf 81' lang='grc' dir='ltr'><strong>ζεύγλῃ</strong></span> <span class='ocrx_word' id='word_1_234' title='bbox 3161 1883 3259 1950; x_wconf 80' lang='grc' dir='ltr'>τῆς</span> <span class='ocrx_word' id='word_1_235' title='bbox 3301 1878 3615 1952; x_wconf 74' lang='grc' dir='ltr'>Ῥωμαῖκῆς</span> <span class='ocrx_word' id='word_1_236' title='bbox 3653 1882 3896 1947; x_wconf 80' lang='grc' dir='ltr'>ἐξουσίας</span> <span class='ocrx_word' id='word_1_237' title='bbox 3927 1887 4025 1937; x_wconf 79' lang='grc' dir='ltr'>καὶ</span> 
     </span>
    </p>
   </div>
   <div class='ocr_carea' id='block_1_35' title="bbox 767 1968 2407 2045">
    <p class='ocr_par' dir='ltr' id='par_1_35' title="bbox 767 1968 2337 2039">
     <span class='ocr_line' id='line_1_35' title="bbox 767 1968 2337 2039; baseline 0.004 -18"><span class='ocrx_word' id='word_1_238' title='bbox 767 1968 1035 2036; x_wconf 86' lang='lat' dir='ltr'><strong>petitioni,</strong></span> <span class='ocrx_word' id='word_1_239' title='bbox 1068 1979 1127 2023; x_wconf 91' lang='lat' dir='ltr'><strong>ut</strong></span> <span class='ocrx_word' id='word_1_240' title='bbox 1167 1986 1287 2039; x_wconf 58' lang='lat' dir='ltr'><strong>qua!</strong></span> <span class='ocrx_word' id='word_1_241' title='bbox 1336 1971 1433 2025; x_wconf 88' lang='lat' dir='ltr'><strong>niti</strong></span> <span class='ocrx_word' id='word_1_242' title='bbox 1482 1974 1691 2027; x_wconf 81' lang='lat' dir='ltr'><strong>ratione</strong></span> <span class='ocrx_word' id='word_1_243' title='bbox 1737 1974 2072 2038; x_wconf 85' lang='lat' dir='ltr'><strong>viderentur,</strong></span> <span class='ocrx_word' id='word_1_244' title='bbox 2108 1989 2167 2028; x_wconf 85' lang='lat' dir='ltr'><strong>se</strong></span> <span class='ocrx_word' id='word_1_245' title='bbox 2203 1973 2337 2028; x_wconf 81' lang='lat' dir='ltr'><strong>faci-</strong></span> 
     </span>
    </p>
   </div>
   <div class='ocr_carea' id='block_1_36' title="bbox 2387 1968 4027 2045">
    <p class='ocr_par' dir='ltr' id='par_1_36' title="bbox 2440 1971 4027 2045">
     <span class='ocr_line' id='line_1_36' title="bbox 2440 1971 4027 2045; baseline 0.004 -22"><span class='ocrx_word' id='word_1_246' title='bbox 2440 1971 2547 2023; x_wconf 78' lang='grc' dir='ltr'><strong>ὑπὸ</strong></span> <span class='ocrx_word' id='word_1_247' title='bbox 2571 1971 2651 2041; x_wconf 84' lang='grc' dir='ltr'><strong>τῷ</strong></span> <span class='ocrx_word' id='word_1_248' title='bbox 2673 1972 2879 2043; x_wconf 78' lang='grc' dir='ltr'><strong>ταύτης</strong></span> <span class='ocrx_word' id='word_1_249' title='bbox 2907 1974 3187 2045; x_wconf 81' lang='grc' dir='ltr'>ἀγελάρχῃ</span> <span class='ocrx_word' id='word_1_250' title='bbox 3211 1974 3501 2028; x_wconf 79' lang='grc' dir='ltr'>τάττεσθαι</span> <span class='ocrx_word' id='word_1_251' title='bbox 3535 1980 3629 2029; x_wconf 72' lang='grc' dir='ltr'>καὶ</span> <span class='ocrx_word' id='word_1_252' title='bbox 3671 1977 3885 2039; x_wconf 83' lang='grc' dir='ltr'>αὐτούς.</span> <span class='ocrx_word' id='word_1_253' title='bbox 3920 1972 4027 2030; x_wconf 81' lang='grc' dir='ltr'>Ὧν</span> 
     </span>
    </p>
   </div>
   <div class='ocr_carea' id='block_1_37' title="bbox 766 2061 2406 2139">
    <p class='ocr_par' dir='ltr' id='par_1_37' title="bbox 766 2061 2335 2139">
     <span class='ocr_line' id='line_1_37' title="bbox 766 2061 2335 2139; baseline 0.005 -24"><span class='ocrx_word' id='word_1_254' title='bbox 766 2061 871 2116; x_wconf 86' lang='lat' dir='ltr'><strong>lem</strong></span> <span class='ocrx_word' id='word_1_255' title='bbox 926 2064 1173 2131; x_wconf 68' lang='lat' dir='ltr'><strong>praebens</strong></span> <span class='ocrx_word' id='word_1_256' title='bbox 1224 2066 1522 2133; x_wconf 88' lang='lat' dir='ltr'><strong>imperator</strong></span> <span class='ocrx_word' id='word_1_257' title='bbox 1554 2067 1789 2137; x_wconf 89' lang='lat' dir='ltr'><strong>(quippe</strong></span> <span class='ocrx_word' id='word_1_258' title='bbox 1827 2068 1920 2139; x_wconf 91' lang='lat' dir='ltr'><strong>qui</strong></span> <span class='ocrx_word' id='word_1_259' title='bbox 1960 2069 2123 2123; x_wconf 92' lang='lat' dir='ltr'><strong>etiam</strong></span> <span class='ocrx_word' id='word_1_260' title='bbox 2177 2078 2335 2123; x_wconf 86' lang='lat' dir='ltr'><strong>antea</strong></span> 
     </span>
    </p>
   </div>
   <div class='ocr_carea' id='block_1_38' title="bbox 2388 2061 4028 2139">
    <p class='ocr_par' dir='ltr' id='par_1_38' title="bbox 2438 2061 4028 2137">
     <span class='ocr_line' id='line_1_38' title="bbox 2438 2061 4028 2137; baseline 0.004 -23"><span class='ocrx_word' id='word_1_261' title='bbox 2438 2061 2514 2125; x_wconf 82' lang='grc' dir='ltr'>ὡς</span> <span class='ocrx_word' id='word_1_262' title='bbox 2538 2064 2762 2131; x_wconf 79' lang='grc' dir='ltr'>εὐλόγου</span> <span class='ocrx_word' id='word_1_263' title='bbox 2784 2065 2881 2133; x_wconf 73' lang='grc' dir='ltr'>τῆς</span> <span class='ocrx_word' id='word_1_264' title='bbox 2909 2065 3148 2134; x_wconf 84' lang='grc' dir='ltr'>δεήσεως</span> <span class='ocrx_word' id='word_1_265' title='bbox 3189 2067 3495 2127; x_wconf 84' lang='grc' dir='ltr'>ἐπακούσας</span> <span class='ocrx_word' id='word_1_266' title='bbox 3527 2070 3554 2120; x_wconf 81' lang='grc' dir='ltr'>ὁ</span> <span class='ocrx_word' id='word_1_267' title='bbox 3590 2067 3862 2137; x_wconf 71' lang='grc' dir='ltr'>βασιλεὺς,</span> <span class='ocrx_word' id='word_1_268' title='bbox 3897 2071 4028 2121; x_wconf 70' lang='grc' dir='ltr'>ἐπεὶ</span> 
     </span>
    </p>
   </div>
   <div class='ocr_carea' id='block_1_39' title="bbox 768 2154 2408 2229">
    <p class='ocr_par' dir='ltr' id='par_1_39' title="bbox 768 2154 2337 2227">
     <span class='ocr_line' id='line_1_39' title="bbox 768 2154 2337 2227; baseline 0.006 -21"><span class='ocrx_word' id='word_1_269' title='bbox 768 2167 870 2222; x_wconf 88' lang='lat' dir='ltr'><strong>pro</strong></span> <span class='ocrx_word' id='word_1_270' title='bbox 900 2154 1009 2209; x_wconf 91' lang='lat' dir='ltr'><strong>illis</strong></span> <span class='ocrx_word' id='word_1_271' title='bbox 1033 2156 1200 2209; x_wconf 91' lang='lat' dir='ltr'><strong>animi</strong></span> <span class='ocrx_word' id='word_1_272' title='bbox 1223 2166 1515 2225; x_wconf 80' lang='lat' dir='ltr'><strong>angeretur</strong></span> <span class='ocrx_word' id='word_1_273' title='bbox 1540 2169 1703 2227; x_wconf 88' lang='lat' dir='ltr'><strong>atque</strong></span> <span class='ocrx_word' id='word_1_274' title='bbox 1735 2160 1966 2222; x_wconf 86' lang='lat' dir='ltr'><strong>doleret,</strong></span> <span class='ocrx_word' id='word_1_275' title='bbox 1996 2161 2143 2216; x_wconf 88' lang='lat' dir='ltr'><strong>velut</strong></span> <span class='ocrx_word' id='word_1_276' title='bbox 2170 2160 2337 2215; x_wconf 87' lang='lat' dir='ltr'><strong>ditio-</strong></span> 
     </span>
    </p>
   </div>
   <div class='ocr_carea' id='block_1_40' title="bbox 2389 2154 4029 2229">
    <p class='ocr_par' dir='ltr' id='par_1_40' title="bbox 2440 2154 4029 2229">
     <span class='ocr_line' id='line_1_40' title="bbox 2440 2154 4029 2229; baseline 0.001 -20"><span class='ocrx_word' id='word_1_277' title='bbox 2440 2155 2532 2209; x_wconf 76' lang='grc' dir='ltr'>καὶ</span> <span class='ocrx_word' id='word_1_278' title='bbox 2566 2156 2671 2226; x_wconf 85' lang='grc' dir='ltr'><strong>πρὸ</strong></span> <span class='ocrx_word' id='word_1_279' title='bbox 2699 2157 2892 2210; x_wconf 81' lang='grc' dir='ltr'>τούτου</span> <span class='ocrx_word' id='word_1_280' title='bbox 2941 2154 3225 2227; x_wconf 80' lang='grc' dir='ltr'>ἐδυσφόρει</span> <span class='ocrx_word' id='word_1_281' title='bbox 3255 2161 3382 2228; x_wconf 75' lang='grc' dir='ltr'>περὶ</span> <span class='ocrx_word' id='word_1_282' title='bbox 3426 2158 3605 2212; x_wconf 84' lang='grc' dir='ltr'>αὐτῶν</span> <span class='ocrx_word' id='word_1_283' title='bbox 3630 2160 3721 2211; x_wconf 76' lang='grc' dir='ltr'>καὶ</span> <span class='ocrx_word' id='word_1_284' title='bbox 3753 2160 4029 2229; x_wconf 53' lang='lat' dir='ltr'><strong>ﬁnally;</strong></span> 
     </span>
    </p>
   </div>
   <div class='ocr_carea' id='block_1_41' title="bbox 768 2246 2408 2322">
    <p class='ocr_par' dir='ltr' id='par_1_41' title="bbox 768 2246 2337 2322">
     <span class='ocr_line' id='line_1_41' title="bbox 768 2246 2337 2322; baseline 0.005 -23"><span class='ocrx_word' id='word_1_285' title='bbox 768 2246 855 2301; x_wconf 85' lang='lat' dir='ltr'><strong>nis</strong></span> <span class='ocrx_word' id='word_1_286' title='bbox 883 2260 997 2301; x_wconf 67' lang='lat' dir='ltr'><strong>sum</strong></span> <span class='ocrx_word' id='word_1_287' title='bbox 1024 2262 1132 2300; x_wconf 91' lang='lat' dir='ltr'><strong>non</strong></span> <span class='ocrx_word' id='word_1_288' title='bbox 1166 2250 1385 2303; x_wconf 80' lang='lat' dir='ltr'><strong>modica</strong></span> <span class='ocrx_word' id='word_1_289' title='bbox 1416 2251 1596 2305; x_wconf 89' lang='lat' dir='ltr'><strong>accisa</strong></span> <span class='ocrx_word' id='word_1_290' title='bbox 1637 2260 1788 2319; x_wconf 85' lang='lat' dir='ltr'><strong>parte</strong></span> <span class='ocrx_word' id='word_1_291' title='bbox 1835 2260 2100 2322; x_wconf 87' lang='lat' dir='ltr'><strong>raptaque</strong></span> <span class='ocrx_word' id='word_1_292' title='bbox 2129 2268 2193 2308; x_wconf 87' lang='lat' dir='ltr'><strong>ac</strong></span> <span class='ocrx_word' id='word_1_293' title='bbox 2223 2253 2337 2307; x_wconf 82' lang='lat' dir='ltr'><strong>dis-</strong></span> 
     </span>
    </p>
   </div>
   <div class='ocr_carea' id='block_1_42' title="bbox 2389 2246 4029 2322">
    <p class='ocr_par' dir='ltr' id='par_1_42' title="bbox 2440 2247 4029 2321">
     <span class='ocr_line' id='line_1_42' title="bbox 2440 2247 4029 2321; baseline 0.004 -23"><span class='ocrx_word' id='word_1_294' title='bbox 2440 2247 2514 2310; x_wconf 85' lang='grc' dir='ltr'>ὡς</span> <span class='ocrx_word' id='word_1_295' title='bbox 2540 2248 2601 2299; x_wconf 86' lang='grc' dir='ltr'><strong>ού</strong></span> <span class='ocrx_word' id='word_1_296' title='bbox 2632 2248 2815 2317; x_wconf 80' lang='grc' dir='ltr'>μικρῷ</span> <span class='ocrx_word' id='word_1_297' title='bbox 2849 2250 3009 2319; x_wconf 82' lang='grc' dir='ltr'>μέρει</span> <span class='ocrx_word' id='word_1_298' title='bbox 3040 2251 3521 2321; x_wconf 76' lang='grc' dir='ltr'>περικεκομμένης</span> <span class='ocrx_word' id='word_1_299' title='bbox 3552 2250 3647 2303; x_wconf 71' lang='grc' dir='ltr'><strong>καὶ</strong></span> <span class='ocrx_word' id='word_1_300' title='bbox 3676 2251 4029 2321; x_wconf 81' lang='grc' dir='ltr'>διηρπασμέ-</span> 
     </span>
    </p>
   </div>
   <div class='ocr_carea' id='block_1_43' title="bbox 766 2337 2406 2415">
    <p class='ocr_par' dir='ltr' id='par_1_43' title="bbox 766 2337 2339 2415">
     <span class='ocr_line' id='line_1_43' title="bbox 766 2337 2339 2415; baseline 0.005 -24"><span class='ocrx_word' id='word_1_301' title='bbox 766 2337 989 2407; x_wconf 85' lang='lat' dir='ltr'><strong>eerpta)</strong></span> <span class='ocrx_word' id='word_1_302' title='bbox 1024 2339 1257 2407; x_wconf 87' lang='lat' dir='ltr'><strong>placide,</strong></span> <span class='ocrx_word' id='word_1_303' title='bbox 1286 2342 1743 2409; x_wconf 83' lang='lat' dir='ltr'><strong>quemadmodum</strong></span> <span class='ocrx_word' id='word_1_304' title='bbox 1778 2344 2209 2401; x_wconf 88' lang='lat' dir='ltr'><strong>humanissimus</strong></span> <span class='ocrx_word' id='word_1_305' title='bbox 2240 2360 2339 2415; x_wconf 86' lang='lat' dir='ltr'><strong>pa-</strong></span> 
     </span>
    </p>
   </div>
   <div class='ocr_carea' id='block_1_44' title="bbox 2389 2337 4029 2415">
    <p class='ocr_par' dir='ltr' id='par_1_44' title="bbox 2439 2341 4029 2413">
     <span class='ocr_line' id='line_1_44' title="bbox 2439 2341 4029 2413; baseline -0.001 -18"><span class='ocrx_word' id='word_1_306' title='bbox 2439 2358 2537 2410; x_wconf 86' lang='grc' dir='ltr'>νης</span> <span class='ocrx_word' id='word_1_307' title='bbox 2593 2342 2692 2412; x_wconf 82' lang='grc' dir='ltr'>τῆς</span> <span class='ocrx_word' id='word_1_308' title='bbox 2745 2341 2913 2395; x_wconf 81' lang='grc' dir='ltr'>αὐτοῦ</span> <span class='ocrx_word' id='word_1_309' title='bbox 2959 2343 3155 2413; x_wconf 75' lang='grc' dir='ltr'>ἀρχῆς,</span> <span class='ocrx_word' id='word_1_310' title='bbox 3196 2342 3458 2412; x_wconf 76' lang='grc' dir='ltr'>εὐμενῶς,</span> <span class='ocrx_word' id='word_1_311' title='bbox 3509 2341 3585 2405; x_wconf 84' lang='grc' dir='ltr'>ὡς</span> <span class='ocrx_word' id='word_1_312' title='bbox 3626 2341 3715 2394; x_wconf 77' lang='grc' dir='ltr'>τὸν</span> <span class='ocrx_word' id='word_1_313' title='bbox 3768 2342 4029 2410; x_wconf 72' lang='grc' dir='ltr'>ἀφρόνως</span> 
     </span>
    </p>
   </div>
   <div class='ocr_carea' id='block_1_45' title="bbox 769 2429 2409 2503">
    <p class='ocr_par' dir='ltr' id='par_1_45' title="bbox 769 2429 2336 2502">
     <span class='ocr_line' id='line_1_45' title="bbox 769 2429 2336 2502; baseline 0.007 -20"><span class='ocrx_word' id='word_1_314' title='bbox 769 2440 853 2483; x_wconf 89' lang='lat' dir='ltr'><strong>ter</strong></span> <span class='ocrx_word' id='word_1_315' title='bbox 886 2429 1058 2483; x_wconf 82' lang='lat' dir='ltr'><strong>lilium</strong></span> <span class='ocrx_word' id='word_1_316' title='bbox 1096 2431 1187 2498; x_wconf 93' lang='lat' dir='ltr'><strong>qui</strong></span> <span class='ocrx_word' id='word_1_317' title='bbox 1215 2432 1379 2486; x_wconf 91' lang='lat' dir='ltr'><strong>stulte</strong></span> <span class='ocrx_word' id='word_1_318' title='bbox 1412 2434 1699 2502; x_wconf 90' lang='lat' dir='ltr'><strong>imperium</strong></span> <span class='ocrx_word' id='word_1_319' title='bbox 1750 2436 2082 2492; x_wconf 89' lang='lat' dir='ltr'><strong>detrectarat</strong></span> <span class='ocrx_word' id='word_1_320' title='bbox 2111 2438 2336 2493; x_wconf 81' lang='lat' dir='ltr'><strong>ductus-</strong></span> 
     </span>
    </p>
   </div>
   <div class='ocr_carea' id='block_1_46' title="bbox 2388 2429 4028 2503">
    <p class='ocr_par' dir='ltr' id='par_1_46' title="bbox 2440 2430 4028 2503">
     <span class='ocr_line' id='line_1_46' title="bbox 2440 2430 4028 2503; baseline -0.002 -18"><span class='ocrx_word' id='word_1_321' title='bbox 2440 2433 2819 2502; x_wconf 79' lang='grc' dir='ltr'>ἀφηνιάσαντα</span> <span class='ocrx_word' id='word_1_322' title='bbox 2870 2434 3005 2497; x_wconf 80' lang='grc' dir='ltr'>υἱὸν,</span> <span class='ocrx_word' id='word_1_323' title='bbox 3061 2430 3180 2487; x_wconf 72' lang='grc' dir='ltr'>εἶτα</span> <span class='ocrx_word' id='word_1_324' title='bbox 3234 2434 3569 2503; x_wconf 86' lang='grc' dir='ltr'>μεταγνόντα</span> <span class='ocrx_word' id='word_1_325' title='bbox 3626 2435 3719 2484; x_wconf 66' lang='grc' dir='ltr'>καὶ</span> <span class='ocrx_word' id='word_1_326' title='bbox 3751 2432 4028 2501; x_wconf 81' lang='grc' dir='ltr'>ὑποστρέ-</span> 
     </span>
    </p>
   </div>
   <div class='ocr_carea' id='block_1_47' title="bbox 766 2522 2406 2595">
    <p class='ocr_par' dir='ltr' id='par_1_47' title="bbox 766 2522 2340 2595">
     <span class='ocr_line' id='line_1_47' title="bbox 766 2522 2340 2595; baseline 0.006 -21"><span class='ocrx_word' id='word_1_327' title='bbox 766 2535 875 2590; x_wconf 92' lang='lat' dir='ltr'><strong>que</strong></span> <span class='ocrx_word' id='word_1_328' title='bbox 901 2522 1223 2589; x_wconf 69' lang='lat' dir='ltr'><strong>paenitentia</strong></span> <span class='ocrx_word' id='word_1_329' title='bbox 1253 2522 1512 2587; x_wconf 88' lang='lat' dir='ltr'><strong>redierat,</strong></span> <span class='ocrx_word' id='word_1_330' title='bbox 1546 2525 1663 2594; x_wconf 88' lang='lat' dir='ltr'><strong>ipse</strong></span> <span class='ocrx_word' id='word_1_331' title='bbox 1694 2542 1913 2595; x_wconf 89' lang='lat' dir='ltr'><strong>quoque</strong></span> <span class='ocrx_word' id='word_1_332' title='bbox 1952 2528 2084 2582; x_wconf 89' lang='lat' dir='ltr'><strong>istos</strong></span> <span class='ocrx_word' id='word_1_333' title='bbox 2118 2530 2340 2584; x_wconf 86' lang='lat' dir='ltr'><strong>admisit</strong></span> 
     </span>
    </p>
   </div>
   <div class='ocr_carea' id='block_1_48' title="bbox 2393 2522 4033 2595">
    <p class='ocr_par' dir='ltr' id='par_1_48' title="bbox 2438 2522 4033 2595">
     <span class='ocr_line' id='line_1_48' title="bbox 2438 2522 4033 2595; baseline 0.001 -22"><span class='ocrx_word' id='word_1_334' title='bbox 2438 2522 2615 2590; x_wconf 80' lang='grc' dir='ltr'>ψαντα</span> <span class='ocrx_word' id='word_1_335' title='bbox 2668 2525 2695 2576; x_wconf 87' lang='grc' dir='ltr'><strong>ὁ</strong></span> <span class='ocrx_word' id='word_1_336' title='bbox 2752 2524 3136 2595; x_wconf 81' lang='grc' dir='ltr'>φιλάνθρωπος</span> <span class='ocrx_word' id='word_1_337' title='bbox 3193 2524 3403 2595; x_wconf 81' lang='grc' dir='ltr'>πατὴρ,</span> <span class='ocrx_word' id='word_1_338' title='bbox 3457 2525 3551 2576; x_wconf 74' lang='grc' dir='ltr'>καὶ</span> <span class='ocrx_word' id='word_1_339' title='bbox 3586 2525 3746 2586; x_wconf 70' lang='grc' dir='ltr'>αὐτος</span> <span class='ocrx_word' id='word_1_340' title='bbox 3797 2525 4033 2584; x_wconf 76' lang='grc' dir='ltr'>τούτους</span> 
     </span>
    </p>
   </div>
   <div class='ocr_carea' id='block_1_49' title="bbox 767 2614 2407 2686">
    <p class='ocr_par' dir='ltr' id='par_1_49' title="bbox 767 2614 2338 2682">
     <span class='ocr_line' id='line_1_49' title="bbox 767 2614 2338 2682; baseline 0.004 -15"><span class='ocrx_word' id='word_1_341' title='bbox 767 2619 933 2682; x_wconf 75' lang='lat' dir='ltr'><strong>atque</strong></span> <span class='ocrx_word' id='word_1_342' title='bbox 963 2614 1199 2682; x_wconf 83' lang='lat' dir='ltr'><strong>recepit;</strong></span> <span class='ocrx_word' id='word_1_343' title='bbox 1230 2630 1294 2669; x_wconf 92' lang='lat' dir='ltr'><strong>ac</strong></span> <span class='ocrx_word' id='word_1_344' title='bbox 1325 2616 1508 2668; x_wconf 89' lang='lat' dir='ltr'><strong>statim</strong></span> <span class='ocrx_word' id='word_1_345' title='bbox 1548 2632 1672 2671; x_wconf 88' lang='lat' dir='ltr'><strong>cum</strong></span> <span class='ocrx_word' id='word_1_346' title='bbox 1711 2620 1817 2674; x_wconf 89' lang='lat' dir='ltr'><strong>illis</strong></span> <span class='ocrx_word' id='word_1_347' title='bbox 1859 2619 2171 2674; x_wconf 86' lang='lat' dir='ltr'><strong>sacerdotes</strong></span> <span class='ocrx_word' id='word_1_348' title='bbox 2209 2636 2338 2674; x_wconf 90' lang='lat' dir='ltr'><strong>suo-</strong></span> 
     </span>
    </p>
   </div>
   <div class='ocr_carea' id='block_1_50' title="bbox 2394 2614 4034 2686">
    <p class='ocr_par' dir='ltr' id='par_1_50' title="bbox 2441 2614 4034 2686">
     <span class='ocr_line' id='line_1_50' title="bbox 2441 2614 4034 2686; baseline 0.001 -21"><span class='ocrx_word' id='word_1_349' title='bbox 2441 2614 2760 2683; x_wconf 82' lang='grc' dir='ltr'>προσήκατο</span> <span class='ocrx_word' id='word_1_350' title='bbox 2804 2615 2898 2667; x_wconf 74' lang='grc' dir='ltr'>καὶ</span> <span class='ocrx_word' id='word_1_351' title='bbox 2950 2615 3256 2680; x_wconf 80' lang='grc' dir='ltr'>ἀνεδέξατο,</span> <span class='ocrx_word' id='word_1_352' title='bbox 3292 2616 3385 2667; x_wconf 71' lang='grc' dir='ltr'><strong>καὶ</strong></span> <span class='ocrx_word' id='word_1_353' title='bbox 3433 2617 3597 2686; x_wconf 81' lang='grc' dir='ltr'>ἱερεῖς</span> <span class='ocrx_word' id='word_1_354' title='bbox 3646 2615 3846 2676; x_wconf 64' lang='grc' dir='ltr'>εὐθέως</span> <span class='ocrx_word' id='word_1_355' title='bbox 3883 2616 4034 2682; x_wconf 64' lang='grc' dir='ltr'>μετὰ</span> 
     </span>
    </p>
   </div>
   <div class='ocr_carea' id='block_1_51' title="bbox 769 2704 2409 2775">
    <p class='ocr_par' dir='ltr' id='par_1_51' title="bbox 769 2704 2339 2775">
     <span class='ocr_line' id='line_1_51' title="bbox 769 2704 2339 2775; baseline 0.006 -18"><span class='ocrx_word' id='word_1_356' title='bbox 769 2718 874 2774; x_wconf 88' lang='lat' dir='ltr'><strong>que</strong></span> <span class='ocrx_word' id='word_1_357' title='bbox 902 2704 1123 2759; x_wconf 86' lang='lat' dir='ltr'><strong>nomine</strong></span> <span class='ocrx_word' id='word_1_358' title='bbox 1152 2706 1459 2775; x_wconf 73' lang='lat' dir='ltr'><strong>delegatum</strong></span> <span class='ocrx_word' id='word_1_359' title='bbox 1498 2708 1772 2762; x_wconf 85' lang='lat' dir='ltr'><strong>hominem</strong></span> <span class='ocrx_word' id='word_1_360' title='bbox 1800 2710 1967 2773; x_wconf 88' lang='lat' dir='ltr'><strong>misit,</strong></span> <span class='ocrx_word' id='word_1_361' title='bbox 1995 2719 2053 2763; x_wconf 94' lang='lat' dir='ltr'><strong>ut</strong></span> <span class='ocrx_word' id='word_1_362' title='bbox 2082 2718 2207 2763; x_wconf 90' lang='lat' dir='ltr'><strong>ante</strong></span> <span class='ocrx_word' id='word_1_363' title='bbox 2234 2712 2339 2766; x_wconf 89' lang='lat' dir='ltr'><strong>alia</strong></span> 
     </span>
    </p>
   </div>
   <div class='ocr_carea' id='block_1_52' title="bbox 2392 2704 4032 2775">
    <p class='ocr_par' dir='ltr' id='par_1_52' title="bbox 2443 2705 4032 2775">
     <span class='ocr_line' id='line_1_52' title="bbox 2443 2705 4032 2775; baseline -0.001 -18"><span class='ocrx_word' id='word_1_364' title='bbox 2443 2705 2537 2757; x_wconf 74' lang='grc' dir='ltr'>καὶ</span> <span class='ocrx_word' id='word_1_365' title='bbox 2570 2705 2848 2775; x_wconf 79' lang='grc' dir='ltr'>βασιλικοῦ</span> <span class='ocrx_word' id='word_1_366' title='bbox 2889 2707 3179 2775; x_wconf 85' lang='grc' dir='ltr'>ἀνθρώπου</span> <span class='ocrx_word' id='word_1_367' title='bbox 3220 2709 3316 2760; x_wconf 79' lang='grc' dir='ltr'><strong>σὺν</strong></span> <span class='ocrx_word' id='word_1_368' title='bbox 3376 2709 3560 2769; x_wconf 77' lang='grc' dir='ltr'>αὐτοῖς</span> <span class='ocrx_word' id='word_1_369' title='bbox 3613 2706 4032 2771; x_wconf 77' lang='grc' dir='ltr'>ἐξαπέστειλεν,</span> 
     </span>
    </p>
   </div>
   <div class='ocr_carea' id='block_1_53' title="bbox 769 2795 2409 2870">
    <p class='ocr_par' dir='ltr' id='par_1_53' title="bbox 769 2795 2341 2870">
     <span class='ocr_line' id='line_1_53' title="bbox 769 2795 2341 2870; baseline 0.004 -21"><span class='ocrx_word' id='word_1_370' title='bbox 769 2796 840 2849; x_wconf 87' lang='lat' dir='ltr'><strong>ab</strong></span> <span class='ocrx_word' id='word_1_371' title='bbox 874 2795 994 2863; x_wconf 91' lang='lat' dir='ltr'><strong>ipso</strong></span> <span class='ocrx_word' id='word_1_372' title='bbox 1014 2797 1317 2851; x_wconf 90' lang='lat' dir='ltr'><strong>animarum</strong></span> <span class='ocrx_word' id='word_1_373' title='bbox 1347 2800 1587 2865; x_wconf 85' lang='lat' dir='ltr'><strong>periculo</strong></span> <span class='ocrx_word' id='word_1_374' title='bbox 1619 2815 1714 2854; x_wconf 84' lang='lat' dir='ltr'><strong>eos</strong></span> <span class='ocrx_word' id='word_1_375' title='bbox 1745 2802 1978 2869; x_wconf 90' lang='lat' dir='ltr'><strong>eriperet</strong></span> <span class='ocrx_word' id='word_1_376' title='bbox 2006 2816 2069 2855; x_wconf 92' lang='lat' dir='ltr'><strong>ac</strong></span> <span class='ocrx_word' id='word_1_377' title='bbox 2099 2802 2341 2870; x_wconf 63' lang='lat' dir='ltr'><strong>pristinae</strong></span> 
     </span>
    </p>
   </div>
   <div class='ocr_carea' id='block_1_54' title="bbox 2396 2795 4036 2870">
    <p class='ocr_par' dir='ltr' id='par_1_54' title="bbox 2442 2796 4036 2868">
     <span class='ocr_line' id='line_1_54' title="bbox 2442 2796 4036 2868; baseline -0.001 -19"><span class='ocrx_word' id='word_1_378' title='bbox 2442 2798 2518 2859; x_wconf 87' lang='grc' dir='ltr'>ὠς</span> <span class='ocrx_word' id='word_1_379' title='bbox 2546 2800 2611 2851; x_wconf 84' lang='grc' dir='ltr'>ἂν</span> <span class='ocrx_word' id='word_1_380' title='bbox 2644 2798 2749 2868; x_wconf 75' lang='grc' dir='ltr'><strong>πρὸ</strong></span> <span class='ocrx_word' id='word_1_381' title='bbox 2782 2798 2890 2851; x_wconf 86' lang='grc' dir='ltr'><strong>τῶν</strong></span> <span class='ocrx_word' id='word_1_382' title='bbox 2913 2798 3087 2853; x_wconf 80' lang='grc' dir='ltr'>ἄλλων</span> <span class='ocrx_word' id='word_1_383' title='bbox 3117 2798 3209 2851; x_wconf 80' lang='grc' dir='ltr'>τοῦ</span> <span class='ocrx_word' id='word_1_384' title='bbox 3230 2799 3276 2830; x_wconf 84' lang='grc'><strong>⁸⁷</strong></span> <span class='ocrx_word' id='word_1_385' title='bbox 3310 2798 3544 2867; x_wconf 75' lang='grc' dir='ltr'>ψυχικοῦ</span> <span class='ocrx_word' id='word_1_386' title='bbox 3587 2798 3807 2858; x_wconf 77' lang='grc' dir='ltr'>τούτους</span> <span class='ocrx_word' id='word_1_387' title='bbox 3838 2796 4036 2848; x_wconf 81' lang='grc' dir='ltr'>κινδύ-</span> 
     </span>
    </p>
   </div>
   <div class='ocr_carea' id='block_1_55' title="bbox 770 2885 2410 2961">
    <p class='ocr_par' dir='ltr' id='par_1_55' title="bbox 770 2885 2341 2961">
     <span class='ocr_line' id='line_1_55' title="bbox 770 2885 2341 2961; baseline 0.006 -24"><span class='ocrx_word' id='word_1_388' title='bbox 770 2885 896 2939; x_wconf 83' lang='lat' dir='ltr'><strong>ﬁdei</strong></span> <span class='ocrx_word' id='word_1_389' title='bbox 944 2889 1275 2949; x_wconf 79' lang='lat' dir='ltr'><strong>restitueret,</strong></span> <span class='ocrx_word' id='word_1_390' title='bbox 1322 2899 1484 2955; x_wconf 85' lang='lat' dir='ltr'><strong>atque</strong></span> <span class='ocrx_word' id='word_1_391' title='bbox 1529 2904 1595 2943; x_wconf 76' lang='lat' dir='ltr'><strong>ex</strong></span> <span class='ocrx_word' id='word_1_392' title='bbox 1633 2890 1869 2955; x_wconf 82' lang='lat' dir='ltr'><strong>delictis,</strong></span> <span class='ocrx_word' id='word_1_393' title='bbox 1914 2907 2036 2959; x_wconf 69' lang='lat' dir='ltr'><strong>qua:</strong></span> <span class='ocrx_word' id='word_1_394' title='bbox 2072 2893 2155 2945; x_wconf 86' lang='lat' dir='ltr'><strong>vel</strong></span> <span class='ocrx_word' id='word_1_395' title='bbox 2194 2895 2341 2961; x_wconf 79' lang='lat' dir='ltr'><strong>igno-</strong></span> 
     </span>
    </p>
   </div>
   <div class='ocr_carea' id='block_1_56' title="bbox 2396 2885 4036 2961">
    <p class='ocr_par' dir='ltr' id='par_1_56' title="bbox 2442 2890 4036 2960">
     <span class='ocr_line' id='line_1_56' title="bbox 2442 2890 4036 2960; baseline 0 -19"><span class='ocrx_word' id='word_1_396' title='bbox 2442 2907 2535 2942; x_wconf 90' lang='grc' dir='ltr'><strong>νου</strong></span> <span class='ocrx_word' id='word_1_397' title='bbox 2571 2891 2821 2960; x_wconf 72' lang='grc' dir='ltr'>ἐξέληται</span> <span class='ocrx_word' id='word_1_398' title='bbox 2872 2892 2967 2944; x_wconf 75' lang='grc' dir='ltr'>καὶ</span> <span class='ocrx_word' id='word_1_399' title='bbox 2999 2892 3133 2960; x_wconf 75' lang='grc' dir='ltr'>πρὸς</span> <span class='ocrx_word' id='word_1_400' title='bbox 3159 2892 3257 2960; x_wconf 75' lang='grc' dir='ltr'>τὴν</span> <span class='ocrx_word' id='word_1_401' title='bbox 3309 2892 3582 2960; x_wconf 83' lang='grc' dir='ltr'>προτέραν</span> <span class='ocrx_word' id='word_1_402' title='bbox 3608 2890 3791 2942; x_wconf 87' lang='grc' dir='ltr'>πίστιν</span> <span class='ocrx_word' id='word_1_403' title='bbox 3817 2892 4036 2942; x_wconf 85' lang='grc' dir='ltr'>ἐπανα-</span> 
     </span>
    </p>
   </div>
   <div class='ocr_carea' id='block_1_57' title="bbox 774 2970 2414 3051">
    <p class='ocr_par' dir='ltr' id='par_1_57' title="bbox 774 2970 2341 3043">
     <span class='ocr_line' id='line_1_57' title="bbox 774 2970 2341 3043; baseline 0.005 -18"><span class='ocrx_word' id='word_1_404' title='bbox 774 2973 947 3026; x_wconf 91' lang='lat' dir='ltr'><strong>rantia</strong></span> <span class='ocrx_word' id='word_1_405' title='bbox 989 2970 1150 3043; x_wconf 70' lang='lat'><strong>292</strong></span> <span class='ocrx_word' id='word_1_406' title='bbox 1185 2976 1267 3027; x_wconf 76' lang='lat' dir='ltr'><strong>Vel</strong></span> <span class='ocrx_word' id='word_1_407' title='bbox 1294 2976 1566 3038; x_wconf 79' lang='lat' dir='ltr'><strong>dementia</strong></span> <span class='ocrx_word' id='word_1_408' title='bbox 1600 2993 1662 3030; x_wconf 88' lang='lat' dir='ltr'><strong>ac</strong></span> <span class='ocrx_word' id='word_1_409' title='bbox 1701 2978 2011 3033; x_wconf 88' lang='lat' dir='ltr'><strong>temeritate</strong></span> <span class='ocrx_word' id='word_1_410' title='bbox 2050 2990 2341 3034; x_wconf 78' lang='lat' dir='ltr'><strong>contraxe-</strong></span> 
     </span>
    </p>
   </div>
   <div class='ocr_carea' id='block_1_58' title="bbox 2400 2970 4040 3051">
    <p class='ocr_par' dir='ltr' id='par_1_58' title="bbox 2448 2979 4040 3051">
     <span class='ocr_line' id='line_1_58' title="bbox 2448 2979 4040 3051; baseline 0 -18"><span class='ocrx_word' id='word_1_411' title='bbox 2448 2982 2691 3051; x_wconf 75' lang='grc' dir='ltr'>σώσηται</span> <span class='ocrx_word' id='word_1_412' title='bbox 2744 2984 2838 3035; x_wconf 73' lang='grc' dir='ltr'>καὶ</span> <span class='ocrx_word' id='word_1_413' title='bbox 2897 2984 3004 3034; x_wconf 85' lang='grc' dir='ltr'><strong>τῶν</strong></span> <span class='ocrx_word' id='word_1_414' title='bbox 3060 2982 3119 3046; x_wconf 78' lang='grc' dir='ltr'>ἐξ</span> <span class='ocrx_word' id='word_1_415' title='bbox 3153 2982 3372 3049; x_wconf 78' lang='grc' dir='ltr'>ἀγνοίας</span> <span class='ocrx_word' id='word_1_416' title='bbox 3422 2981 3455 3050; x_wconf 86' lang='grc' dir='ltr'><strong>ἢ</strong></span> <span class='ocrx_word' id='word_1_417' title='bbox 3515 2981 3698 3042; x_wconf 79' lang='grc' dir='ltr'>ἀνοίας</span> <span class='ocrx_word' id='word_1_418' title='bbox 3739 2979 4040 3049; x_wconf 77' lang='grc' dir='ltr'>ἀπαλλάξῃ</span> 
     </span>
    </p>
   </div>
   <div class='ocr_carea' id='block_1_59' title="bbox 774 3064 2414 3143">
    <p class='ocr_par' dir='ltr' id='par_1_59' title="bbox 774 3064 2339 3139">
     <span class='ocr_line' id='line_1_59' title="bbox 774 3064 2339 3139; baseline 0.008 -24"><span class='ocrx_word' id='word_1_419' title='bbox 774 3072 919 3125; x_wconf 90' lang='lat' dir='ltr'><strong>rant,</strong></span> <span class='ocrx_word' id='word_1_420' title='bbox 954 3064 1229 3118; x_wconf 79' lang='lat' dir='ltr'><strong>liberaret.</strong></span> <span class='ocrx_word' id='word_1_421' title='bbox 1272 3066 1495 3120; x_wconf 85' lang='lat' dir='ltr'><strong>Peracto</strong></span> <span class='ocrx_word' id='word_1_422' title='bbox 1521 3078 1704 3121; x_wconf 91' lang='lat' dir='ltr'><strong>autem</strong></span> <span class='ocrx_word' id='word_1_423' title='bbox 1741 3070 1998 3139; x_wconf 80' lang='lat' dir='ltr'><strong>religioso</strong></span> <span class='ocrx_word' id='word_1_424' title='bbox 2028 3071 2339 3127; x_wconf 91' lang='lat' dir='ltr'><strong>istiusmodi</strong></span> 
     </span>
    </p>
   </div>
   <div class='ocr_carea' id='block_1_60' title="bbox 2398 3064 4038 3143">
    <p class='ocr_par' dir='ltr' id='par_1_60' title="bbox 2447 3071 4038 3143">
     <span class='ocr_line' id='line_1_60' title="bbox 2447 3071 4038 3143; baseline -0.003 -17"><span class='ocrx_word' id='word_1_425' title='bbox 2447 3073 2932 3143; x_wconf 65' lang='grc' dir='ltr'>πλημμελημάτων</span> <span class='ocrx_word' id='word_1_426' title='bbox 2962 3074 3179 3135; x_wconf 82' lang='grc' dir='ltr'>αὐτούς.</span> <span class='ocrx_word' id='word_1_427' title='bbox 3214 3073 3558 3133; x_wconf 78' lang='grc' dir='ltr'>’Λνυσθὲντος</span> <span class='ocrx_word' id='word_1_428' title='bbox 3584 3072 3640 3123; x_wconf 84' lang='grc' dir='ltr'>δὲ</span> <span class='ocrx_word' id='word_1_429' title='bbox 3666 3072 3756 3123; x_wconf 79' lang='grc' dir='ltr'>τοῦ</span> <span class='ocrx_word' id='word_1_430' title='bbox 3780 3071 4038 3123; x_wconf 84' lang='grc' dir='ltr'>τοιούτου</span> 
     </span>
    </p>
   </div>
   <div class='ocr_carea' id='block_1_61' title="bbox 772 3156 2412 3235">
    <p class='ocr_par' dir='ltr' id='par_1_61' title="bbox 772 3156 2410 3231">
     <span class='ocr_line' id='line_1_61' title="bbox 772 3156 2410 3231; baseline 0.01 -26"><span class='ocrx_word' id='word_1_431' title='bbox 772 3168 958 3223; x_wconf 88' lang='lat' dir='ltr'><strong>opere,</strong></span> <span class='ocrx_word' id='word_1_432' title='bbox 987 3156 1307 3224; x_wconf 88' lang='lat' dir='ltr'><strong>cunctisque</strong></span> <span class='ocrx_word' id='word_1_433' title='bbox 1337 3158 1521 3211; x_wconf 87' lang='lat' dir='ltr'><strong>divino</strong></span> <span class='ocrx_word' id='word_1_434' title='bbox 1564 3159 1887 3227; x_wconf 89' lang='lat' dir='ltr'><strong>baptismate</strong></span> <span class='ocrx_word' id='word_1_435' title='bbox 1919 3161 2213 3231; x_wconf 90' lang='lat' dir='ltr'><strong>impartitis</strong></span> <span class='ocrx_word' id='word_1_436' title='bbox 2255 3175 2339 3220; x_wconf 90' lang='lat' dir='ltr'><strong>at-</strong></span> <span class='ocrx_word' id='word_1_437' title='bbox 2368 3168 2410 3223; x_wconf 86' lang='lat' dir='ltr'><strong>C</strong></span> 
     </span>
    </p>
   </div>
   <div class='ocr_carea' id='block_1_62' title="bbox 2399 3156 4039 3235">
    <p class='ocr_par' dir='ltr' id='par_1_62' title="bbox 2399 3163 4039 3235">
     <span class='ocr_line' id='line_1_62' title="bbox 2399 3163 4039 3235; baseline -0.004 -15"><span class='ocrx_word' id='word_1_438' title='bbox 2399 3168 2410 3221; x_wconf 70' lang='grc' dir='ltr'><strong><em>ἶ</em></strong></span> <span class='ocrx_word' id='word_1_439' title='bbox 2444 3164 2724 3233; x_wconf 80' lang='grc' dir='ltr'>θεοφιλοῦς</span> <span class='ocrx_word' id='word_1_440' title='bbox 2760 3165 2944 3235; x_wconf 76' lang='grc' dir='ltr'>ἔργου,</span> <span class='ocrx_word' id='word_1_441' title='bbox 2978 3166 3072 3218; x_wconf 75' lang='grc' dir='ltr'>καὶ</span> <span class='ocrx_word' id='word_1_442' title='bbox 3096 3165 3313 3218; x_wconf 81' lang='grc' dir='ltr'>πάντων</span> <span class='ocrx_word' id='word_1_443' title='bbox 3345 3164 3439 3215; x_wconf 84' lang='grc' dir='ltr'><strong>τού</strong></span> <span class='ocrx_word' id='word_1_444' title='bbox 3475 3164 3618 3215; x_wconf 80' lang='grc' dir='ltr'>θείου</span> <span class='ocrx_word' id='word_1_445' title='bbox 3646 3163 4039 3232; x_wconf 68' lang='grc' dir='ltr'>μετασχόντων</span> 
     </span>
    </p>
   </div>
   <div class='ocr_carea' id='block_1_63' title="bbox 771 3244 2411 3325">
    <p class='ocr_par' dir='ltr' id='par_1_63' title="bbox 771 3244 2343 3324">
     <span class='ocr_line' id='line_1_63' title="bbox 771 3244 2343 3324; baseline 0.009 -27"><span class='ocrx_word' id='word_1_446' title='bbox 771 3261 881 3312; x_wconf 86' lang='lat' dir='ltr'><strong>que</strong></span> <span class='ocrx_word' id='word_1_447' title='bbox 905 3244 1275 3300; x_wconf 81' lang='lat' dir='ltr'><strong>Romanorum</strong></span> <span class='ocrx_word' id='word_1_448' title='bbox 1303 3248 1547 3303; x_wconf 85' lang='lat' dir='ltr'><strong>fascibus</strong></span> <span class='ocrx_word' id='word_1_449' title='bbox 1571 3251 1869 3315; x_wconf 87' lang='lat' dir='ltr'><strong>inclinatis,</strong></span> <span class='ocrx_word' id='word_1_450' title='bbox 1907 3254 2010 3308; x_wconf 88' lang='lat' dir='ltr'><strong>hac</strong></span> <span class='ocrx_word' id='word_1_451' title='bbox 2038 3267 2188 3324; x_wconf 87' lang='lat' dir='ltr'><strong>parte</strong></span> <span class='ocrx_word' id='word_1_452' title='bbox 2219 3256 2343 3311; x_wconf 89' lang='lat' dir='ltr'><strong>red-</strong></span> 
     </span>
    </p>
   </div>
   <div class='ocr_carea' id='block_1_64' title="bbox 2401 3244 4041 3325">
    <p class='ocr_par' dir='ltr' id='par_1_64' title="bbox 2448 3255 4041 3325">
     <span class='ocr_line' id='line_1_64' title="bbox 2448 3255 4041 3325; baseline -0.001 -18"><span class='ocrx_word' id='word_1_453' title='bbox 2448 3255 2825 3324; x_wconf 81' lang='grc' dir='ltr'>βαπτίσματος</span> <span class='ocrx_word' id='word_1_454' title='bbox 2877 3256 2969 3307; x_wconf 74' lang='grc' dir='ltr'>καὶ</span> <span class='ocrx_word' id='word_1_455' title='bbox 3018 3258 3095 3317; x_wconf 83' lang='grc' dir='ltr'><strong>είς</strong></span> <span class='ocrx_word' id='word_1_456' title='bbox 3141 3255 3237 3325; x_wconf 77' lang='grc' dir='ltr'>τὴν</span> <span class='ocrx_word' id='word_1_457' title='bbox 3270 3255 3586 3323; x_wconf 79' lang='grc' dir='ltr'>Ῥωμαϊκὴν</span> <span class='ocrx_word' id='word_1_458' title='bbox 3621 3255 4041 3306; x_wconf 82' lang='grc' dir='ltr'>ἐπανελθόντων</span> 
     </span>
    </p>
   </div>
   <div class='ocr_carea' id='block_1_65' title="bbox 778 3336 2418 3415">
    <p class='ocr_par' dir='ltr' id='par_1_65' title="bbox 778 3336 2344 3411">
     <span class='ocr_line' id='line_1_65' title="bbox 778 3336 2344 3411; baseline 0.009 -24"><span class='ocrx_word' id='word_1_459' title='bbox 778 3336 1086 3405; x_wconf 80' lang='lat' dir='ltr'><strong>integratus</strong></span> <span class='ocrx_word' id='word_1_460' title='bbox 1141 3346 1227 3391; x_wconf 89' lang='lat' dir='ltr'><strong>cst</strong></span> <span class='ocrx_word' id='word_1_461' title='bbox 1279 3338 1625 3406; x_wconf 87' lang='lat' dir='ltr'><strong>imperatoris</strong></span> <span class='ocrx_word' id='word_1_462' title='bbox 1715 3342 2077 3411; x_wconf 86' lang='lat' dir='ltr'><strong>principatus,</strong></span> <span class='ocrx_word' id='word_1_463' title='bbox 2132 3349 2344 3401; x_wconf 90' lang='lat' dir='ltr'><strong>cunctis</strong></span> 
     </span>
    </p>
   </div>
   <div class='ocr_carea' id='block_1_66' title="bbox 2401 3336 4041 3415">
    <p class='ocr_par' dir='ltr' id='par_1_66' title="bbox 2448 3346 4041 3415">
     <span class='ocr_line' id='line_1_66' title="bbox 2448 3346 4041 3415; baseline -0.001 -17"><span class='ocrx_word' id='word_1_464' title='bbox 2448 3347 2783 3408; x_wconf 76' lang='grc' dir='ltr'>ύπὸπτωσιν,</span> <span class='ocrx_word' id='word_1_465' title='bbox 2814 3346 3030 3409; x_wconf 76' lang='grc' dir='ltr'>ἐδέξατο</span> <span class='ocrx_word' id='word_1_466' title='bbox 3060 3349 3198 3399; x_wconf 86' lang='grc' dir='ltr'>κατὰ</span> <span class='ocrx_word' id='word_1_467' title='bbox 3223 3346 3378 3399; x_wconf 80' lang='grc' dir='ltr'>τοῦτο</span> <span class='ocrx_word' id='word_1_468' title='bbox 3398 3347 3456 3398; x_wconf 76' lang='grc' dir='ltr'><strong>τὸ</strong></span> <span class='ocrx_word' id='word_1_469' title='bbox 3484 3346 3648 3415; x_wconf 80' lang='grc' dir='ltr'>μέρος</span> <span class='ocrx_word' id='word_1_470' title='bbox 3673 3347 3769 3415; x_wconf 84' lang='grc' dir='ltr'>τὴν</span> <span class='ocrx_word' id='word_1_471' title='bbox 3797 3346 4041 3415; x_wconf 70' lang='grc' dir='ltr'>ὁλοκλη-</span> 
     </span>
    </p>
   </div>
   <div class='ocr_carea' id='block_1_67' title="bbox 777 3428 2417 3509">
    <p class='ocr_par' dir='ltr' id='par_1_67' title="bbox 777 3428 2346 3507">
     <span class='ocr_line' id='line_1_67' title="bbox 777 3428 2346 3507; baseline 0.009 -28"><span class='ocrx_word' id='word_1_472' title='bbox 777 3428 1174 3483; x_wconf 81' lang='lat' dir='ltr'><strong>ltumanissima</strong></span> <span class='ocrx_word' id='word_1_473' title='bbox 1218 3430 1337 3498; x_wconf 85' lang='lat' dir='ltr'><strong>ejus</strong></span> <span class='ocrx_word' id='word_1_474' title='bbox 1387 3431 1637 3499; x_wconf 89' lang='lat' dir='ltr'><strong>jussione</strong></span> <span class='ocrx_word' id='word_1_475' title='bbox 1687 3448 1754 3486; x_wconf 82' lang='lat' dir='ltr'><strong>ex</strong></span> <span class='ocrx_word' id='word_1_476' title='bbox 1814 3436 1930 3489; x_wconf 88' lang='lat' dir='ltr'><strong>suis</strong></span> <span class='ocrx_word' id='word_1_477' title='bbox 1991 3436 2346 3507; x_wconf 87' lang='lat' dir='ltr'><strong>ejusdemque</strong></span> 
     </span>
    </p>
   </div>
   <div class='ocr_carea' id='block_1_68' title="bbox 2402 3428 4042 3509">
    <p class='ocr_par' dir='ltr' id='par_1_68' title="bbox 2451 3438 4042 3509">
     <span class='ocr_line' id='line_1_68' title="bbox 2451 3438 4042 3509; baseline 0 -18"><span class='ocrx_word' id='word_1_478' title='bbox 2451 3440 2570 3509; x_wconf 82' lang='grc' dir='ltr'>ρίαν</span> <span class='ocrx_word' id='word_1_479' title='bbox 2599 3438 2916 3508; x_wconf 77' lang='grc' dir='ltr'>ἠβασιλέως</span> <span class='ocrx_word' id='word_1_480' title='bbox 2937 3438 3101 3508; x_wconf 83' lang='grc' dir='ltr'>ἀρχὴ,</span> <span class='ocrx_word' id='word_1_481' title='bbox 3136 3441 3353 3491; x_wconf 85' lang='grc' dir='ltr'>πάντων</span> <span class='ocrx_word' id='word_1_482' title='bbox 3377 3438 3744 3509; x_wconf 77' lang='grc' dir='ltr'>φιλανθρώπῳ</span> <span class='ocrx_word' id='word_1_483' title='bbox 3773 3439 3866 3490; x_wconf 84' lang='grc' dir='ltr'><strong>τού</strong></span> <span class='ocrx_word' id='word_1_484' title='bbox 3894 3456 4042 3505; x_wconf 79' lang='grc' dir='ltr'>κρα·</span> 
     </span>
    </p>
   </div>
   <div class='ocr_carea' id='block_1_69' title="bbox 775 3521 2415 3600">
    <p class='ocr_par' dir='ltr' id='par_1_69' title="bbox 775 3521 2347 3598">
     <span class='ocr_line' id='line_1_69' title="bbox 775 3521 2347 3598; baseline 0.008 -25"><span class='ocrx_word' id='word_1_485' title='bbox 775 3521 950 3589; x_wconf 78' lang='lat' dir='ltr'><strong>gentis</strong></span> <span class='ocrx_word' id='word_1_486' title='bbox 973 3522 1307 3587; x_wconf 89' lang='lat' dir='ltr'><strong>hominibus,</strong></span> <span class='ocrx_word' id='word_1_487' title='bbox 1337 3523 1689 3593; x_wconf 80' lang='lat' dir='ltr'><strong>magistratus</strong></span> <span class='ocrx_word' id='word_1_488' title='bbox 1717 3537 2094 3598; x_wconf 87' lang='lat' dir='ltr'><strong>rectoresque,</strong></span> <span class='ocrx_word' id='word_1_489' title='bbox 2118 3530 2211 3598; x_wconf 91' lang='lat' dir='ltr'><strong>qui</strong></span> <span class='ocrx_word' id='word_1_490' title='bbox 2240 3530 2347 3585; x_wconf 88' lang='lat' dir='ltr'><strong>illis</strong></span> 
     </span>
    </p>
   </div>
   <div class='ocr_carea' id='block_1_70' title="bbox 2401 3521 4041 3600">
    <p class='ocr_par' dir='ltr' id='par_1_70' title="bbox 2446 3531 4041 3600">
     <span class='ocr_line' id='line_1_70' title="bbox 2446 3531 4041 3600; baseline -0.001 -18"><span class='ocrx_word' id='word_1_491' title='bbox 2446 3532 2663 3592; x_wconf 80' lang='grc' dir='ltr'>τοῦντος</span> <span class='ocrx_word' id='word_1_492' title='bbox 2696 3531 3076 3600; x_wconf 73' lang='grc' dir='ltr'>προστάγματι</span> <span class='ocrx_word' id='word_1_493' title='bbox 3109 3531 3170 3582; x_wconf 89' lang='grc' dir='ltr'><strong>ἐκ</strong></span> <span class='ocrx_word' id='word_1_494' title='bbox 3204 3531 3312 3582; x_wconf 79' lang='grc' dir='ltr'>τῶν</span> <span class='ocrx_word' id='word_1_495' title='bbox 3346 3531 3563 3582; x_wconf 81' lang='grc' dir='ltr'>οἰκείων</span> <span class='ocrx_word' id='word_1_496' title='bbox 3598 3533 3691 3582; x_wconf 72' lang='grc' dir='ltr'>καὶ</span> <span class='ocrx_word' id='word_1_497' title='bbox 3736 3531 4041 3599; x_wconf 76' lang='grc' dir='ltr'>ὁμοφύλων</span> 
     </span>
    </p>
   </div>
   <div class='ocr_carea' id='block_1_71' title="bbox 775 3613 2415 3695">
    <p class='ocr_par' dir='ltr' id='par_1_71' title="bbox 775 3613 2347 3686">
     <span class='ocr_line' id='line_1_71' title="bbox 775 3613 2347 3686; baseline 0.006 -20"><span class='ocrx_word' id='word_1_498' title='bbox 775 3613 1009 3682; x_wconf 90' lang='lat' dir='ltr'><strong>imperio</strong></span> <span class='ocrx_word' id='word_1_499' title='bbox 1071 3627 1390 3684; x_wconf 72' lang='lat' dir='ltr'><strong>prazessent,</strong></span> <span class='ocrx_word' id='word_1_500' title='bbox 1434 3617 1851 3686; x_wconf 82' lang='lat' dir='ltr'><strong>accipientibus.</strong></span> <span class='ocrx_word' id='word_1_501' title='bbox 1891 3618 2009 3673; x_wconf 89' lang='lat' dir='ltr'><strong>Non</strong></span> <span class='ocrx_word' id='word_1_502' title='bbox 2053 3623 2197 3674; x_wconf 92' lang='lat' dir='ltr'><strong>enim</strong></span> <span class='ocrx_word' id='word_1_503' title='bbox 2258 3623 2347 3677; x_wconf 90' lang='lat' dir='ltr'><strong>ille</strong></span> 
     </span>
    </p>
   </div>
   <div class='ocr_carea' id='block_1_72' title="bbox 2404 3613 4044 3695">
    <p class='ocr_par' dir='ltr' id='par_1_72' title="bbox 2446 3622 4044 3695">
     <span class='ocr_line' id='line_1_72' title="bbox 2446 3622 4044 3695; baseline -0.001 -19"><span class='ocrx_word' id='word_1_504' title='bbox 2446 3622 2755 3692; x_wconf 80' lang='grc' dir='ltr'>δεξαμένων</span> <span class='ocrx_word' id='word_1_505' title='bbox 2784 3622 3051 3692; x_wconf 78' lang='grc' dir='ltr'>ἄρχοντας</span> <span class='ocrx_word' id='word_1_506' title='bbox 3078 3625 3155 3685; x_wconf 81' lang='grc' dir='ltr'><strong>είς</strong></span> <span class='ocrx_word' id='word_1_507' title='bbox 3184 3623 3507 3675; x_wconf 78' lang='grc' dir='ltr'>ἐπιστασίαν</span> <span class='ocrx_word' id='word_1_508' title='bbox 3558 3622 3759 3676; x_wconf 74' lang='grc' dir='ltr'>αὐτῶν.</span> <span class='ocrx_word' id='word_1_509' title='bbox 3796 3624 3873 3675; x_wconf 81' lang='grc' dir='ltr'><strong>Οὐ</strong></span> <span class='ocrx_word' id='word_1_510' title='bbox 3922 3624 4044 3695; x_wconf 83' lang='grc' dir='ltr'><strong>γὰρ</strong></span> 
     </span>
    </p>
   </div>
   <div class='ocr_carea' id='block_1_73' title="bbox 776 3706 2416 3783">
    <p class='ocr_par' dir='ltr' id='par_1_73' title="bbox 776 3706 2347 3778">
     <span class='ocr_line' id='line_1_73' title="bbox 776 3706 2347 3778; baseline 0.008 -20"><span class='ocrx_word' id='word_1_511' title='bbox 776 3706 1128 3775; x_wconf 74' lang='lat' dir='ltr'><strong>magistratus</strong></span> <span class='ocrx_word' id='word_1_512' title='bbox 1160 3707 1266 3762; x_wconf 91' lang='lat' dir='ltr'><strong>illis</strong></span> <span class='ocrx_word' id='word_1_513' title='bbox 1294 3710 1617 3778; x_wconf 66' lang='lat' dir='ltr'><strong>prmpositos</strong></span> <span class='ocrx_word' id='word_1_514' title='bbox 1639 3711 1859 3765; x_wconf 75' lang='lat' dir='ltr'><strong>vernales</strong></span> <span class='ocrx_word' id='word_1_515' title='bbox 1892 3713 2101 3776; x_wconf 78' lang='lat' dir='ltr'><strong>habuit,</strong></span> <span class='ocrx_word' id='word_1_516' title='bbox 2132 3724 2190 3767; x_wconf 91' lang='lat' dir='ltr'><strong>ut</strong></span> <span class='ocrx_word' id='word_1_517' title='bbox 2221 3715 2347 3770; x_wconf 92' lang='lat' dir='ltr'><strong>inde</strong></span> 
     </span>
    </p>
   </div>
   <div class='ocr_carea' id='block_1_74' title="bbox 2405 3706 4045 3783">
    <p class='ocr_par' dir='ltr' id='par_1_74' title="bbox 2447 3712 4045 3783">
     <span class='ocr_line' id='line_1_74' title="bbox 2447 3712 4045 3783; baseline -0.001 -16"><span class='ocrx_word' id='word_1_518' title='bbox 2447 3716 2637 3774; x_wconf 83' lang='grc' dir='ltr'>ὠνίους</span> <span class='ocrx_word' id='word_1_519' title='bbox 2670 3714 2874 3776; x_wconf 81' lang='grc' dir='ltr'>ἐκεῖνος</span> <span class='ocrx_word' id='word_1_520' title='bbox 2903 3716 2999 3777; x_wconf 70' lang='grc' dir='ltr'>τὰς</span> <span class='ocrx_word' id='word_1_521' title='bbox 3029 3716 3106 3776; x_wconf 79' lang='grc' dir='ltr'><strong>είς</strong></span> <span class='ocrx_word' id='word_1_522' title='bbox 3132 3715 3231 3783; x_wconf 89' lang='grc' dir='ltr'>τὴν</span> <span class='ocrx_word' id='word_1_523' title='bbox 3258 3714 3303 3745; x_wconf 85' lang='grc'><strong>⁸⁸</strong></span> <span class='ocrx_word' id='word_1_524' title='bbox 3332 3714 3658 3767; x_wconf 73' lang='grc' dir='ltr'>ἐπιστασίαν</span> <span class='ocrx_word' id='word_1_525' title='bbox 3680 3715 3857 3765; x_wconf 75' lang='grc' dir='ltr'>αὐτῶν</span> <span class='ocrx_word' id='word_1_526' title='bbox 3883 3712 4045 3783; x_wconf 71' lang='grc' dir='ltr'>εἶχεν</span> 
     </span>
    </p>
   </div>
   <div class='ocr_carea' id='block_1_75' title="bbox 774 3800 2414 3877">
    <p class='ocr_par' dir='ltr' id='par_1_75' title="bbox 774 3800 2349 3873">
     <span class='ocr_line' id='line_1_75' title="bbox 774 3800 2349 3873; baseline 0.006 -22"><span class='ocrx_word' id='word_1_527' title='bbox 774 3813 947 3869; x_wconf 88' lang='lat' dir='ltr'><strong>eaque</strong></span> <span class='ocrx_word' id='word_1_528' title='bbox 974 3801 1209 3863; x_wconf 83' lang='lat' dir='ltr'><strong>ratione,</strong></span> <span class='ocrx_word' id='word_1_529' title='bbox 1246 3800 1339 3869; x_wconf 90' lang='lat' dir='ltr'><strong>qui</strong></span> <span class='ocrx_word' id='word_1_530' title='bbox 1368 3802 1490 3870; x_wconf 90' lang='lat' dir='ltr'><strong>plus</strong></span> <span class='ocrx_word' id='word_1_531' title='bbox 1521 3802 1712 3857; x_wconf 81' lang='lat' dir='ltr'><strong>darent</strong></span> <span class='ocrx_word' id='word_1_532' title='bbox 1746 3818 1921 3873; x_wconf 82' lang='lat' dir='ltr'><strong>exque</strong></span> <span class='ocrx_word' id='word_1_533' title='bbox 1951 3806 2186 3861; x_wconf 90' lang='lat' dir='ltr'><strong>subditis</strong></span> <span class='ocrx_word' id='word_1_534' title='bbox 2233 3824 2349 3861; x_wconf 89' lang='lat' dir='ltr'><strong>am-</strong></span> 
     </span>
    </p>
   </div>
   <div class='ocr_carea' id='block_1_76' title="bbox 2406 3800 4046 3877">
    <p class='ocr_par' dir='ltr' id='par_1_76' title="bbox 2449 3804 4046 3877">
     <span class='ocr_line' id='line_1_76' title="bbox 2449 3804 4046 3877; baseline -0.003 -18"><span class='ocrx_word' id='word_1_535' title='bbox 2449 3806 2623 3877; x_wconf 72' lang='grc' dir='ltr'>ἀρχὰς</span> <span class='ocrx_word' id='word_1_536' title='bbox 2651 3807 2718 3871; x_wconf 72' lang='grc'><strong>⁸⁸,</strong></span> <span class='ocrx_word' id='word_1_537' title='bbox 2747 3806 2814 3857; x_wconf 77' lang='grc' dir='ltr'><strong>ἶν’</strong></span> <span class='ocrx_word' id='word_1_538' title='bbox 2834 3805 3084 3871; x_wconf 76' lang='grc' dir='ltr'>ἐντεῦθεν</span> <span class='ocrx_word' id='word_1_539' title='bbox 3111 3805 3237 3867; x_wconf 81' lang='grc' dir='ltr'>τοὺς</span> <span class='ocrx_word' id='word_1_540' title='bbox 3270 3806 3453 3857; x_wconf 83' lang='grc' dir='ltr'>πλεῖον</span> <span class='ocrx_word' id='word_1_541' title='bbox 3474 3805 3719 3867; x_wconf 70' lang='grc' dir='ltr'>διδύντας</span> <span class='ocrx_word' id='word_1_542' title='bbox 3740 3804 3833 3856; x_wconf 74' lang='grc' dir='ltr'>καὶ</span> <span class='ocrx_word' id='word_1_543' title='bbox 3864 3807 4046 3856; x_wconf 83' lang='grc' dir='ltr'>καλα-</span> 
     </span>
    </p>
   </div>
   <div class='ocr_carea' id='block_1_77' title="bbox 774 3892 2414 3969">
    <p class='ocr_par' dir='ltr' id='par_1_77' title="bbox 774 3892 2348 3969">
     <span class='ocr_line' id='line_1_77' title="bbox 774 3892 2348 3969; baseline 0.008 -28"><span class='ocrx_word' id='word_1_544' title='bbox 774 3892 915 3960; x_wconf 83' lang='lat' dir='ltr'><strong>plius</strong></span> <span class='ocrx_word' id='word_1_545' title='bbox 946 3900 1232 3957; x_wconf 84' lang='lat' dir='ltr'><strong>meterent,</strong></span> <span class='ocrx_word' id='word_1_546' title='bbox 1264 3892 1370 3949; x_wconf 87' lang='lat' dir='ltr'><strong>illis</strong></span> <span class='ocrx_word' id='word_1_547' title='bbox 1399 3897 1696 3963; x_wconf 68' lang='lat' dir='ltr'><strong>praaliceret</strong></span> <span class='ocrx_word' id='word_1_548' title='bbox 1726 3913 1740 3959; x_wconf 85' lang='lat'><strong>;</strong></span> <span class='ocrx_word' id='word_1_549' title='bbox 1777 3898 1870 3951; x_wconf 88' lang='lat' dir='ltr'><strong>sed</strong></span> <span class='ocrx_word' id='word_1_550' title='bbox 1900 3898 1991 3966; x_wconf 90' lang='lat' dir='ltr'><strong>qui</strong></span> <span class='ocrx_word' id='word_1_551' title='bbox 2020 3900 2089 3952; x_wconf 91' lang='lat' dir='ltr'><strong>ab</strong></span> <span class='ocrx_word' id='word_1_552' title='bbox 2110 3899 2189 3953; x_wconf 90' lang='lat' dir='ltr'><strong>eis</strong></span> <span class='ocrx_word' id='word_1_553' title='bbox 2214 3900 2348 3969; x_wconf 90' lang='lat' dir='ltr'><strong>ipsis</strong></span> 
     </span>
    </p>
   </div>
   <div class='ocr_carea' id='block_1_78' title="bbox 2404 3892 4044 3969">
    <p class='ocr_par' dir='ltr' id='par_1_78' title="bbox 2454 3897 4044 3968">
     <span class='ocr_line' id='line_1_78' title="bbox 2454 3897 4044 3968; baseline -0.001 -18"><span class='ocrx_word' id='word_1_554' title='bbox 2454 3899 2735 3968; x_wconf 88' lang='grc' dir='ltr'>μωμένους</span> <span class='ocrx_word' id='word_1_555' title='bbox 2760 3897 2925 3949; x_wconf 83' lang='grc' dir='ltr'>αὐτού</span> <span class='ocrx_word' id='word_1_556' title='bbox 2960 3899 3019 3949; x_wconf 81' lang='grc' dir='ltr'>τὸ</span> <span class='ocrx_word' id='word_1_557' title='bbox 3044 3899 3283 3967; x_wconf 80' lang='grc' dir='ltr'>ὑπήκοον</span> <span class='ocrx_word' id='word_1_558' title='bbox 3311 3900 3387 3958; x_wconf 86' lang='grc' dir='ltr'><strong>είς</strong></span> <span class='ocrx_word' id='word_1_559' title='bbox 3419 3898 3479 3949; x_wconf 83' lang='grc' dir='ltr'>τὸ</span> <span class='ocrx_word' id='word_1_560' title='bbox 3522 3897 3728 3949; x_wconf 80' lang='grc' dir='ltr'>τούτων</span> <span class='ocrx_word' id='word_1_561' title='bbox 3764 3898 4044 3961; x_wconf 75' lang='grc' dir='ltr'>κατεξου-</span> 
     </span>
    </p>
   </div>
   <div class='ocr_carea' id='block_1_79' title="bbox 774 3981 2414 4058">
    <p class='ocr_par' dir='ltr' id='par_1_79' title="bbox 774 3981 2348 4058">
     <span class='ocr_line' id='line_1_79' title="bbox 774 3981 2348 4058; baseline 0.006 -24"><span class='ocrx_word' id='word_1_562' title='bbox 774 3981 929 4036; x_wconf 81' lang='lat' dir='ltr'><strong>electi</strong></span> <span class='ocrx_word' id='word_1_563' title='bbox 965 3991 1152 4037; x_wconf 89' lang='lat' dir='ltr'><strong>essent</strong></span> <span class='ocrx_word' id='word_1_564' title='bbox 1199 3997 1264 4036; x_wconf 90' lang='lat' dir='ltr'><strong>ac</strong></span> <span class='ocrx_word' id='word_1_565' title='bbox 1319 3984 1467 4037; x_wconf 85' lang='lat' dir='ltr'><strong>velut</strong></span> <span class='ocrx_word' id='word_1_566' title='bbox 1520 3984 1782 4055; x_wconf 76' lang='lat' dir='ltr'><strong>suﬂ‘ragio</strong></span> <span class='ocrx_word' id='word_1_567' title='bbox 1834 3988 2025 4049; x_wconf 88' lang='lat' dir='ltr'><strong>creati,</strong></span> <span class='ocrx_word' id='word_1_568' title='bbox 2090 3997 2348 4058; x_wconf 89' lang='lat' dir='ltr'><strong>tanquam</strong></span> 
     </span>
    </p>
   </div>
   <div class='ocr_carea' id='block_1_80' title="bbox 2406 3981 4046 4058">
    <p class='ocr_par' dir='ltr' id='par_1_80' title="bbox 2454 3987 4046 4058">
     <span class='ocr_line' id='line_1_80' title="bbox 2454 3987 4046 4058; baseline -0.002 -17"><span class='ocrx_word' id='word_1_569' title='bbox 2454 3990 2660 4052; x_wconf 78' lang='grc' dir='ltr'>σιάζειν</span> <span class='ocrx_word' id='word_1_570' title='bbox 2694 3988 3067 4058; x_wconf 76' lang='grc' dir='ltr'>προϐάλληται</span> <span class='ocrx_word' id='word_1_571' title='bbox 3089 4005 3101 4016; x_wconf 88' lang='grc'><strong>·</strong></span> <span class='ocrx_word' id='word_1_572' title='bbox 3141 3991 3233 4039; x_wconf 75' lang='grc' dir='ltr'>καὶ</span> <span class='ocrx_word' id='word_1_573' title='bbox 3266 3988 3352 4039; x_wconf 90' lang='grc' dir='ltr'><strong>διά</strong></span> <span class='ocrx_word' id='word_1_574' title='bbox 3379 3988 3537 4040; x_wconf 79' lang='grc' dir='ltr'>τούτο</span> <span class='ocrx_word' id='word_1_575' title='bbox 3568 3989 3691 4048; x_wconf 69' lang='grc' dir='ltr'>τοῦς</span> <span class='ocrx_word' id='word_1_576' title='bbox 3722 3987 3813 4039; x_wconf 78' lang='grc' dir='ltr'><strong>ὑπ’</strong></span> <span class='ocrx_word' id='word_1_577' title='bbox 3848 3989 4046 4039; x_wconf 61' lang='lat' dir='ltr'><strong>ab:ch</strong></span> 
     </span>
    </p>
   </div>
   <div class='ocr_carea' id='block_1_81' title="bbox 774 4074 2414 4145">
    <p class='ocr_par' dir='ltr' id='par_1_81' title="bbox 774 4074 2350 4145">
     <span class='ocr_line' id='line_1_81' title="bbox 774 4074 2350 4145; baseline 0.006 -19"><span class='ocrx_word' id='word_1_578' title='bbox 774 4074 1009 4128; x_wconf 89' lang='lat' dir='ltr'><strong>arbitros</strong></span> <span class='ocrx_word' id='word_1_579' title='bbox 1039 4076 1393 4144; x_wconf 78' lang='lat' dir='ltr'><strong>magistratus</strong></span> <span class='ocrx_word' id='word_1_580' title='bbox 1440 4074 1772 4145; x_wconf 85' lang='lat' dir='ltr'><strong>pateruaque</strong></span> <span class='ocrx_word' id='word_1_581' title='bbox 1823 4078 2199 4135; x_wconf 87' lang='lat' dir='ltr'><strong>benevolentia</strong></span> <span class='ocrx_word' id='word_1_582' title='bbox 2254 4097 2350 4135; x_wconf 91' lang='lat' dir='ltr'><strong>eos</strong></span> 
     </span>
    </p>
   </div>
   <div class='ocr_carea' id='block_1_82' title="bbox 2406 4074 4046 4145">
    <p class='ocr_par' dir='ltr' id='par_1_82' title="bbox 2452 4077 4046 4145">
     <span class='ocr_line' id='line_1_82' title="bbox 2452 4077 4046 4145; baseline -0.002 -15"><span class='ocrx_word' id='word_1_583' title='bbox 2452 4081 2675 4132; x_wconf 80' lang='grc' dir='ltr'>ἐκείνων</span> <span class='ocrx_word' id='word_1_584' title='bbox 2720 4077 3111 4145; x_wconf 81' lang='grc' dir='ltr'>ἐκλεγομένους</span> <span class='ocrx_word' id='word_1_585' title='bbox 3158 4080 3247 4129; x_wconf 71' lang='grc' dir='ltr'>καὶ</span> <span class='ocrx_word' id='word_1_586' title='bbox 3292 4078 3453 4129; x_wconf 75' lang='grc' dir='ltr'>οἱονεὶ</span> <span class='ocrx_word' id='word_1_587' title='bbox 3498 4078 4046 4145; x_wconf 81' lang='grc' dir='ltr'>χειροτονουμένους,</span> 
     </span>
    </p>
   </div>
   <div class='ocr_carea' id='block_1_83' title="bbox 774 4167 2414 4243">
    <p class='ocr_par' dir='ltr' id='par_1_83' title="bbox 774 4167 2349 4243">
     <span class='ocr_line' id='line_1_83' title="bbox 774 4167 2349 4243; baseline 0.005 -23"><span class='ocrx_word' id='word_1_588' title='bbox 774 4176 1185 4236; x_wconf 78' lang='lat' dir='ltr'><strong>prosecuturus.</strong></span> <span class='ocrx_word' id='word_1_589' title='bbox 1244 4167 1325 4222; x_wconf 84' lang='lat' dir='ltr'><strong>cis</strong></span> <span class='ocrx_word' id='word_1_590' title='bbox 1377 4184 1475 4237; x_wconf 89' lang='lat' dir='ltr'><strong>pro</strong></span> <span class='ocrx_word' id='word_1_591' title='bbox 1532 4170 1763 4239; x_wconf 89' lang='lat' dir='ltr'><strong>imperio</strong></span> <span class='ocrx_word' id='word_1_592' title='bbox 1826 4186 2060 4239; x_wconf 58' lang='lat' dir='ltr'><strong>praesse</strong></span> <span class='ocrx_word' id='word_1_593' title='bbox 2113 4175 2349 4243; x_wconf 76' lang='lat' dir='ltr'><strong>pruden-</strong></span> 
     </span>
    </p>
   </div>
   <div class='ocr_carea' id='block_1_84' title="bbox 2410 4167 4050 4243">
    <p class='ocr_par' dir='ltr' id='par_1_84' title="bbox 2452 4168 4050 4238">
     <span class='ocr_line' id='line_1_84' title="bbox 2452 4168 4050 4238; baseline -0.001 -16"><span class='ocrx_word' id='word_1_594' title='bbox 2452 4172 2527 4233; x_wconf 84' lang='grc' dir='ltr'>ὼς</span> <span class='ocrx_word' id='word_1_595' title='bbox 2579 4170 2829 4238; x_wconf 69' lang='grc' dir='ltr'>αἱρετοὺς</span> <span class='ocrx_word' id='word_1_596' title='bbox 2864 4171 3129 4237; x_wconf 78' lang='grc' dir='ltr'>ἄρχοντας</span> <span class='ocrx_word' id='word_1_597' title='bbox 3182 4169 3275 4219; x_wconf 76' lang='grc' dir='ltr'>καὶ</span> <span class='ocrx_word' id='word_1_598' title='bbox 3336 4170 3610 4237; x_wconf 76' lang='grc' dir='ltr'>πατρικὴν</span> <span class='ocrx_word' id='word_1_599' title='bbox 3665 4168 3802 4236; x_wconf 69' lang='grc' dir='ltr'>πρὸς</span> <span class='ocrx_word' id='word_1_600' title='bbox 3834 4170 4050 4231; x_wconf 68' lang='grc' dir='ltr'>αύτοίς</span> 
     </span>
    </p>
   </div>
   <div class='ocr_carea' id='block_1_85' title="bbox 777 4258 2417 4331">
    <p class='ocr_par' dir='ltr' id='par_1_85' title="bbox 777 4260 2352 4331">
     <span class='ocr_line' id='line_1_85' title="bbox 777 4260 2352 4331; baseline 0.003 -17"><span class='ocrx_word' id='word_1_601' title='bbox 777 4269 858 4314; x_wconf 90' lang='lat' dir='ltr'><strong>ter</strong></span> <span class='ocrx_word' id='word_1_602' title='bbox 925 4260 1240 4315; x_wconf 80' lang='lat' dir='ltr'><strong>constituit.</strong></span> <span class='ocrx_word' id='word_1_603' title='bbox 1299 4262 1475 4330; x_wconf 80' lang='lat' dir='ltr'><strong>Atque</strong></span> <span class='ocrx_word' id='word_1_604' title='bbox 1536 4262 1651 4316; x_wconf 63' lang='lat' dir='ltr'><strong>hate</strong></span> <span class='ocrx_word' id='word_1_605' title='bbox 1712 4264 1934 4331; x_wconf 89' lang='lat' dir='ltr'><strong>quidem</strong></span> <span class='ocrx_word' id='word_1_606' title='bbox 1990 4264 2060 4319; x_wconf 85' lang='lat' dir='ltr'><strong>ita</strong></span> <span class='ocrx_word' id='word_1_607' title='bbox 2126 4282 2185 4321; x_wconf 88' lang='lat' dir='ltr'><strong>se</strong></span> <span class='ocrx_word' id='word_1_608' title='bbox 2257 4268 2352 4320; x_wconf 74' lang='lat' dir='ltr'><strong>lia-</strong></span> 
     </span>
    </p>
   </div>
   <div class='ocr_carea' id='block_1_86' title="bbox 2410 4258 4050 4331">
    <p class='ocr_par' dir='ltr' id='par_1_86' title="bbox 2451 4258 4050 4328">
     <span class='ocr_line' id='line_1_86' title="bbox 2451 4258 4050 4328; baseline -0.003 -14"><span class='ocrx_word' id='word_1_609' title='bbox 2451 4260 2739 4323; x_wconf 74' lang='grc' dir='ltr'>διασώζειν</span> <span class='ocrx_word' id='word_1_610' title='bbox 2778 4259 3089 4327; x_wconf 75' lang='grc' dir='ltr'>ὀφείλοντας</span> <span class='ocrx_word' id='word_1_611' title='bbox 3123 4258 3359 4320; x_wconf 74' lang='grc' dir='ltr'>εὔνοιαν,</span> <span class='ocrx_word' id='word_1_612' title='bbox 3410 4260 3600 4328; x_wconf 79' lang='grc' dir='ltr'>ἄρχειν</span> <span class='ocrx_word' id='word_1_613' title='bbox 3629 4258 3809 4310; x_wconf 72' lang='grc' dir='ltr'>αὐτῶν</span> <span class='ocrx_word' id='word_1_614' title='bbox 3842 4276 4050 4311; x_wconf 87' lang='grc' dir='ltr'>νουνε-</span> 
     </span>
    </p>
   </div>
   <div class='ocr_carea' id='block_1_87' title="bbox 776 4350 3583 4424">
    <p class='ocr_par' dir='ltr' id='par_1_87' title="bbox 776 4350 3583 4424">
     <span class='ocr_line' id='line_1_87' title="bbox 776 4350 3583 4424; baseline -0.001 -18"><span class='ocrx_word' id='word_1_615' title='bbox 776 4352 962 4407; x_wconf 86' lang='lat' dir='ltr'><strong>buerc.</strong></span> <span class='ocrx_word' id='word_1_616' title='bbox 2455 4354 2562 4424; x_wconf 69' lang='grc' dir='ltr'>χῶς</span> <span class='ocrx_word' id='word_1_617' title='bbox 2592 4354 2901 4420; x_wconf 81' lang='grc' dir='ltr'>διωρίσατο.</span> <span class='ocrx_word' id='word_1_618' title='bbox 2940 4352 3044 4404; x_wconf 71' lang='grc' dir='ltr'><strong>Καὶ</strong></span> <span class='ocrx_word' id='word_1_619' title='bbox 3073 4352 3242 4403; x_wconf 73' lang='grc' dir='ltr'>ταῦτα</span> <span class='ocrx_word' id='word_1_620' title='bbox 3272 4350 3371 4415; x_wconf 80' lang='grc' dir='ltr'>μὲν</span> <span class='ocrx_word' id='word_1_621' title='bbox 3391 4350 3583 4423; x_wconf 75' lang='grc' dir='ltr'>ταύτῃ.</span> 
     </span>
    </p>
   </div>
   <div class='ocr_carea' id='block_1_88' title="bbox 845 4442 2485 4518">
    <p class='ocr_par' dir='ltr' id='par_1_88' title="bbox 845 4444 2426 4518">
     <span class='ocr_line' id='line_1_88' title="bbox 845 4444 2426 4518; baseline 0.003 -21"><span class='ocrx_word' id='word_1_622' title='bbox 967 4444 1122 4511; x_wconf 86' lang='lat' dir='ltr'><strong>Quod</strong></span> <span class='ocrx_word' id='word_1_623' title='bbox 1158 4460 1286 4500; x_wconf 84' lang='lat' dir='ltr'><strong>vero</strong></span> <span class='ocrx_word' id='word_1_624' title='bbox 1308 4445 1549 4511; x_wconf 85' lang='lat' dir='ltr'><strong>barbari,</strong></span> <span class='ocrx_word' id='word_1_625' title='bbox 1582 4446 1675 4515; x_wconf 90' lang='lat' dir='ltr'><strong>qui</strong></span> <span class='ocrx_word' id='word_1_626' title='bbox 1705 4447 1784 4501; x_wconf 92' lang='lat' dir='ltr'><strong>sic</strong></span> <span class='ocrx_word' id='word_1_627' title='bbox 1816 4447 2061 4517; x_wconf 77' lang='lat' dir='ltr'><strong>neglecto</strong></span> <span class='ocrx_word' id='word_1_628' title='bbox 2088 4448 2353 4518; x_wconf 82' lang='lat' dir='ltr'><strong>segnitcr—</strong></span> <span class='ocrx_word' id='word_1_629' title='bbox 2381 4508 2426 4518; x_wconf 73' lang='lat'>_</span> 
     </span>
    </p>
   </div>
   <div class='ocr_carea' id='block_1_89' title="bbox 2416 4442 4056 4518">
    <p class='ocr_par' dir='ltr' id='par_1_89' title="bbox 2416 4442 4056 4518">
     <span class='ocr_line' id='line_1_89' title="bbox 2416 4442 4056 4518; baseline -0.004 -18"><span class='ocrx_word' id='word_1_630' title='bbox 2416 4511 2426 4518; x_wconf 71' lang='lat'><strong><em>_</em></strong></span> <span class='ocrx_word' id='word_1_631' title='bbox 2530 4446 2616 4516; x_wconf 85' lang='lat' dir='ltr'><strong>[P.</strong></span> <span class='ocrx_word' id='word_1_632' title='bbox 2650 4444 2776 4516; x_wconf 77' lang='grc'><strong>181]</strong></span> <span class='ocrx_word' id='word_1_633' title='bbox 2802 4442 2893 4497; x_wconf 88' lang='grc' dir='ltr'>νε’.</span> <span class='ocrx_word' id='word_1_634' title='bbox 2944 4446 3097 4497; x_wconf 74' lang='grc' dir='ltr'>Ἐπεὶ</span> <span class='ocrx_word' id='word_1_635' title='bbox 3145 4445 3199 4495; x_wconf 85' lang='grc' dir='ltr'><strong>δέ</strong></span> <span class='ocrx_word' id='word_1_636' title='bbox 3222 4445 3270 4496; x_wconf 89' lang='grc' dir='ltr'>οἱ</span> <span class='ocrx_word' id='word_1_637' title='bbox 3298 4444 3390 4495; x_wconf 77' lang='grc' dir='ltr'>ἐπὶ</span> <span class='ocrx_word' id='word_1_638' title='bbox 3417 4444 3515 4508; x_wconf 86' lang='grc' dir='ltr'>τῆς</span> <span class='ocrx_word' id='word_1_639' title='bbox 3564 4442 3827 4511; x_wconf 76' lang='grc' dir='ltr'>ἐκμελοῦς</span> <span class='ocrx_word' id='word_1_640' title='bbox 3857 4461 3919 4495; x_wconf 88' lang='grc' dir='ltr'><strong>τε</strong></span> <span class='ocrx_word' id='word_1_641' title='bbox 3949 4443 4056 4494; x_wconf 72' lang='grc' dir='ltr'>καὶ</span> 
     </span>
    </p>
   </div>
   <div class='ocr_carea' id='block_1_90' title="bbox 776 4508 2416 4609">
    <p class='ocr_par' dir='ltr' id='par_1_90' title="bbox 776 4508 2416 4606">
     <span class='ocr_line' id='line_1_90' title="bbox 776 4508 2416 4606; baseline 0.002 -16"><span class='ocrx_word' id='word_1_642' title='bbox 776 4548 882 4605; x_wconf 88' lang='lat' dir='ltr'><strong>que</strong></span> <span class='ocrx_word' id='word_1_643' title='bbox 911 4508 1295 4593; x_wconf 79' lang='lat' dir='ltr'><strong>administrate</strong></span> <span class='ocrx_word' id='word_1_644' title='bbox 1330 4539 1562 4606; x_wconf 86' lang='lat' dir='ltr'><strong>imperio</strong></span> <span class='ocrx_word' id='word_1_645' title='bbox 1608 4540 1661 4592; x_wconf 89' lang='lat' dir='ltr'><strong>in</strong></span> <span class='ocrx_word' id='word_1_646' title='bbox 1722 4537 2027 4593; x_wconf 80' lang='lat' dir='ltr'><strong>Romanam</strong></span> <span class='ocrx_word' id='word_1_647' title='bbox 2085 4541 2349 4595; x_wconf 88' lang='lat' dir='ltr'><strong>ditionem</strong></span> <span class='ocrx_word' id='word_1_648' title='bbox 2381 4508 2416 4566; x_wconf 71' lang='grc' dir='ltr'>Ῑ</span> 
     </span>
    </p>
   </div>
   <div class='ocr_carea' id='block_1_91' title="bbox 2415 4508 4055 4609">
    <p class='ocr_par' dir='ltr' id='par_1_91' title="bbox 2415 4511 4055 4609">
     <span class='ocr_line' id='line_1_91' title="bbox 2415 4511 4055 4609; baseline -0.002 -21"><span class='ocrx_word' id='word_1_649' title='bbox 2415 4511 2432 4564; x_wconf 67' lang='grc'><strong>)</strong></span> <span class='ocrx_word' id='word_1_650' title='bbox 2463 4537 2707 4609; x_wconf 76' lang='grc' dir='ltr'>ῥᾳθύμου</span> <span class='ocrx_word' id='word_1_651' title='bbox 2737 4535 3016 4605; x_wconf 82' lang='grc' dir='ltr'>βασιλείας</span> <span class='ocrx_word' id='word_1_652' title='bbox 3068 4536 3203 4605; x_wconf 81' lang='grc' dir='ltr'>πρὸς</span> <span class='ocrx_word' id='word_1_653' title='bbox 3231 4536 3329 4602; x_wconf 80' lang='grc' dir='ltr'>τὴν</span> <span class='ocrx_word' id='word_1_654' title='bbox 3359 4535 3714 4604; x_wconf 83' lang='grc' dir='ltr'>ἐπικράτειαν</span> <span class='ocrx_word' id='word_1_655' title='bbox 3746 4534 3856 4585; x_wconf 85' lang='grc' dir='ltr'><strong>τῶν</strong></span> <span class='ocrx_word' id='word_1_656' title='bbox 3904 4534 4055 4585; x_wconf 81' lang='grc' dir='ltr'><strong>Ῥω-</strong></span> 
     </span>
    </p>
   </div>
   <div class='ocr_carea' id='block_1_92' title="bbox 780 4624 2420 4703">
    <p class='ocr_par' dir='ltr' id='par_1_92' title="bbox 780 4630 2353 4703">
     <span class='ocr_line' id='line_1_92' title="bbox 780 4630 2353 4703; baseline 0.004 -22"><span class='ocrx_word' id='word_1_657' title='bbox 780 4631 1106 4699; x_wconf 85' lang='lat' dir='ltr'><strong>trajecerant</strong></span> <span class='ocrx_word' id='word_1_658' title='bbox 1155 4631 1407 4701; x_wconf 81' lang='lat' dir='ltr'><strong>pulsique</strong></span> <span class='ocrx_word' id='word_1_659' title='bbox 1442 4630 1683 4701; x_wconf 78' lang='lat' dir='ltr'><strong>Ragnsio</strong></span> <span class='ocrx_word' id='word_1_660' title='bbox 1711 4630 1949 4697; x_wconf 88' lang='lat' dir='ltr'><strong>fuerant,</strong></span> <span class='ocrx_word' id='word_1_661' title='bbox 1989 4634 2065 4687; x_wconf 92' lang='lat' dir='ltr'><strong>uti</strong></span> <span class='ocrx_word' id='word_1_662' title='bbox 2106 4634 2217 4703; x_wconf 89' lang='lat' dir='ltr'><strong>jam</strong></span> <span class='ocrx_word' id='word_1_663' title='bbox 2273 4636 2353 4688; x_wconf 87' lang='lat' dir='ltr'><strong>di-</strong></span> 
     </span>
    </p>
   </div>
   <div class='ocr_carea' id='block_1_93' title="bbox 2415 4624 4055 4703">
    <p class='ocr_par' dir='ltr' id='par_1_93' title="bbox 2464 4624 4055 4699">
     <span class='ocr_line' id='line_1_93' title="bbox 2464 4624 4055 4699; baseline -0.003 -18"><span class='ocrx_word' id='word_1_664' title='bbox 2464 4629 2640 4699; x_wconf 81' lang='grc' dir='ltr'>μαίων</span> <span class='ocrx_word' id='word_1_665' title='bbox 2682 4628 3108 4696; x_wconf 80' lang='grc' dir='ltr'>διαπεράσαντες</span> <span class='ocrx_word' id='word_1_666' title='bbox 3163 4625 3428 4695; x_wconf 73' lang='grc' dir='ltr'>βάρϐαροι</span> <span class='ocrx_word' id='word_1_667' title='bbox 3486 4626 3579 4677; x_wconf 75' lang='grc' dir='ltr'>καὶ</span> <span class='ocrx_word' id='word_1_668' title='bbox 3626 4624 3719 4676; x_wconf 82' lang='grc' dir='ltr'><strong>τού</strong></span> <span class='ocrx_word' id='word_1_669' title='bbox 3756 4625 4055 4677; x_wconf 79' lang='grc' dir='ltr'>Ῥαουσίου</span> 
     </span>
    </p>
   </div>
   <div class='ocr_carea' id='block_1_94' title="bbox 776 4716 2416 4794">
    <p class='ocr_par' dir='ltr' id='par_1_94' title="bbox 776 4724 2350 4794">
     <span class='ocr_line' id='line_1_94' title="bbox 776 4724 2350 4794; baseline 0.003 -18"><span class='ocrx_word' id='word_1_670' title='bbox 776 4734 924 4776; x_wconf 73' lang='lat' dir='ltr'><strong>ctum</strong></span> <span class='ocrx_word' id='word_1_671' title='bbox 968 4734 1073 4788; x_wconf 84' lang='lat' dir='ltr'><strong>est,</strong></span> <span class='ocrx_word' id='word_1_672' title='bbox 1109 4724 1289 4779; x_wconf 86' lang='lat' dir='ltr'><strong>adhuc</strong></span> <span class='ocrx_word' id='word_1_673' title='bbox 1320 4725 1375 4778; x_wconf 90' lang='lat' dir='ltr'><strong>in</strong></span> <span class='ocrx_word' id='word_1_674' title='bbox 1422 4725 1571 4779; x_wconf 91' lang='lat' dir='ltr'><strong>Italia</strong></span> <span class='ocrx_word' id='word_1_675' title='bbox 1611 4727 1719 4779; x_wconf 79' lang='lat' dir='ltr'><strong>lixo</strong></span> <span class='ocrx_word' id='word_1_676' title='bbox 1750 4725 1885 4794; x_wconf 89' lang='lat' dir='ltr'><strong>pede</strong></span> <span class='ocrx_word' id='word_1_677' title='bbox 1924 4727 2185 4781; x_wconf 89' lang='lat' dir='ltr'><strong>continue</strong></span> <span class='ocrx_word' id='word_1_678' title='bbox 2230 4743 2350 4781; x_wconf 89' lang='lat' dir='ltr'><strong>eam</strong></span> 
     </span>
    </p>
   </div>
   <div class='ocr_carea' id='block_1_95' title="bbox 2416 4716 4056 4794">
    <p class='ocr_par' dir='ltr' id='par_1_95' title="bbox 2459 4716 4056 4791">
     <span class='ocr_line' id='line_1_95' title="bbox 2459 4716 4056 4791; baseline -0.004 -17"><span class='ocrx_word' id='word_1_679' title='bbox 2459 4719 2951 4791; x_wconf 78' lang='grc' dir='ltr'>ἀποκρουσθέντες,</span> <span class='ocrx_word' id='word_1_680' title='bbox 2987 4717 3239 4788; x_wconf 83' lang='grc' dir='ltr'>καθάπερ</span> <span class='ocrx_word' id='word_1_681' title='bbox 3268 4716 3368 4787; x_wconf 72' lang='grc' dir='ltr'><strong>ἤδη</strong></span> <span class='ocrx_word' id='word_1_682' title='bbox 3401 4716 3663 4787; x_wconf 83' lang='grc' dir='ltr'>πρότερον</span> <span class='ocrx_word' id='word_1_683' title='bbox 3688 4716 3931 4785; x_wconf 74' lang='grc' dir='ltr'>εἴρηται,</span> <span class='ocrx_word' id='word_1_684' title='bbox 3965 4717 4056 4767; x_wconf 76' lang='grc' dir='ltr'>ἔτι</span> 
     </span>
    </p>
   </div>
   <div class='ocr_carea' id='block_1_96' title="bbox 779 4809 2419 4887">
    <p class='ocr_par' dir='ltr' id='par_1_96' title="bbox 779 4817 2351 4887">
     <span class='ocr_line' id='line_1_96' title="bbox 779 4817 2351 4887; baseline 0.001 -18"><span class='ocrx_word' id='word_1_685' title='bbox 779 4817 1131 4871; x_wconf 88' lang='lat' dir='ltr'><strong>incursabant</strong></span> <span class='ocrx_word' id='word_1_686' title='bbox 1158 4819 1383 4887; x_wconf 87' lang='lat' dir='ltr'><strong>dircque</strong></span> <span class='ocrx_word' id='word_1_687' title='bbox 1420 4817 1760 4881; x_wconf 87' lang='lat' dir='ltr'><strong>desolabant,</strong></span> <span class='ocrx_word' id='word_1_688' title='bbox 1821 4829 2037 4871; x_wconf 88' lang='lat' dir='ltr'><strong>centum</strong></span> <span class='ocrx_word' id='word_1_689' title='bbox 2077 4819 2351 4886; x_wconf 74' lang='lat' dir='ltr'><strong>quinqua-</strong></span> 
     </span>
    </p>
   </div>
   <div class='ocr_carea' id='block_1_97' title="bbox 2418 4809 4058 4887">
    <p class='ocr_par' dir='ltr' id='par_1_97' title="bbox 2460 4809 4058 4883">
     <span class='ocr_line' id='line_1_97' title="bbox 2460 4809 4058 4883; baseline -0.006 -15"><span class='ocrx_word' id='word_1_690' title='bbox 2460 4815 2600 4871; x_wconf 83' lang='grc' dir='ltr'><strong>κατά</strong></span> <span class='ocrx_word' id='word_1_691' title='bbox 2644 4814 2744 4883; x_wconf 76' lang='grc' dir='ltr'>τὴν</span> <span class='ocrx_word' id='word_1_692' title='bbox 2785 4811 3014 4864; x_wconf 76' lang='grc' dir='ltr'>Ἰταλίαν</span> <span class='ocrx_word' id='word_1_693' title='bbox 3066 4810 3351 4879; x_wconf 78' lang='grc' dir='ltr'>διέτριῦον,</span> <span class='ocrx_word' id='word_1_694' title='bbox 3396 4809 3634 4877; x_wconf 64' lang='grc' dir='ltr'>συνεχῶς</span> <span class='ocrx_word' id='word_1_695' title='bbox 3668 4810 3832 4876; x_wconf 75' lang='grc' dir='ltr'>αύτὴν</span> <span class='ocrx_word' id='word_1_696' title='bbox 3870 4825 4058 4860; x_wconf 84' lang='grc' dir='ltr'>κατα-</span> 
     </span>
    </p>
   </div>
   <div class='ocr_carea' id='block_1_98' title="bbox 778 4901 2418 4980">
    <p class='ocr_par' dir='ltr' id='par_1_98' title="bbox 778 4910 2354 4980">
     <span class='ocr_line' id='line_1_98' title="bbox 778 4910 2354 4980; baseline 0.001 -18"><span class='ocrx_word' id='word_1_697' title='bbox 778 4910 927 4979; x_wconf 69' lang='lat' dir='ltr'><strong>ginta</strong></span> <span class='ocrx_word' id='word_1_698' title='bbox 964 4910 1190 4967; x_wconf 85' lang='lat' dir='ltr'><strong>munitis</strong></span> <span class='ocrx_word' id='word_1_699' title='bbox 1218 4910 1455 4979; x_wconf 91' lang='lat' dir='ltr'><strong>oppidis,</strong></span> <span class='ocrx_word' id='word_1_700' title='bbox 1479 4926 1585 4979; x_wconf 90' lang='lat' dir='ltr'><strong>qua</strong></span> <span class='ocrx_word' id='word_1_701' title='bbox 1613 4918 1913 4979; x_wconf 88' lang='lat' dir='ltr'><strong>spontauea</strong></span> <span class='ocrx_word' id='word_1_702' title='bbox 1942 4912 2215 4965; x_wconf 86' lang='lat' dir='ltr'><strong>deditione</strong></span> <span class='ocrx_word' id='word_1_703' title='bbox 2247 4926 2354 4980; x_wconf 85' lang='lat' dir='ltr'><strong>qua</strong></span> 
     </span>
    </p>
   </div>
   <div class='ocr_carea' id='block_1_99' title="bbox 2422 4901 4062 4980">
    <p class='ocr_par' dir='ltr' id='par_1_99' title="bbox 2461 4901 4062 4977">
     <span class='ocr_line' id='line_1_99' title="bbox 2461 4901 4062 4977; baseline -0.005 -18"><span class='ocrx_word' id='word_1_704' title='bbox 2461 4907 2748 4977; x_wconf 78' lang='grc' dir='ltr'>τρέχοντες</span> <span class='ocrx_word' id='word_1_705' title='bbox 2772 4906 2865 4959; x_wconf 75' lang='grc' dir='ltr'>καὶ</span> <span class='ocrx_word' id='word_1_706' title='bbox 2898 4903 3131 4972; x_wconf 82' lang='grc' dir='ltr'>ἀφειδῶς</span> <span class='ocrx_word' id='word_1_707' title='bbox 3153 4903 3490 4973; x_wconf 73' lang='grc' dir='ltr'>ληϊζόμενοι,</span> <span class='ocrx_word' id='word_1_708' title='bbox 3516 4902 3589 4963; x_wconf 83' lang='grc' dir='ltr'>ὡς</span> <span class='ocrx_word' id='word_1_709' title='bbox 3614 4903 3708 4952; x_wconf 78' lang='grc' dir='ltr'>καὶ</span> <span class='ocrx_word' id='word_1_710' title='bbox 3747 4901 3913 4970; x_wconf 79' lang='grc' dir='ltr'>μέχρι</span> <span class='ocrx_word' id='word_1_711' title='bbox 3940 4901 4062 4952; x_wconf 79' lang='grc' dir='ltr'>τῶν</span> 
     </span>
    </p>
   </div>
   <div class='ocr_carea' id='block_1_100' title="bbox 780 4993 2420 5071">
    <p class='ocr_par' dir='ltr' id='par_1_100' title="bbox 780 4999 2356 5071">
     <span class='ocr_line' id='line_1_100' title="bbox 780 4999 2356 5071; baseline 0.001 -17"><span class='ocrx_word' id='word_1_712' title='bbox 780 4999 1072 5055; x_wconf 84' lang='lat' dir='ltr'><strong>obsidione</strong></span> <span class='ocrx_word' id='word_1_713' title='bbox 1108 5000 1274 5071; x_wconf 88' lang='lat' dir='ltr'><strong>vique</strong></span> <span class='ocrx_word' id='word_1_714' title='bbox 1302 5004 1354 5055; x_wconf 91' lang='lat' dir='ltr'><strong>in</strong></span> <span class='ocrx_word' id='word_1_715' title='bbox 1387 5011 1709 5071; x_wconf 88' lang='lat' dir='ltr'><strong>potestatem</strong></span> <span class='ocrx_word' id='word_1_716' title='bbox 1750 5015 1905 5056; x_wconf 82' lang='lat' dir='ltr'><strong>suam</strong></span> <span class='ocrx_word' id='word_1_717' title='bbox 1942 5004 2200 5064; x_wconf 85' lang='lat' dir='ltr'><strong>redactis,</strong></span> <span class='ocrx_word' id='word_1_718' title='bbox 2255 5018 2356 5055; x_wconf 82' lang='lat' dir='ltr'><strong>an-</strong></span> 
     </span>
    </p>
   </div>
   <div class='ocr_carea' id='block_1_101' title="bbox 2422 4993 4062 5071">
    <p class='ocr_par' dir='ltr' id='par_1_101' title="bbox 2464 4993 4062 5071">
     <span class='ocr_line' id='line_1_101' title="bbox 2464 4993 4062 5071; baseline -0.005 -18"><span class='ocrx_word' id='word_1_719' title='bbox 2464 5002 2804 5071; x_wconf 83' lang='grc' dir='ltr'>πεντήκοντα</span> <span class='ocrx_word' id='word_1_720' title='bbox 2825 4998 2919 5051; x_wconf 78' lang='grc' dir='ltr'>καὶ</span> <span class='ocrx_word' id='word_1_721' title='bbox 2944 4998 3139 5050; x_wconf 69' lang='grc' dir='ltr'>ἐκατὸν</span> <span class='ocrx_word' id='word_1_722' title='bbox 3167 4997 3418 5068; x_wconf 84' lang='grc' dir='ltr'>κάστρων</span> <span class='ocrx_word' id='word_1_723' title='bbox 3436 4995 3503 5046; x_wconf 78' lang='grc' dir='ltr'><strong>τὰ</strong></span> <span class='ocrx_word' id='word_1_724' title='bbox 3523 4997 3620 5064; x_wconf 82' lang='grc' dir='ltr'>μὲν</span> <span class='ocrx_word' id='word_1_725' title='bbox 3641 4996 3702 5045; x_wconf 88' lang='grc' dir='ltr'><strong>ἐκ</strong></span> <span class='ocrx_word' id='word_1_726' title='bbox 3728 4993 4062 5061; x_wconf 86' lang='grc' dir='ltr'>προδοσίας,</span> 
     </span>
    </p>
   </div>
   <div class='ocr_carea' id='block_1_102' title="bbox 720 5074 2360 5161">
    <p class='ocr_par' dir='ltr' id='par_1_102' title="bbox 720 5074 2355 5160">
     <span class='ocr_line' id='line_1_102' title="bbox 720 5074 2355 5160; baseline 0.005 -21"><span class='ocrx_word' id='word_1_727' title='bbox 720 5074 723 5075; x_wconf 15' lang='grc' dir='ltr'><em>ν</em></span> <span class='ocrx_word' id='word_1_728' title='bbox 780 5092 938 5148; x_wconf 65' lang='grc' dir='ltr'>ιιίιδιὶε</span> <span class='ocrx_word' id='word_1_729' title='bbox 967 5091 1264 5160; x_wconf 81' lang='lat' dir='ltr'><strong>imperator</strong></span> <span class='ocrx_word' id='word_1_730' title='bbox 1296 5094 1454 5147; x_wconf 89' lang='lat' dir='ltr'><strong>valde</strong></span> <span class='ocrx_word' id='word_1_731' title='bbox 1483 5093 1669 5146; x_wconf 91' lang='lat' dir='ltr'><strong>animo</strong></span> <span class='ocrx_word' id='word_1_732' title='bbox 1722 5094 2169 5147; x_wconf 84' lang='lat' dir='ltr'><strong>discruciabatur</strong></span> <span class='ocrx_word' id='word_1_733' title='bbox 2199 5109 2213 5158; x_wconf 90' lang='lat'><strong>;</strong></span> <span class='ocrx_word' id='word_1_734' title='bbox 2255 5094 2355 5147; x_wconf 90' lang='lat' dir='ltr'><strong>ho-</strong></span> 
     </span>
    </p>
   </div>
   <div class='ocr_carea' id='block_1_103' title="bbox 2426 5074 4066 5161">
    <p class='ocr_par' dir='ltr' id='par_1_103' title="bbox 2462 5085 4066 5161">
     <span class='ocr_line' id='line_1_103' title="bbox 2462 5085 4066 5161; baseline -0.008 -14"><span class='ocrx_word' id='word_1_735' title='bbox 2462 5095 2529 5147; x_wconf 75' lang='grc' dir='ltr'><strong>τά</strong></span> <span class='ocrx_word' id='word_1_736' title='bbox 2561 5094 2615 5146; x_wconf 88' lang='grc' dir='ltr'><strong>δέ</strong></span> <span class='ocrx_word' id='word_1_737' title='bbox 2647 5092 2926 5161; x_wconf 65' lang='grc' dir='ltr'>πολιορκίᾳ</span> <span class='ocrx_word' id='word_1_738' title='bbox 2956 5088 3345 5159; x_wconf 76' lang='grc' dir='ltr'>χειρώσασθαι,</span> <span class='ocrx_word' id='word_1_739' title='bbox 3390 5087 3605 5138; x_wconf 84' lang='grc' dir='ltr'>ἀκούων</span> <span class='ocrx_word' id='word_1_740' title='bbox 3634 5086 3806 5136; x_wconf 67' lang='grc' dir='ltr'>ταῦτα</span> <span class='ocrx_word' id='word_1_741' title='bbox 3830 5086 3857 5135; x_wconf 79' lang='grc' dir='ltr'><strong>ὁ</strong></span> <span class='ocrx_word' id='word_1_742' title='bbox 3892 5085 4066 5153; x_wconf 73' lang='grc' dir='ltr'>βασι-</span> 
     </span>
    </p>
   </div>
   <div class='ocr_carea' id='block_1_104' title="bbox 786 5178 2426 5257">
    <p class='ocr_par' dir='ltr' id='par_1_104' title="bbox 786 5184 2355 5256">
     <span class='ocr_line' id='line_1_104' title="bbox 786 5184 2355 5256; baseline 0.001 -19"><span class='ocrx_word' id='word_1_743' title='bbox 786 5196 1014 5253; x_wconf 73' lang='lat' dir='ltr'><strong>t&#39;umque</strong></span> <span class='ocrx_word' id='word_1_744' title='bbox 1047 5184 1413 5240; x_wconf 68' lang='lat' dir='ltr'><strong>sollicitudine</strong></span> <span class='ocrx_word' id='word_1_745' title='bbox 1444 5186 1732 5255; x_wconf 79' lang='lat' dir='ltr'><strong>invigilans</strong></span> <span class='ocrx_word' id='word_1_746' title='bbox 1789 5187 2008 5239; x_wconf 89' lang='lat' dir='ltr'><strong>modum</strong></span> <span class='ocrx_word' id='word_1_747' title='bbox 2061 5186 2355 5256; x_wconf 61' lang='lat' dir='ltr'><strong>quaerebat,</strong></span> 
     </span>
    </p>
   </div>
   <div class='ocr_carea' id='block_1_105' title="bbox 2427 5178 4067 5257">
    <p class='ocr_par' dir='ltr' id='par_1_105' title="bbox 2466 5178 4067 5257">
     <span class='ocr_line' id='line_1_105' title="bbox 2466 5178 4067 5257; baseline -0.008 -17"><span class='ocrx_word' id='word_1_748' title='bbox 2466 5190 2590 5250; x_wconf 70' lang='grc' dir='ltr'>λεύς</span> <span class='ocrx_word' id='word_1_749' title='bbox 2624 5188 2815 5257; x_wconf 72' lang='grc' dir='ltr'>ἠνιᾶτο</span> <span class='ocrx_word' id='word_1_750' title='bbox 2850 5183 3117 5253; x_wconf 81' lang='grc' dir='ltr'>σφοδρῶς,</span> <span class='ocrx_word' id='word_1_751' title='bbox 3150 5183 3245 5233; x_wconf 67' lang='grc' dir='ltr'>καὶ</span> <span class='ocrx_word' id='word_1_752' title='bbox 3276 5182 3394 5242; x_wconf 82' lang='grc' dir='ltr'>ταῖς</span> <span class='ocrx_word' id='word_1_753' title='bbox 3423 5181 3550 5250; x_wconf 66' lang='grc' dir='ltr'>περὶ</span> <span class='ocrx_word' id='word_1_754' title='bbox 3589 5178 3795 5231; x_wconf 85' lang='grc' dir='ltr'>τούτων</span> <span class='ocrx_word' id='word_1_755' title='bbox 3829 5179 4067 5246; x_wconf 69' lang='grc' dir='ltr'>φροιτέ-</span> 
     </span>
    </p>
   </div>
   <div class='ocr_carea' id='block_1_106' title="bbox 782 5271 2422 5347">
    <p class='ocr_par' dir='ltr' id='par_1_106' title="bbox 782 5276 2356 5346">
     <span class='ocr_line' id='line_1_106' title="bbox 782 5276 2356 5346; baseline 0.003 -17"><span class='ocrx_word' id='word_1_756' title='bbox 782 5289 891 5343; x_wconf 90' lang='lat' dir='ltr'><strong>quo</strong></span> <span class='ocrx_word' id='word_1_757' title='bbox 924 5276 1079 5333; x_wconf 81' lang='lat' dir='ltr'><strong>facile</strong></span> <span class='ocrx_word' id='word_1_758' title='bbox 1103 5278 1185 5331; x_wconf 74' lang='lat' dir='ltr'><strong>vel</strong></span> <span class='ocrx_word' id='word_1_759' title='bbox 1219 5280 1402 5333; x_wconf 83' lang='lat' dir='ltr'><strong>hostes</strong></span> <span class='ocrx_word' id='word_1_760' title='bbox 1424 5280 1642 5346; x_wconf 89' lang='lat' dir='ltr'><strong>penitus</strong></span> <span class='ocrx_word' id='word_1_761' title='bbox 1690 5278 1917 5332; x_wconf 87' lang='lat' dir='ltr'><strong>fundere</strong></span> <span class='ocrx_word' id='word_1_762' title='bbox 1967 5279 2155 5332; x_wconf 90' lang='lat' dir='ltr'><strong>liceret</strong></span> <span class='ocrx_word' id='word_1_763' title='bbox 2195 5279 2277 5332; x_wconf 79' lang='lat' dir='ltr'><strong>vel</strong></span> <span class='ocrx_word' id='word_1_764' title='bbox 2328 5294 2356 5333; x_wconf 85' lang='lat' dir='ltr'><strong>a</strong></span> 
     </span>
    </p>
   </div>
   <div class='ocr_carea' id='block_1_107' title="bbox 2427 5271 4067 5347">
    <p class='ocr_par' dir='ltr' id='par_1_107' title="bbox 2469 5271 4067 5347">
     <span class='ocr_line' id='line_1_107' title="bbox 2469 5271 4067 5347; baseline -0.008 -14"><span class='ocrx_word' id='word_1_765' title='bbox 2469 5298 2551 5334; x_wconf 85' lang='grc' dir='ltr'><strong>σιν</strong></span> <span class='ocrx_word' id='word_1_766' title='bbox 2583 5276 2950 5347; x_wconf 81' lang='grc' dir='ltr'>ἐπαγρυπνῶν</span> <span class='ocrx_word' id='word_1_767' title='bbox 2980 5276 3161 5344; x_wconf 78' lang='grc' dir='ltr'>ἐζήτει</span> <span class='ocrx_word' id='word_1_768' title='bbox 3192 5275 3306 5336; x_wconf 83' lang='grc' dir='ltr'>πῶς</span> <span class='ocrx_word' id='word_1_769' title='bbox 3338 5273 3403 5325; x_wconf 74' lang='grc' dir='ltr'>ἂν</span> <span class='ocrx_word' id='word_1_770' title='bbox 3433 5271 3678 5333; x_wconf 74' lang='grc' dir='ltr'>εὐπετῶς</span> <span class='ocrx_word' id='word_1_771' title='bbox 3726 5271 3991 5339; x_wconf 60' lang='grc' dir='ltr'>δυνηθείη</span> <span class='ocrx_word' id='word_1_772' title='bbox 4032 5271 4067 5338; x_wconf 77' lang='grc' dir='ltr'>ἦ</span> 
     </span>
    </p>
   </div>
   <div class='ocr_carea' id='block_1_108' title="bbox 782 5360 2422 5439">
    <p class='ocr_par' dir='ltr' id='par_1_108' title="bbox 782 5364 2356 5439">
     <span class='ocr_line' id='line_1_108' title="bbox 782 5364 2356 5439; baseline 0.003 -21"><span class='ocrx_word' id='word_1_773' title='bbox 782 5364 1027 5421; x_wconf 75' lang='lat' dir='ltr'><strong>Romana</strong></span> <span class='ocrx_word' id='word_1_774' title='bbox 1069 5368 1261 5423; x_wconf 89' lang='lat' dir='ltr'><strong>saltem</strong></span> <span class='ocrx_word' id='word_1_775' title='bbox 1293 5369 1713 5437; x_wconf 89' lang='lat' dir='ltr'><strong>proculditioue</strong></span> <span class='ocrx_word' id='word_1_776' title='bbox 1758 5370 1977 5438; x_wconf 79' lang='lat' dir='ltr'><strong>abigere</strong></span> <span class='ocrx_word' id='word_1_777' title='bbox 2022 5385 2087 5423; x_wconf 90' lang='lat' dir='ltr'><strong>ac</strong></span> <span class='ocrx_word' id='word_1_778' title='bbox 2141 5370 2356 5439; x_wconf 79' lang='lat' dir='ltr'><strong>propel-</strong></span> 
     </span>
    </p>
   </div>
   <div class='ocr_carea' id='block_1_109' title="bbox 2430 5360 4070 5439">
    <p class='ocr_par' dir='ltr' id='par_1_109' title="bbox 2465 5360 4070 5439">
     <span class='ocr_line' id='line_1_109' title="bbox 2465 5360 4070 5439; baseline -0.009 -14"><span class='ocrx_word' id='word_1_779' title='bbox 2465 5372 2663 5433; x_wconf 82' lang='grc' dir='ltr'>τελέως</span> <span class='ocrx_word' id='word_1_780' title='bbox 2687 5372 2731 5405; x_wconf 76' lang='grc'><strong>⁸³</strong></span> <span class='ocrx_word' id='word_1_781' title='bbox 2782 5366 3172 5439; x_wconf 82' lang='grc' dir='ltr'>τροπώσασθαι</span> <span class='ocrx_word' id='word_1_782' title='bbox 3230 5367 3355 5427; x_wconf 70' lang='grc' dir='ltr'>τοὺς</span> <span class='ocrx_word' id='word_1_783' title='bbox 3391 5363 3618 5435; x_wconf 54' lang='grc' dir='ltr'>ἐχθροὶς</span> <span class='ocrx_word' id='word_1_784' title='bbox 3648 5363 3681 5433; x_wconf 78' lang='grc' dir='ltr'>ἦ</span> <span class='ocrx_word' id='word_1_785' title='bbox 3712 5360 3814 5414; x_wconf 78' lang='grc' dir='ltr'>κᾶν</span> <span class='ocrx_word' id='word_1_786' title='bbox 3863 5364 3929 5414; x_wconf 75' lang='grc' dir='ltr'><strong>ἐκ</strong></span> <span class='ocrx_word' id='word_1_787' title='bbox 3956 5364 4070 5430; x_wconf 72' lang='grc' dir='ltr'><strong>τῆ;</strong></span> 
     </span>
    </p>
   </div>
   <div class='ocr_carea' id='block_1_110' title="bbox 785 5452 2425 5532">
    <p class='ocr_par' dir='ltr' id='par_1_110' title="bbox 785 5457 2358 5532">
     <span class='ocr_line' id='line_1_110' title="bbox 785 5457 2358 5532; baseline 0.002 -19"><span class='ocrx_word' id='word_1_788' title='bbox 785 5460 915 5515; x_wconf 88' lang='lat' dir='ltr'><strong>lere.</strong></span> <span class='ocrx_word' id='word_1_789' title='bbox 940 5457 1057 5514; x_wconf 80' lang='lat' dir='ltr'><strong>Jam</strong></span> <span class='ocrx_word' id='word_1_790' title='bbox 1083 5463 1263 5529; x_wconf 79' lang='lat' dir='ltr'><strong>itaque</strong></span> <span class='ocrx_word' id='word_1_791' title='bbox 1288 5477 1410 5532; x_wconf 67' lang='lat' dir='ltr'><strong>qua:</strong></span> <span class='ocrx_word' id='word_1_792' title='bbox 1430 5461 1589 5531; x_wconf 80' lang='lat'><strong>293</strong></span> <span class='ocrx_word' id='word_1_793' title='bbox 1620 5472 1742 5515; x_wconf 87' lang='lat' dir='ltr'><strong>ante</strong></span> <span class='ocrx_word' id='word_1_794' title='bbox 1768 5460 2170 5532; x_wconf 68' lang='lat' dir='ltr'><strong>Rstgusinorum</strong></span> <span class='ocrx_word' id='word_1_795' title='bbox 2196 5477 2358 5516; x_wconf 79' lang='lat' dir='ltr'><strong>causa</strong></span> 
     </span>
    </p>
   </div>
   <div class='ocr_carea' id='block_1_111' title="bbox 2433 5452 4073 5532">
    <p class='ocr_par' dir='ltr' id='par_1_111' title="bbox 2482 5452 4073 5528">
     <span class='ocr_line' id='line_1_111' title="bbox 2482 5452 4073 5528; baseline -0.008 -15"><span class='ocrx_word' id='word_1_796' title='bbox 2482 5458 2794 5528; x_wconf 77' lang='grc' dir='ltr'>Ῥωμαῖκῆς</span> <span class='ocrx_word' id='word_1_797' title='bbox 2823 5455 3178 5525; x_wconf 79' lang='grc' dir='ltr'>ἐπικρατείας</span> <span class='ocrx_word' id='word_1_798' title='bbox 3212 5452 3540 5506; x_wconf 77' lang='grc' dir='ltr'>ἀπώσασθαι</span> <span class='ocrx_word' id='word_1_799' title='bbox 3572 5455 3664 5503; x_wconf 69' lang='grc' dir='ltr'>καὶ</span> <span class='ocrx_word' id='word_1_800' title='bbox 3714 5452 3972 5517; x_wconf 75' lang='grc' dir='ltr'>ἐξελάσαι</span> <span class='ocrx_word' id='word_1_801' title='bbox 4006 5455 4073 5503; x_wconf 70' lang='grc' dir='ltr'><strong>τ’)</strong></span> 
     </span>
    </p>
   </div>
   <div class='ocr_carea' id='block_1_112' title="bbox 784 5540 2424 5622">
    <p class='ocr_par' dir='ltr' id='par_1_112' title="bbox 784 5553 2357 5622">
     <span class='ocr_line' id='line_1_112' title="bbox 784 5553 2357 5622; baseline 0.001 -15"><span class='ocrx_word' id='word_1_802' title='bbox 784 5553 1071 5622; x_wconf 78' lang='lat' dir='ltr'><strong>gentisque</strong></span> <span class='ocrx_word' id='word_1_803' title='bbox 1116 5554 1297 5607; x_wconf 81' lang='lat' dir='ltr'><strong>utnuis</strong></span> <span class='ocrx_word' id='word_1_804' title='bbox 1350 5554 1721 5608; x_wconf 84' lang='lat' dir='ltr'><strong>Dalmatarum</strong></span> <span class='ocrx_word' id='word_1_805' title='bbox 1786 5555 1967 5607; x_wconf 76' lang='lat' dir='ltr'><strong>missa:</strong></span> <span class='ocrx_word' id='word_1_806' title='bbox 2001 5553 2216 5608; x_wconf 87' lang='lat' dir='ltr'><strong>fuerant</strong></span> <span class='ocrx_word' id='word_1_807' title='bbox 2264 5573 2357 5608; x_wconf 82' lang='lat' dir='ltr'><strong>co-</strong></span> 
     </span>
    </p>
   </div>
   <div class='ocr_carea' id='block_1_113' title="bbox 2434 5540 4074 5622">
    <p class='ocr_par' dir='ltr' id='par_1_113' title="bbox 2465 5540 4074 5621">
     <span class='ocr_line' id='line_1_113' title="bbox 2465 5540 4074 5621; baseline -0.008 -18"><span class='ocrx_word' id='word_1_808' title='bbox 2465 5550 2749 5621; x_wconf 78' lang='grc' dir='ltr'>δυσμενὲς.</span> <span class='ocrx_word' id='word_1_809' title='bbox 2787 5544 2896 5601; x_wconf 74' lang='grc' dir='ltr'><strong>Καὶ</strong></span> <span class='ocrx_word' id='word_1_810' title='bbox 2932 5547 3030 5608; x_wconf 76' lang='grc' dir='ltr'>τὰς</span> <span class='ocrx_word' id='word_1_811' title='bbox 3090 5545 3188 5613; x_wconf 80' lang='grc' dir='ltr'>μὲν</span> <span class='ocrx_word' id='word_1_812' title='bbox 3224 5544 3325 5614; x_wconf 68' lang='grc' dir='ltr'><strong>ἥδη</strong></span> <span class='ocrx_word' id='word_1_813' title='bbox 3376 5544 3538 5613; x_wconf 80' lang='grc' dir='ltr'>χάριν</span> <span class='ocrx_word' id='word_1_814' title='bbox 3574 5541 3680 5593; x_wconf 81' lang='grc' dir='ltr'>τῶν</span> <span class='ocrx_word' id='word_1_815' title='bbox 3716 5540 4074 5592; x_wconf 79' lang='grc' dir='ltr'>Ῥαουσαίων</span> 
     </span>
    </p>
   </div>
   <div class='ocr_carea' id='block_1_114' title="bbox 786 5632 2426 5715">
    <p class='ocr_par' dir='ltr' id='par_1_114' title="bbox 786 5642 2359 5715">
     <span class='ocr_line' id='line_1_114' title="bbox 786 5642 2359 5715; baseline 0.002 -19"><span class='ocrx_word' id='word_1_816' title='bbox 786 5644 907 5715; x_wconf 72' lang='lat' dir='ltr'><strong>piae,</strong></span> <span class='ocrx_word' id='word_1_817' title='bbox 952 5642 1136 5699; x_wconf 72' lang='lat' dir='ltr'><strong>Niceta</strong></span> <span class='ocrx_word' id='word_1_818' title='bbox 1162 5644 1414 5715; x_wconf 68' lang='lat' dir='ltr'><strong>Ooryplta</strong></span> <span class='ocrx_word' id='word_1_819' title='bbox 1446 5646 1677 5715; x_wconf 84' lang='lat' dir='ltr'><strong>patricio</strong></span> <span class='ocrx_word' id='word_1_820' title='bbox 1716 5646 1963 5710; x_wconf 83' lang='lat' dir='ltr'><strong>ductore,</strong></span> <span class='ocrx_word' id='word_1_821' title='bbox 1996 5658 2055 5699; x_wconf 91' lang='lat' dir='ltr'><strong>ut</strong></span> <span class='ocrx_word' id='word_1_822' title='bbox 2082 5662 2247 5715; x_wconf 73' lang='lat' dir='ltr'><strong>supra</strong></span> <span class='ocrx_word' id='word_1_823' title='bbox 2276 5646 2359 5701; x_wconf 85' lang='lat' dir='ltr'><strong>di-</strong></span> 
     </span>
    </p>
   </div>
   <div class='ocr_carea' id='block_1_115' title="bbox 2436 5632 4076 5715">
    <p class='ocr_par' dir='ltr' id='par_1_115' title="bbox 2466 5632 4076 5707">
     <span class='ocr_line' id='line_1_115' title="bbox 2466 5632 4076 5707; baseline -0.009 -9"><span class='ocrx_word' id='word_1_824' title='bbox 2466 5646 2561 5698; x_wconf 69' lang='lat' dir='ltr'><strong>xz‘:</strong></span> <span class='ocrx_word' id='word_1_825' title='bbox 2593 5644 2715 5695; x_wconf 69' lang='grc' dir='ltr'>ὅλου</span> <span class='ocrx_word' id='word_1_826' title='bbox 2745 5642 2839 5693; x_wconf 77' lang='grc' dir='ltr'><strong>τού</strong></span> <span class='ocrx_word' id='word_1_827' title='bbox 2866 5641 3050 5702; x_wconf 78' lang='grc' dir='ltr'>ἔθνους</span> <span class='ocrx_word' id='word_1_828' title='bbox 3080 5638 3187 5691; x_wconf 83' lang='grc' dir='ltr'>τῶν</span> <span class='ocrx_word' id='word_1_829' title='bbox 3218 5636 3519 5707; x_wconf 75' lang='grc' dir='ltr'>Δαλματῶν</span> <span class='ocrx_word' id='word_1_830' title='bbox 3548 5632 4076 5704; x_wconf 77' lang='grc' dir='ltr'>προαποσταλείσας</span> 
     </span>
    </p>
   </div>
   <div class='ocr_carea' id='block_1_116' title="bbox 2077 5741 2757 5799">
    <p class='ocr_par' dir='ltr' id='par_1_116' title="bbox 2077 5741 2757 5799">
     <span class='ocr_line' id='line_1_116' title="bbox 2077 5741 2757 5799; baseline 0.001 -6"><span class='ocrx_word' id='word_1_831' title='bbox 2077 5742 2308 5797; x_wconf 75' lang='lat' dir='ltr'><strong>\&#39;.\Rl.—E</strong></span> <span class='ocrx_word' id='word_1_832' title='bbox 2354 5741 2757 5799; x_wconf 76' lang='lat' dir='ltr'><strong>LECTIONES.</strong></span> 
     </span>
    </p>
   </div>
   <div class='ocr_carea' id='block_1_117' title="bbox 864 5825 3633 5906">
    <p class='ocr_par' dir='ltr' id='par_1_117' title="bbox 864 5825 3633 5906">
     <span class='ocr_line' id='line_1_117' title="bbox 864 5825 3633 5906; baseline -0.003 -18"><span class='ocrx_word' id='word_1_833' title='bbox 864 5838 907 5865; x_wconf 55' lang='lat'><strong>‘5</strong></span> <span class='ocrx_word' id='word_1_834' title='bbox 938 5853 988 5888; x_wconf 78' lang='grc' dir='ltr'><strong>τε</strong></span> <span class='ocrx_word' id='word_1_835' title='bbox 1023 5850 1128 5891; x_wconf 86' lang='lat' dir='ltr'><strong>0m.</strong></span> <span class='ocrx_word' id='word_1_836' title='bbox 1172 5836 1234 5891; x_wconf 72' lang='grc' dir='ltr'><strong>Α.</strong></span> <span class='ocrx_word' id='word_1_837' title='bbox 1316 5838 1354 5868; x_wconf 60' lang='lat'><strong>&quot;7</strong></span> <span class='ocrx_word' id='word_1_838' title='bbox 1403 5836 1513 5897; x_wconf 69' lang='grc' dir='ltr'>τούὶ</span> <span class='ocrx_word' id='word_1_839' title='bbox 1538 5838 1626 5891; x_wconf 77' lang='grc' dir='ltr'>καὶ</span> <span class='ocrx_word' id='word_1_840' title='bbox 1664 5838 1719 5890; x_wconf 89' lang='lat' dir='ltr'><strong>l’.</strong></span> <span class='ocrx_word' id='word_1_841' title='bbox 1797 5839 1839 5864; x_wconf 70' lang='lat'><strong>&quot;‘</strong></span> <span class='ocrx_word' id='word_1_842' title='bbox 1871 5838 1969 5904; x_wconf 68' lang='grc' dir='ltr'>τὴν</span> <span class='ocrx_word' id='word_1_843' title='bbox 1995 5854 2103 5890; x_wconf 82' lang='lat' dir='ltr'><strong>om.</strong></span> <span class='ocrx_word' id='word_1_844' title='bbox 2143 5840 2201 5889; x_wconf 66' lang='grc' dir='ltr'><strong>Α.</strong></span> <span class='ocrx_word' id='word_1_845' title='bbox 2296 5838 2338 5868; x_wconf 68' lang='grc' dir='ltr'><strong>δ’</strong></span> <span class='ocrx_word' id='word_1_846' title='bbox 2372 5830 2515 5906; x_wconf 65' lang='grc' dir='ltr'>εἶχεν</span> <span class='ocrx_word' id='word_1_847' title='bbox 2546 5834 2741 5904; x_wconf 69' lang='grc' dir='ltr'>ἀρχὰς,</span> <span class='ocrx_word' id='word_1_848' title='bbox 2776 5830 2869 5903; x_wconf 77' lang='grc' dir='ltr'><strong>ἵν’]</strong></span> <span class='ocrx_word' id='word_1_849' title='bbox 2911 5831 3008 5901; x_wconf 79' lang='grc' dir='ltr'><strong>οὐχ</strong></span> <span class='ocrx_word' id='word_1_850' title='bbox 3039 5830 3207 5885; x_wconf 68' lang='grc' dir='ltr'>ἴναᾹ.</span> <span class='ocrx_word' id='word_1_851' title='bbox 3286 5827 3331 5857; x_wconf 77' lang='grc'><strong>⁶⁰</strong></span> <span class='ocrx_word' id='word_1_852' title='bbox 3361 5825 3540 5877; x_wconf 74' lang='grc' dir='ltr'>τέλεον</span> <span class='ocrx_word' id='word_1_853' title='bbox 3572 5825 3633 5878; x_wconf 73' lang='grc' dir='ltr'><strong>Α.</strong></span> 
     </span>
    </p>
   </div>
  </div>
