4154 6446
775 434 872 498 311

1839 423 2348 487 THEOPHANES
2387 422 2943 490 CONTINUATUS.

3913 418 4010 483 3l2

849 547 937 601 57.
978 547 1044 599 At
1104 544 1397 607 Soldanus,
1434 543 1595 597 homo
1649 540 1800 593 vafer
1857 549 1913 594 et
1975 546 2193 593 astutus
2247 550 2345 589 nec

2519 535 2615 601 γε’.
2664 538 2723 594 ’0
2750 539 2806 592 δὲ
2840 536 3143 609 πανοῦργος
3172 537 3248 591 ὢν
3270 539 3362 593 καὶ
3391 538 3559 592 δόλων
3584 533 3904 589 Φοινικικῶν
3919 534 4013 586 οὐκ

777 637 994 692 Punicae
1028 636 1236 690 fraudis
1298 648 1516 702 expers,
1548 631 1684 687 alios
1718 631 1839 685 aliis
1869 629 2111 683 vicissim
2140 626 2349 681 calum-

779 731 977 785 niando
1038 744 1101 783 ac
1143 714 1532 782 committendo
1552 724 1778 778 salutem
1814 722 1915 777 sibi
1944 719 2346 792 procurandam

778 821 1041 883 decrevit.
1102 818 1254 872 lland
1311 832 1438 871 raro
1479 817 1623 869 enim
1684 814 1750 868 ad
1794 830 1943 876 eum,
1996 812 2144 866 velut
2190 811 2348 866 senili

775 910 1113 985 experientia
1163 919 1345 962 catum
1382 908 1660 961 hominem
1711 921 1773 979 ac
1829 904 2130 972 sapientem
2172 916 2350 970 exque

778 1016 1042 1071 prospera
1108 998 1327 1053 fortuna
1387 996 1589 1050 infelici
1636 997 1749 1064 jam
1812 1010 1994 1055 usum,
2031 992 2230 1063 Capua:
2285 1006 2348 1045 ac

778 1090 1073 1146 Beneventi
1118 1104 1372 1160 proceres
1390 1088 1698 1141 veniebant.
1722 1086 1931 1151 Quibus
1957 1084 2069 1143 ille,
2097 1081 2350 1135 amicitia:

777 1185 988 1237 larvam
1046 1184 1317 1238 simulans
1344 1223 1357 1245 ,
1399 1180 1530 1234 velle
1569 1196 1643 1241 se,
1709 1178 1912 1241 ait-hat,
1978 1178 2113 1245 regis
2155 1175 2223 1228 ad
2260 1191 2349 1228 eos

775 1271 1057 1325 consilium
1101 1284 1356 1323 arcanum
1387 1267 1646 1336 proferre,
1680 1266 1769 1319 sed
1791 1275 2037 1323 metuere,
2064 1263 2201 1332 quod
2230 1262 2351 1316 inde

774 1381 939 1433 eaque
976 1363 1372 1416 denuntiatione
1427 1361 1720 1429 periculum
1766 1358 1867 1411 sibi
1909 1357 2225 1412 immineret.
2285 1358 2350 1409 At

780 1457 872 1509 ille
914 1454 1276 1524 jurejurando
1324 1452 1613 1515 alllrniare,
1664 1450 1809 1520 quod
1840 1449 2058 1510 dixerit,
2098 1447 2351 1517 religiose

778 1548 846 1600 iis
903 1555 1119 1601 secreto
1176 1546 1463 1615 tegendum
1528 1560 1671 1597 esse.
1707 1541 1846 1596 Tum
1910 1538 2192 1595 illezﬂoc
2242 1539 2350 1608 regi

778 1640 1149 1702 constitutum,
1188 1646 1245 1689 ut
1280 1653 1368 1690 vos
1393 1651 1570 1689 omnes
1606 1635 1746 1704 ferro
1780 1635 1979 1687 vinctos
2002 1633 2057 1685 in
2091 1632 2349 1700 regionem

776 1746 931 1782 suam
961 1727 1205 1783 Francia
1243 1728 1441 1790 mittat,
1471 1729 1663 1796 quippe
1706 1725 1794 1794 qui
1838 1740 1940 1776 non
1971 1724 2130 1777 aliter
2152 1732 2349 1777 vestra-

780 1839 897 1875 rum
926 1821 1138 1875 urbium
1175 1834 1229 1872 se
1281 1828 1394 1871 tuto
1438 1818 1729 1886 potiturum
1753 1816 2036 1870 existimet.
2073 1815 2180 1868 Illis
2221 1831 2348 1870 vero

778 1929 889 1968 non
920 1922 1122 1968 certam
1153 1912 1376 1965 omnino
1425 1907 1584 1964 ﬁdem
1628 1909 1752 1979 ejus
1786 1908 1965 1961 verbis
1998 1906 2346 1971 habentibus,
2380 1888 2424 1945 Β

780 2008 874 2066 sed
904 2006 1110 2061 certius
1141 2005 1320 2059 adhuc
1367 2002 1587 2058 illorum
1621 2009 2004 2070 argumentum
2053 2001 2350 2069 quaerenti-

782 2101 907 2161 hns,
951 2111 1142 2153 rursus
1172 2096 1447 2151 Soldanus
1476 2095 1540 2148 ad
1571 2109 1750 2163 regem
1794 2093 1922 2147 talia
1956 2093 2303 2161 proloquitur
2335 2106 2348 2143 :

782 2189 907 2245 Non
931 2201 1075 2260 potes
1097 2190 1195 2243 has
1225 2189 1376 2243 urbes
1411 2198 1524 2241 tuto
1565 2189 1617 2241 in
1652 2189 1855 2240 ditione
1884 2196 2074 2250 tenere,
2114 2186 2353 2257 quandiu

779 2284 1037 2353 primores
1093 2283 1284 2336 civium
1342 2281 1427 2335 hic
1480 2281 1626 2334 sedes
1675 2278 1886 2333 habent.
1939 2275 2132 2348 Itaque
2176 2278 2221 2331 si
2256 2276 2353 2329 hoc

779 2377 960 2429 animo
992 2391 1046 2429 es
1086 2386 1142 2429 ut
1181 2375 1407 2444 ﬁrmiter
1448 2373 1526 2425 tui
1574 2388 1663 2425 eas
1691 2372 1837 2441 juris
1868 2372 2118 2433 retineas,
2154 2370 2352 2424 vinctos

779 2469 905 2523 illos
957 2468 1267 2538 quantocius
1300 2469 1448 2520 mitte
1472 2467 1522 2519 in
1558 2465 1872 2518 Franciam.
1929 2463 2025 2519 His
2056 2477 2353 2533 persuasus

783 2579 878 2618 rex
902 2572 1123 2617 catenas
1148 2561 1297 2616 brevi
1318 2560 1597 2622 fabricari,
1617 2559 1773 2629 quasi
1811 2558 1993 2627 aliqua
2028 2557 2355 2610 necessitate

783 2663 1035 2725 mgentc,
1074 2653 1355 2721 praecepit.
1382 2650 1691 2705 Convisens
1720 2665 1910 2704 rursus
1950 2647 2223 2703 Soldanus
2252 2662 2351 2715 pa-

781 2744 972 2799 tricios
990 2760 1004 2796 :
1023 2742 1252 2796 Nenunc
1269 2742 1502 2810 quidem.
1522 2740 1724 2809 inquit,
1743 2738 1871 2791 mihi
1889 2739 2045 2807 ﬁdem
2067 2737 2352 2801 adhibetis,

784 2840 1040 2909 verbaque
1075 2855 1188 2891 mea
1219 2836 1528 2907 negligitis?
1566 2836 1904 2898 scrutamini,
1937 2831 2355 2902 eaquirite,quid

784 2932 924 3001 fabri
956 2947 1132 2983 omnes
1192 2930 1326 2998 regis
1349 2928 1506 2997 jussu
1538 2936 1897 2987 construant;
1930 2940 1992 2978 ac
2047 2926 2094 2978 si
2142 2940 2356 2977 catenas

783 3016 948 3087 296
984 3026 1032 3070 et
1073 3014 1283 3069 vincula
1316 3013 1641 3077 inveneritis,
1676 3014 1742 3065 iis
1788 3027 1905 3082 qua:
1947 3025 2132 3065 vestra:
2162 3011 2357 3064 salutis

782 3124 952 3160 causa
1000 3124 1030 3158 a
1064 3122 1142 3159 me
1201 3105 1343 3160 vobis
1398 3104 1652 3157 dicuntur
1691 3104 1853 3158 nolite
1908 3104 2065 3173 ﬁdem
2104 3104 2354 3156 abnuere.

2452 628 2716 697 ἀμέτοχος
2752 631 2813 681 ἐκ
2845 629 2943 699 τῆς
2978 629 3253 699 ἑκατέρων
3299 627 3439 695 εγνω
3472 624 3721 695 διαϐολῆς
3747 625 4013 692 σωτηρίαν

2451 721 2628 791 ἑαυτῷ
2664 720 3167 791 πραγματεύεσθαι.
3214 719 3477 782 Πολλάκις
3505 719 3615 789 γὰρ
3663 718 3797 788 πρὸς
3839 715 4012 777 αὖτδνι

2454 811 2545 865 καὶ
2577 812 2652 875 ὡς
2681 815 2744 865 ἐκ
2765 813 3090 883 γεροντικῆς
3129 814 3422 882 ἐμπειρίας
3449 810 3670 864 συνετὸν
3720 808 3813 861 καὶ
3862 806 4016 873 σοφὸν

2454 906 2545 957 καὶ
2568 906 2643 967 ὡς
2675 905 2732 971 ἐξ
2750 904 3005 974 εὐτυχοῦς
3031 904 3291 973 δυστυχῆ,
3320 906 3369 956 οἱ
3393 904 3500 957 τῶν
3520 903 3774 971 κὰστρων
3792 900 4019 969 Καπύης

2452 997 2547 1050 καὶ
2596 995 2919 1050 Βενεϐενδοῦ
2986 996 3343 1066 παρεγίνοντο
3406 994 3687 1064 ἄρχοντες.
3740 994 3798 1044 ’0
3836 992 3890 1045 δὲ
3921 993 4020 1059 τὴν

2454 1090 2588 1157 πρὸς
2605 1089 2803 1152 αὐτοὺς
2842 1088 3024 1158 φιλίαν
3057 1088 3422 1156 πλαττόμενος
3447 1087 3750 1152 ἐξενεγκεῖν
3778 1099 3833 1136 τι
3873 1082 4021 1149 πρὸς

2453 1182 2676 1248 αὐτοὺς
2713 1183 3053 1251 ἀπόρρητον
3102 1182 3420 1248 ,βούλευμα
3462 1180 3569 1233 τοῦ
3612 1180 3807 1247 ῥηγὸςῖ
3838 1178 4020 1243 ἔλεγεν

2448 1274 2806 1337 βούλεσθαι,
2838 1271 3171 1326 δεδοικέναι
3198 1272 3266 1325 δὲ
3304 1272 3410 1325 τὸν
3432 1271 3500 1323 ἐκ
3521 1272 3841 1339 μηνύσεως
3892 1268 4021 1318 κίν-

2453 1365 2664 1419 δυνον.
2699 1364 2819 1416 Τῶν
2854 1365 2910 1416 δὲ
2931 1363 3338 1432 διομοσαμένων
3368 1362 3672 1431 ἀνέκφορον
3699 1356 4021 1428 ποιήσασθαι

2453 1456 2512 1509 τὸ
2538 1454 2885 1523 λαλούμενον,
2916 1456 3018 1525 ἔφη
3059 1456 3393 1519 ,ϐούλεσθαι
3435 1456 3542 1506 τὸν
3582 1451 3743 1519 ῥῆγα
3794 1450 4015 1513 πάντας

2452 1545 2608 1613 ὑμᾶς
2636 1546 2787 1614 πρὸς
2811 1546 2926 1613 τὴν
2952 1546 3171 1599 ἑαυτοῦ
3213 1542 3410 1613 χώραν
3437 1544 3548 1612 τῆς
3587 1543 3882 1611 Φραγγίας
3927 1558 4023 1594 σιο

2453 1638 2888 1706 δηροδεσμιόυς
2936 1638 3239 1707 ἐκπέμψαι
3290 1640 3370 1703 ὠς
3414 1639 3525 1690 οὐκ
3580 1637 3781 1700 ἄλλως
3833 1633 4025 1696 οὐσης

2452 1729 2611 1794 αὐτῷ
2640 1730 2961 1798 ἀσφαλοῦς
2993 1729 3101 1796 τῆς
3121 1727 3239 1781 τῶν
3266 1727 3565 1796 ὑμετέρων
3584 1724 4027 1792 διακρατήσεως

2454 1823 2707 1875 πόλεων.
2745 1821 2866 1872 Τῶν
2886 1820 2942 1873 δὲ
2971 1820 3045 1890 μὴ
3080 1821 3218 1874 πάνυ
3245 1820 3435 1872 πιστὸν
3488 1817 3621 1879 τέως
3667 1818 4027 1885 ἡγησαμένων

2452 1914 2513 1967 τὸ
2549 1914 2906 1983 μηνυόμενον,
2943 1912 3251 1982 ζητούντων
3297 1912 3354 1964 δὲ
3380 1912 3719 1978 σαφεστέραν
3750 1910 3826 1960 ἑτι
3855 1908 4026 1959 κατεὶς

2454 2006 2641 2075 ληψιν,
2702 2005 2864 2059 πάλιν
2922 2006 3059 2075 πρὸς
3093 2005 3184 2057 τὸν
3222 2005 3366 2075 ρἧα
3422 2004 3450 2055 ὁ
3491 2002 3747 2065 Σολδὰνος
3802 1998 4030 2053 τοιαῦτα

2454 2098 2640 2167 φησὶν,
2676 2099 2750 2160 ὡς
2784 2101 2906 2152 Οὐκ
2941 2098 3072 2152 ἐστι
3101 2113 3195 2151 σοι
3224 2095 3514 2166 ἀσφαλὴς
3547 2095 3585 2162 ἡ
3612 2092 3731 2147 τῶν
3752 2093 4029 2161 κὰστρων

2454 2196 2682 2247 τούτων
2718 2193 3111 2260 κατάσχεσις,
3138 2191 3247 2255 ἕως
3270 2192 3324 2243 οἱ
3347 2191 3575 2242 τούτων
3615 2186 3902 2254 ἄρχοντες
3933 2183 4030 2236 ἐν·

2455 2286 2641 2341 ταῦθα
2664 2283 3159 2352 ἐπιχωίιιὰζουσιν
3186 2281 3233 2314 ⁸³
3255 2300 3267 2313 ·
3297 2280 3435 2335 ἀλλ’
3466 2283 3518 2332 ει
3539 2279 3753 2343 βούλει
3777 2275 4035 2339 βε6α¹ως

2454 2377 2766 2439 δεσπόζειν
2795 2377 3014 2436 αὐτῶν.
3039 2376 3291 2439 τούτους
3320 2370 3537 2427 θᾶττον
3555 2368 3704 2436 πρὸς
3732 2368 4035 2436 sipara-iar-

2455 2471 2745 2540 δεσμίους
2768 2471 3157 2524 ἀπόστειλον.
3201 2464 3452 2526 Πεισθεὶς
3488 2459 3581 2516 οὖν
3611 2463 3723 2524 τοῖς
3771 2458 4036 2519 τοιούτοις

2456 2566 2690 2632 λόγοις,ό
2725 2563 2823 2634 ρὴξ
2846 2563 3061 2624 ἁλύσεις
3086 2562 3377 2629 διωρίσατο
3418 2557 3698 2625 συντόμως
3725 2550 4035 2623 χαλκευθῆ-

2456 2673 2545 2709 ναι
2576 2655 2650 2716 ὡς
2684 2656 2775 2707 ἐπὶ
2803 2654 2961 2723 χρείᾳ
2989 2652 3392 2721 κατεπειγούσῃ
3421 2648 3547 2701 τινί.
3594 2645 3739 2699 Ἰδὼν
3763 2643 3857 2696 οὖν
3876 2638 4037 2703 αὖθις

2456 2747 2485 2799 ὁ
2515 2746 2770 2808 Σολδάνος
2795 2746 2921 2807 τοὺς
2954 2745 3237 2814 ἄρχοντας,
3270 2742 3409 2797 οὐδ’
3434 2742 3523 2794 ἐτι
3547 2758 3648 2809 μοι
3677 2783 3692 2805 ,
3731 2736 3885 2805 φησὶ,
3940 2753 4039 2787 ,αι-

2458 2842 2701 2894 στεύετε
2740 2837 2871 2904 περὶ
2904 2832 2993 2890 ὧν
3025 2836 3276 2904 Ederet”,-
3310 2834 3396 2908 [Ρ.
3436 2832 3557 2905 185]
3594 2829 4041 2899 ἐρευνήσαντες

2460 2931 2615 2985 ιδετε
2654 2932 2710 2984 τί
2766 2933 2820 2985 οι
2862 2930 3110 2998 χαλκεῖς
3158 2928 3383 2991 πάντες
3440 2924 3780 2994 ἐργάζονται
3822 2919 3899 2988 τῇ
3932 2918 4042 2973 τοῦ

2452 3022 2643 3091 ρηγὸς
2664 3020 2991 3089 προστάξει
3012 3036 3029 3052 ·
3062 3020 3157 3073 καί
3199 3019 3309 3072 ἐὰν
3335 3018 3548 3085 εὕρητε
3571 3016 3824 3080 ἁλύσεις
3850 3029 3917 3066 τε
3940 3010 4042 3064 καὶ

2460 3115 2673 3183 δεσμὰ,
2689 3114 2774 3182 μὴ
2806 3114 3185 3181 ἀπιστήσητε
3208 3111 3328 3164 τῶν
3357 3110 3507 3179 πρὸς
3535 3109 3837 3174 σωτηρίαν
3870 3103 4046 3174 ὑμῶν

789 3199 1158 3267 lntelligentes
1223 3198 1404 3265 itaque
1438 3196 1652 3264 patricii
1719 3196 2034 3257 barbarum,
2094 3196 2238 3264 qttod
2282 3196 2355 3249 ita

2461 3206 2802 3274 λεγομένων
2821 3205 2985 3274 ὑμῖν.
3027 3204 3251 3266 Γνόντες
3282 3199 3373 3256 οὖν
3402 3204 3457 3253 ὲν
3486 3201 3693 3261 τούτοις
3714 3197 3805 3251 τὸν
3832 3197 4047 3266 βαρϐα-

787 3291 1017 3351 diceret,
1056 3304 1183 3343 vera
1239 3289 1411 3358 loqui,
1463 3304 1563 3342 nec
1592 3289 1659 3343 de
1709 3289 1830 3343 aliis
1867 3289 1975 3353 iam
2009 3288 2166 3342 ditiisi
2205 3298 2353 3342 sunt.

786 3380 1005 3435 Modum
1041 3396 1173 3450 ergo
1207 3381 1526 3450 quaerebant
1570 3395 1680 3449 quo
1713 3396 1891 3449 regem
1935 3380 2355 3433 ulciscerentur.

787 3476 944 3531 Brevi
981 3476 1163 3544 itaque
1188 3489 1312 3528 cum
1366 3481 1624 3527 venatum
1672 3487 1929 3541 egressus
1980 3480 2147 3535 esset,
2205 3471 2360 3525 urbis

786 3579 979 3640 portas
1011 3569 1061 3623 ei
1109 3567 1368 3621 claudunt
1408 3581 1507 3619 nec
1541 3564 1779 3632 amplius
1820 3564 2028 3634 ingredi
2070 3564 2278 3617 sinunt.
2312 3563 2360 3615 ls

785 3648 939 3725 vero,
958 3675 1080 3715 cum
1107 3659 1242 3713 nihil
1262 3660 1314 3712 in
1344 3667 1595 3727 promptu
1614 3666 1760 3712 esset
1784 3658 1927 3725 quod
1960 3656 2119 3725 quasi
2145 3656 2361 3711 ultnrus

787 3755 842 3808 in
879 3768 975 3809 eos
1022 3752 1199 3807 facere
1241 3759 1457 3820 posset,
1501 3751 1554 3804 in
1592 3749 1823 3820 patriam
1867 3749 2062 3803 iterum
2105 3765 2361 3805 reversus

786 3856 890 3902 est.

862 3939 953 3995 58.
984 3938 1209 3993 Accedit
1237 3938 1303 3991 ad
1328 3936 1588 4007 patricios
1609 3937 1903 4002 Soldanus,
1923 3937 2144 3994 indicati
2168 3939 2362 3994 secreti

791 4030 1099 4086 mercedem
1128 4039 1475 4101 accepturus.
1499 4028 1574 4083 Ea
1591 4041 1706 4084 erat
1729 4039 1785 4083 ut
1819 4030 1871 4084 in
1906 4033 2135 4100 patriam
2166 4031 2363 4085 reverti

790 4122 1265 4178 sineretur.Facta
1298 4138 1430 4193 ergo
1455 4124 1689 4178 abeundi
1728 4124 1945 4176 licentia
1977 4140 2103 4177 cum
2129 4124 2369 4178 venisset

789 4217 1204 4286 Carthaginem,
1257 4227 1587 4287 receptoque
1627 4216 1849 4285 proprio
1892 4216 2235 4285 principatu,
2270 4231 2369 4269 nec

792 4325 819 4360 τι
860 4309 1065 4363 malitia
1101 4308 1415 4371 discedens,
1452 4308 1715 4362 adversus
1742 4307 1981 4375 Capuam
2012 4314 2066 4360 et
2095 4306 2369 4359 Beneven-

792 4411 930 4464 tnnt,
982 4413 1224 4471 acceptae
1256 4402 1452 4457 salutis
1487 4403 1720 4471 gratiam
1756 4403 1824 4457 iis
1856 4403 2191 4464 redditurus,
2238 4419 2367 4473 pro-

792 4495 1077 4558 tieiscitur.
1108 4494 1272 4548 Missa
1311 4496 1379 4549 ad
1411 4511 1590 4564 regem
1621 4497 1689 4548 ab
1718 4495 2008 4565 oppidanis
2042 4498 2239 4567 legatio
2272 4512 2365 4565 pe-

2466 3316 2559 3370 ρον
2588 3300 2638 3351 οἱ
2662 3299 2922 3368 ἄρχοντες
2949 3297 3281 3369 ἀληθεύοντα
3311 3296 3431 3348 οὐδὲ
3456 3295 3592 3365 πρὸς
3615 3288 3782 3345 τᾶλλα
3804 3290 3886 3342 ἔτι
3908 3288 4048 3359 ipti-

2464 3409 2690 3460 στησαν,
2728 3393 2926 3466 τρόπον
2960 3392 3014 3443 δὲ
3051 3392 3275 3458 ἐζήτουν
3307 3389 3455 3449 ὅπως
3487 3388 3579 3440 τὸν
3611 3387 3753 3455 ρῆγα
3790 3382 4049 3449 ἀμύνων-

2462 3502 2573 3537 ται.
2606 3484 2717 3538 Καὶ
2749 3484 2809 3553 δὴ
2843 3486 2959 3553 μετ’
2998 3484 3179 3551 ὀλίγον
3211 3483 3348 3552 πρὸς
3380 3480 3703 3549 κυνηγέσιον
3732 3474 4047 3540 ἐξελθόντος

2463 3576 2651 3638 αὐτοῦ,
2689 3576 3041 3629 ἀποκλείουσι
3071 3575 3193 3628 κατ’
3224 3573 3389 3627 αὑτοῦ
3417 3571 3518 3634 τὰς
3544 3570 3718 3631 πύλας
3742 3569 3833 3619 καὶ
3853 3567 4048 3618 οὐκέτι

2462 3669 2562 3736 τὴν
2586 3666 2791 3719 εἴσοδον
2818 3664 3191 3735 συγχωροῦσιν
3210 3661 3378 3730 αύτῷ.
3410 3661 3469 3712 Ὀ
3494 3658 3552 3711 δὲ
3574 3657 3737 3725 μηδὲν
3762 3658 3827 3708 ὲκ
3848 3654 4052 3706 τούτου

2466 3759 2805 3829 παραχρῆμα
2852 3758 3150 3825 δυνάμενος
3203 3750 3511 3819 πράξασθαι
3562 3750 3698 3819 πρὸς
3740 3748 3838 3815 τὴν
3906 3748 4055 3798 ἰδίαν

2467 3851 2653 3923 χώραν
2679 3848 2836 3912 αὖθις
2871 3848 3336 3916 ἁνθυπενόστησε.

2540 3938 2639 4011 νη’.
2674 3938 2961 4011 Πρόσεισιν
2990 3934 3084 3990 οὖν
3112 3938 3225 3998 τοῖς
3276 3935 3535 4004 ἄρχουσιν
3558 3934 3586 3984 ό
3635 3930 3919 3991 Σολδὰνος,
3952 3930 4059 3998 τὴν

2468 4031 2627 4100 χάριν
2648 4030 2746 4096 τῆς
2772 4028 3055 4098 μηνύσεως
3100 4023 3348 4080 ἀπαιτῶν
3369 4038 3383 4052 ’
3413 4024 3447 4091 ἡ
3491 4022 3547 4073 δὲ
3584 4017 3652 4090 ἦν
3690 4020 3752 4071 τὸ
3781 4018 3919 4087 πρὸς
3953 4019 4060 4087 τὴν

2468 4120 2677 4172 οἰκείαν
2726 4117 2962 4185 πατρίδα
3008 4112 3432 4183 συγχωρηθῆναι
3493 4111 3640 4180 αὐτῷ
3672 4109 3717 4142 ⁸⁸
3767 4108 4059 4163 ἀπελθεῖν,

2471 4209 2854 4281 Συγχωρηοεὶς
2878 4207 2971 4264 οὖν
3006 4212 3099 4265 καὶ
3126 4214 3265 4264 κατά
3293 4211 3615 4282 Καρχηδόνα
3646 4208 3941 4279 γενόμενος
3959 4209 4063 4261 καὶ

2471 4307 2569 4375 τὴν
2598 4306 2802 4357 οίκείαν
2856 4306 3033 4378 ἀρχὴν
3082 4307 3374 4361 ἀπολαϐὼν
3404 4308 3498 4359 καὶ
3546 4304 3643 4358 τοῦ
3691 4305 3859 4365 κακὸς
3909 4298 4067 4354 εἰναι

2474 4401 2548 4469 μὴ
2586 4399 2783 4460 ἐκστὰς
2820 4396 3175 4467 ἐκστρατεύει
3200 4396 3343 4449 κατὰ
3365 4394 3599 4465 Καπύης
3618 4410 3678 4446 τε
3708 4394 3755 4425 ⁸⁸
3783 4392 3878 4444 καὶ
3902 4390 4070 4443 Βενε-

2472 4492 2681 4556 ϐενδού,
2707 4492 2774 4543 τὰ
2800 4490 3130 4560 χαριστήρια
3157 4487 3369 4550 τούτοις
3397 4487 3496 4551 τῆς
3550 4486 3822 4555 σωτηρίας
3859 4483 4070 4535 ἀποδι-

792 4588 952 4641 titum
980 4588 1182 4640 auxilia
1211 4607 1222 4640 :
1254 4603 1443 4642 verum
1500 4586 1713 4642 dimissi
1747 4589 2146 4644 contumeliose
2184 4590 2358 4659 legati,

2474 4585 2618 4649 δούς.
2657 4586 2718 4637 Οἱ
2747 4584 2803 4637 δὲ
2852 4582 2989 4653 πρὸς
3036 4582 3128 4635 τὸν
3156 4583 3300 4650 ρῆγα
3332 4578 3843 4647 διαπρεσϐεύιινται.
3888 4577 4070 4628 Ἀλλὰ

795 4680 1031 4732 addente.
1089 4694 1215 4748 rege
1268 4678 1483 4732 illorum
1540 4694 1597 4732 se
1652 4679 1823 4749 magis
1877 4680 2141 4752 gratulari
2176 4681 2362 4735 exitio.

797 4772 1017 4824 Mittunt
1060 4771 1246 4841 itaque
1294 4771 1504 4824 arcium
1538 4770 1777 4840 praefecti
1812 4772 2064 4825 nuntium
2093 4773 2159 4827 ad
2189 4773 2365 4842 impe-

796 4873 1060 4917 ratorem.
1098 4864 1144 4919 Is
1178 4879 1362 4932 porro,
1398 4864 1643 4919 humano
1665 4879 1792 4919 cum
1817 4876 1964 4919 esset
1988 4880 2271 4934 pronoque
2298 4866 2365 4919 ad

800 4955 1166 5009 miserendum
1200 4955 1446 5029 ingenio,
1478 4956 1665 5009 statim
1708 4954 1947 5023 legatum
1981 4957 2208 5008 remittit
2230 4971 2371 5008 nun—

798 5049 1062 5099 tiatnrntn
1089 5056 1147 5100 ut
1176 5048 1241 5099 ad
1271 5064 1328 5101 se
1350 5048 1497 5101 brevi
1525 5047 1787 5100 mittenda
1816 5048 2018 5102 auxilia
2038 5059 2377 5117 exspectent.

799 5137 1029 5208 Capitur
1068 5139 1243 5193 nuntii
1282 5141 1535 5193 minister
1568 5140 1635 5194 ab
1665 5141 1950 5204 hostibus,
1992 5140 2232 5194 nondum
2258 5156 2381 5210 per-

801 5229 915 5283 lato
945 5244 1214 5299 responso
1260 5232 1326 5283 ad
1370 5246 1465 5284 eos
1522 5246 1549 5284 a
1611 5231 1814 5300 quibus
1864 5233 2068 5285 missus
2110 5240 2245 5284 erat.
2278 5232 2377 5285 Cui

803 5320 1100 5376 Soldanus:
1129 5322 1187 5377 Si
1214 5338 1341 5377 mea‘
1370 5324 1628 5376 coluntati
1655 5340 1851 5377 merent
1883 5325 2251 5394 gesseris,cum
2291 5342 2379 5378 sa-

2480 4678 2600 4747 μεθ’
2630 4677 2837 4747 ὕϐρεως
2869 4675 3314 4742 ἀποπέμπονται,
3373 4671 3678 4741 ἐπιχαίρειν
3707 4670 3961 4729 εἰπόντος
3992 4672 4069 4739 τῇ

2475 4771 2721 4841 ἀπωλείᾳ.
2748 4768 2944 4822 αὐτῶν.
2980 4767 3297 4821 Στέλλουσιν
3324 4765 3553 4833 ἄγγελον
3582 4764 3717 4834 πρὸς
3740 4762 3831 4815 τὸν
3875 4762 3925 4794 ⁸⁸
3964 4762 4042 4831 βα
4062 4792 4076 4803 -

2478 4865 2629 4917 σιλέα
2665 4866 2715 4917 οἱ
2753 4866 2861 4916 τῶν
2903 4864 3162 4917 τοιούτων
3203 4865 3457 4933 κάπρων
3492 4860 3874 4931 ὲξηγούμενοι.
3908 4860 4077 4927 Συμο

2478 4958 2655 5029 παθὴς
2703 4958 2796 5012 οὖν
2852 4958 2880 5009 ὁ
2915 4956 3167 5029 βασιλεὺς
3198 4958 3293 5010 καὶ
3326 4955 3705 5026 φιλάνθρωπος
3751 4952 3828 5006 ὣν
3859 4952 4077 5005 θᾶττον

2477 5052 2751 5120 ἐκπέμπει
2788 5051 2878 5104 τὶν
2918 5050 3260 5122 πρεσὸευτὴν
3289 5048 3596 5119 δηλώσοντα
3635 5047 3849 5106 τούτοις
3881 5062 4077 5115 προσ-

2476 5143 2726 5213 δέχεσθαι
2780 5143 3061 5212 συντόμως
3120 5143 3220 5210 τὴν
3244 5139 3493 5193 ἐντεῦθεν
3533 5139 3807 5208 βοήθειαν.
3838 5136 4080 5190 Γίνεται

2477 5235 2533 5287 δὲ
2554 5238 2666 5298 τοῖς
2700 5235 2978 5304 πολεμίοις
3010 5233 3283 5304 ἐγκρατὴς
3325 5235 3353 5285 ὁ
3384 5232 3481 5301 τῆς
3524 5231 3783 5298 ἀγγελίας
3812 5230 4082 5291 διάκονος

2480 5326 2587 5394 πρὸ
2645 5324 2737 5378 τοῦ
2788 5323 2973 5377 δοῦναι
3010 5326 3110 5386 τὰς
3165 5322 3493 5391 ἀποκρίσεις
3520 5323 3631 5383 τοῖς
3677 5320 4079 5371 ἀποστείλασι.

803 5414 965 5467 latent
999 5424 1109 5467 tum
1146 5430 1262 5469 vero
1295 5431 1516 5467 munera
1550 5430 1614 5467 ex
1663 5432 1744 5469 me
1774 5416 2126 5485 consequeris.
2174 5416 2358 5468 Assen

2478 5420 2639 5486 Λέγει
2662 5414 2756 5471 οὖν
2789 5418 2923 5485 πρὸς
2948 5416 3110 5469 αὐτὸν
3129 5418 3157 5469 ὁ
3182 5415 3439 5478 Σολδὰνος
3458 5414 3532 5476 ὼς
3563 5415 3627 5467 Et
3652 5410 4085 5479 ὑπηρετήσεις

808 5507 977 5561 tiente
1009 5506 1127 5568 illo,
1163 5521 1225 5559 ac
1249 5507 1513 5575 quidquid
1543 5507 1773 5575 jusserit
1806 5506 1967 5577 297
2005 5506 2279 5560 facturum
2320 5525 2358 5559 si

2472 5529 2592 5581 μου
2614 5509 2692 5576 τῷ
2720 5510 3088 5577 βουλήματι,
3133 5508 3233 5561 καὶ
3266 5508 3565 5576 σωτηρίας
3610 5504 3937 5571 ἀξιωθήσῃ
3974 5504 4085 5555 καὶ

808 5598 1119 5664 pollicente:
1152 5599 1303 5657 Volo.
1339 5600 1537 5669 inquit,
1568 5612 1623 5655 ut
1650 5612 1803 5654 extra
1832 5617 2008 5654 muros
2063 5602 2358 5654 constitutis

2478 5602 2717 5671 δωρεῶν
2769 5603 3162 5667 ἀπολαύσεις.
3215 5599 3323 5652 Τοῦ
3348 5599 3406 5652 δὲ
3441 5598 3773 5668 συνθεμένου
3809 5595 3874 5649 τὸ
3903 5612 4088 5647 κεκε-

806 5692 859 5742 in
900 5691 1009 5744 lucc
1037 5695 1187 5746 t-crba
1236 5695 1367 5747 cites
1399 5695 1691 5763 al’oquaris
1718 5708 1733 5744 :
1770 5694 1875 5760 Ego
1906 5694 2115 5762 quidem
2148 5695 2358 5749 ministe

2478 5695 2773 5763 λευσμὲνον
2798 5694 2944 5746 itan
2978 5693 3167 5754 ποιεῖν,
3200 5691 3518 5759 Βούλομαι,
3553 5689 3679 5757 ἔφη,
3716 5686 3953 5755 στῆναί
4007 5702 4093 5738 σε

2074 5785 2309 5841 V’ARUE
2356 5786 2758 5843 LECTIONES.

1923 5879 1965 5911 ⁸⁵
2006 5895 2062 5931 τε
2095 5894 2202 5935 om.
2250 5877 2307 5936 Ρ.
2387 5881 2427 5912 ⁶⁶
2458 5880 2547 5931 τὸν
2572 5896 2679 5933 om.
2715 5880 2778 5934 Α.

849 5876 891 5905 ⁸³
924 5876 1350 5948 ἐγχινιριὰζονσιν
1521 5879 1563 5907 ⁸⁵³
1594 5877 1753 5933 αὑτὸν
1779 5880 1843 5933 Α,
