4154 6446
153 382 233 445 31'!

1208 373 1354 432 LIB.
1392 372 1455 432 ν.
1481 395 1549 405 ο·-
1587 371 1941 430 BASILIUS
1978 372 2301 433 MACEDO.

3278 379 3385 443 318

151 495 259 565 περὶ
305 494 494 547 τούτου
538 494 651 554 τοῖς
679 490 958 559 πολεμίοις
1006 488 1269 557 αἰφνίδιον
1329 487 1697 556 ἐπιφαίνεται,

1811 485 2038 540 navibus
2067 500 2207 554 opus
2236 488 2506 543 accelerat
2536 526 2550 551 ,
2591 488 2950 560 hostibusque
2973 489 3258 545 nihildum
3280 493 3387 549 tale

153 589 224 642 καὶ
251 586 483 655 συγχέας
504 585 684 639 αὐτῶν
709 584 787 654 τῷ
809 583 916 636 δέει
947 582 1074 643 τοὺς
1104 582 1400 650 λογισμοὺς
1441 580 1529 634 διά
1557 595 1615 631 τε
1643 578 1702 632 τὸ

152 685 198 734 lx
217 681 313 747 τῆς
350 678 624 749 προτέρας
659 676 835 743 μάχης
868 676 987 736 δέος
1024 673 1117 725 καὶ
1143 673 1230 725 διὰ
1257 674 1318 725 τὸ
1361 672 1461 739 τῆς
1512 670 1701 738 ἐφόδου

152 769 432 838 ἀπρόοπτον
459 766 546 838 [Ρ.
579 766 705 837 186]
745 765 864 818 οὐδὲ
897 764 1159 832 συστῆναι
1183 763 1275 814 καὶ
1299 761 1469 829 ἀλκῆς
1495 760 1706 830 μεμνῆ-

153 863 252 916 σθαι
288 860 567 923 παντελῶς
593 857 999 927 συνεχώρησεν,
1033 857 1169 910 ἀλλὰ
1218 856 1315 918 τὰς
1347 856 1442 923 μὲν
1489 870 1704 922 πυρπο-

152 953 315 1016 λήσας.
362 954 458 1014 τὰς
485 952 544 1005 δὲ
590 948 1018 1010 καταποντῶσας
1070 948 1179 1000 τῶν
1234 948 1507 1015 πολεμίων
1545 946 1703 1006 νεῶν,

152 1046 224 1097 καὶ
248 1044 357 1095 τῶν
387 1042 680 1111 βαρϐάρων
711 1042 834 1101 τοὺς
881 1040 979 1107 μὶν
1030 1037 1234 1091 ἀνελὼν
1265 1037 1343 1105 τῷ
1384 1038 1546 1104 ξίφει,
1579 1036 1706 1097 τοὺς

151 1138 192 1190 δέ
215 1136 575 1205 ὑποϐρυχίους
600 1135 678 1203 τῷ
709 1133 855 1203 βυθῷ
911 1133 1297 1203 ποιησάμενος,
1324 1131 1417 1182 καὶ
1460 1131 1547 1180 τὸν
1578 1126 1703 1179 τού-

150 1247 233 1283 των
263 1228 509 1297 ἀρχηγὸν
562 1225 789 1291 ἀνελὼν,
837 1225 965 1287 τοὺς
994 1225 1215 1286 λοιποὺς
1246 1220 1703 1288 διασκεδασθῆναι

152 1321 264 1374 κατὰ
281 1321 381 1388 τὴν
407 1320 570 1387 νῆσον
597 1318 908 1388 ἠνάγκασεν
929 1334 942 1346 ⁸
976 1315 1068 1378 οὓς
1098 1314 1438 1384 σαγηνεύσας
1480 1312 1604 1363 ὗστε
1616 1328 1704 1378 ρον

151 1416 225 1467 καὶ
247 1412 474 1479 {carpebat
503 1411 778 1480 διαφόροις
811 1408 1106 1477 τιμωρίαις
1150 1405 1409 1459 ὑπὲὅαλε.
1445 1404 1565 1455 Τῶν
1605 1404 1705 1472 μὲν

153 1505 238 1573 γὰρ
257 1505 302 1535 ⁷⁸
335 1504 437 1570 τὴν
465 1504 565 1570 τῆς
589 1501 790 1568 σαρκὸς
831 1500 1047 1552 ἀπέωσε
1080 1498 1266 1566 δορὰν,
1321 1494 1550 1564 μάλιστα
1597 1494 1705 1545 τῶν

151 1595 521 1662 ἀρνησαμένων
558 1595 617 1646 τὸ
649 1593 929 1661 βάπτισμα
963 1591 1057 1643 τοῦ
1085 1588 1347 1657 Χριστοῦ,
1388 1586 1546 1639 τοῦτο
1575 1585 1705 1652 παρ’

150 1687 304 1739 αὐτῶν
331 1686 685 1754 ἀφαιρεῖσθαι
722 1684 918 1750 λέγων,
954 1683 1049 1735 καὶ
1079 1681 1231 1734 ούδέν
1252 1678 1429 1732 αὐτῶν
1454 1678 1582 1729 ἴδιον
1603 1693 1615 1704 ·
1641 1677 1705 1727 ἐκ

148 1774 193 1826 δέ
214 1775 310 1826 τῶν
371 1776 601 1842 ἱμάντας
635 1773 745 1826 ἀπὸ
794 1772 886 1825 τοῦ
941 1771 1075 1825 ίνίου
1104 1772 1148 1802 ⁷³
1181 1771 1306 1840 ἄχρι
1342 1768 1451 1820 τῶν
1482 1763 1704 1834 σφυρῶν

1811 578 1941 647 quid
1978 578 2343 647 COgitantibus
2375 588 2470 633 aut
2502 583 2836 648 praemonitis
2879 591 3103 652 repente
3141 582 3386 652 ingruit;

1811 665 2160 737 itnpletisque
2206 678 2417 723 terrore
2455 684 2646 722 eorum
2679 672 2880 727 animis
2934 683 3046 726 tum
3078 673 3149 728 ob
3186 673 3387 743 prioris

1811 775 2004 829 pugna:
2033 762 2310 830 cladisque
2347 774 2624 816 recentem
2656 765 3003 829 memoriam,
3047 774 3161 821 tum
3203 765 3276 821 ob
3301 766 3386 820 iit-

1810 860 2177 917 exspectatam
2214 851 2594 920 irruptiouem,
2648 868 2750 907 nec
2804 856 2952 908 coire
3006 871 3107 909 nec
3159 871 3387 926 prorsus

1815 943 2159 997 fortitudinis
2207 945 2522 1000 meminisse
2564 946 2833 1014 permisit,
2876 947 2968 999 sed
3000 950 3214 1001 navium
3260 947 3388 1003 aliis

1815 1038 1939 1105 igne
1965 1036 2275 1102 absumptis
2332 1038 2454 1091 aliis
2483 1038 2811 1097 sul-mersis.
2851 1038 3207 1107 ipsorumque
3256 1039 3387 1093 bar-

1812 1127 2073 1181 barorum
2124 1128 2246 1181 aliis
2290 1142 2421 1181 ense
2455 1130 2702 1191 sublatis,
2740 1130 2864 1184 aliis
2904 1130 3071 1183 maris
3117 1128 3387 1199 profundo

1812 1219 2027 1280 mersis,
2072 1220 2299 1288 ipsoque.
2334 1222 2552 1274 illorum
2588 1222 2728 1274 duce
2764 1222 3115 1289 interempto.
3145 1221 3385 1289 reliquos

1812 1326 1907 1380 per
1964 1311 2197 1365 insulam
2253 1313 2508 1377 dissipari
2576 1314 2791 1381 cnegit;
2853 1326 2993 1381 quos
3027 1314 3173 1381 ipsos
3202 1322 3387 1381 postea

1812 1401 1954 1454 intra
1990 1417 2176 1456 casses
2209 1403 2434 1457 adactos
2469 1417 2533 1456 ac
2583 1404 2742 1472 quasi
2770 1414 2967 1457 venatu
3026 1419 3090 1459 ac
3133 1403 3386 1473 indagine

1810 1506 2000 1563 captos
2024 1496 2258 1551 diversis
2288 1497 2570 1566 suppliciis
2613 1497 2869 1563 subjecit.
2908 1497 3043 1551 Aliis
3069 1507 3250 1552 cutem
3283 1497 3385 1551 de-

1812 1590 2000 1652 trahit,
2048 1591 2117 1643 iis
2164 1591 2397 1643 maxime
2428 1592 2521 1659 qui
2564 1589 2761 1658 ejnrati
2793 1589 3001 1643 Christi
3041 1589 3385 1655 baptismatis

1814 1682 1888 1735 rei
1928 1691 2132 1743 essent,
2168 1683 2271 1735 hoc
2310 1682 2379 1735 ab
2404 1683 2484 1736 eis
2538 1680 2764 1744 auferri,
2819 1696 2927 1735 non
2955 1695 3143 1735 eorum
3180 1681 3383 1750 aliquid

1811 1771 2115 1840 proprium,
2156 1772 2367 1826 dicens.
2429 1773 2563 1827 Aliis
2595 1772 2860 1842 corrigias
2911 1771 2982 1826 ab
3012 1770 3269 1840 occipitio
3312 1772 3380 1826 ad

148 1865 247 1936 μετ’
266 1866 460 1935 ὀδύνης
486 1865 733 1934 δριμείας
760 1864 1063 1926 ἐξείλκυενο
1090 1864 1283 1924 ἄλλους
1306 1861 1361 1913 δὲ
1380 1857 1694 1925 κηλωνείοις

1811 1863 1963 1918 Jedes
2001 1878 2176 1931 usque
2231 1863 2564 1932 malleosque
2605 1867 2802 1919 acerbo
2842 1865 3088 1920 cruciatu
3120 1863 3378 1918 extrahe-

146 1960 262 2011 τισὶν
276 1957 519 2026 αἰωρῶν,
543 1953 660 2009 εἶτα
680 1957 789 2010 άπὸ
815 1955 908 2008 τοῦ
940 1954 1214 2024 μετεώρου
1238 1952 1375 2020 πρὸς
1399 1950 1629 2016 λέϐητας
1646 1947 1693 1980 ⁸⁸

146 2050 323 2118 πίσσης
374 2050 609 2117 μεστοὺς
647 2048 932 2118 ἐμϐάλλων
984 2064 1042 2099 τε
1076 2047 1169 2098 καὶ
1215 2044 1393 2105 ώθῶν,
1438 2043 1529 2095 τοῦ
1566 2041 1695 2093 ἰδίου

146 2143 305 2203 αὐτοῖς
334 2143 677 2209 μεταδιδόναι
704 2140 1079 2210 βαπτίσματος
1106 2138 1260 2205 ἔλεγε
1294 2135 1387 2190 τοῦ
1419 2134 1697 2189 ἐπωδύνου

144 2235 223 2284 καὶ
249 2233 504 2303 ζοφεροῦ.
533 2232 720 2295 Οὕτως
748 2228 841 2286 οὖν
870 2232 1384 2299 κατακερτομήσας,
1440 2228 1533 2280 καὶ
1561 2227 1697 2279 ἁναο

145 2325 312 2391 λόγους
335 2326 380 2357 ⁸⁸
406 2325 515 2378 τῶν
546 2325 921 2395 ὲργασθὲντων
958 2324 1140 2385 αὐτοῖς
1175 2323 1366 2382 ποινὰς
1398 2318 1698 2388 εἰσπραξά-

146 2433 304 2486 μενος,
358 2418 455 2470 τοῦ
488 2419 581 2470 καί
611 2413 765 2479 αὖθις
798 2416 938 2469 κατὰ
966 2415 1066 2483 τῆς
1101 2412 1416 2480 Ῥωμαϊκῆς
1466 2412 1699 2480 ἐπικρα-

144 2509 273 2572 τείας
301 2508 690 2579 ἐκστρατεύειν
715 2509 815 2559 ούκ
845 2507 1023 2573 ὀλίγον
1047 2506 1165 2568 δέος
1198 2505 1468 2557 ἐνέϐαλεν.

204 2603 291 2670 ξβν.
328 2602 473 2654 Ἀλλ’
503 2602 676 2665 οὕτως
715 2603 813 2666 μέν
844 2600 914 2650 τὰ
963 2599 1312 2669 μεσημϐρινὰ
1359 2598 1703 2650 διεσκέδαστο

147 2692 440 2760 πνεύματα.
468 2695 561 2745 καὶ
590 2692 870 2753 άκλύστως
893 2690 1140 2743 ἐντεῦθεν
1175 2691 1234 2741 τὸ
1264 2688 1357 2740 τοῦ
1395 2688 1703 2758 Ῥωμαῖκοῦ

143 2783 355 2849 κράτους
378 2783 587 2850 σκάφος
616 2782 880 2851 ηὑθύνετο
899 2797 915 2810 ·
947 2782 1011 2832 ἐκ
1036 2780 1091 2831 δὲ
1115 2779 1215 2847 τῆς
1252 2778 1522 2847 Ἐσπέρας
1547 2777 1704 2839 αὖθις

141 2874 329 2927 κλύδων
383 2874 563 2937 δεινὸς
610 2876 958 2944 ἐπηγείρετο.
1027 2870 1085 2923 '0
1140 2873 1248 2939 γὰρ
1304 2871 1404 2936 τῆς
1442 2869 1705 2938 Ἀφρικῆς

140 2966 523 3035 ἀμερμουμνῆς
555 2964 934 3033 παμμεγέθεις
974 2963 1104 3024 ναῦς
1132 2964 1397 3031 ἐξήκοντα
1442 2961 1532 3012 τὸν
1586 2963 1707 3029 ἀρι-

138 3057 258 3124 θμὸν
288 3062 852 3124 κατασκευασάμενος
870 3056 914 3088 ⁸⁸
947 3056 1086 3107 κατὰ
1108 3059 1204 3123 τῆς
1245 3052 1559 3122 Ῥωμαϊκῆς
1587 3055 1708 3106 ἐπιι

1796 1956 1908 2009 bat.
1951 1956 2101 2011 Alios
2130 1956 2498 2011 tollenonibus
2547 1957 2879 2026 quibusdam
2928 1957 3251 2019 sustollens,
3293 1957 3376 2011 sic

1798 2062 1861 2102 ex
1893 2047 2003 2100 alto
2039 2048 2091 2100 in
2127 2048 2326 2101 lebetes
2374 2048 2492 2116 pice
2524 2049 2715 2116 plenos
2748 2048 3001 2117 injiciens
3029 2048 3375 2116 pellensque,

1798 2139 1918 2208 ipso
1953 2139 2168 2193 illorum
2222 2140 2550 2208 baptismate
2579 2141 2704 2195 illos
2760 2141 3119 2209 seimpartiri
3176 2141 3380 2201 aiebat,

1798 2242 2112 2303 quanquam
2169 2232 2366 2287 acerbo
2409 2241 2463 2287 et
2490 2234 2813 2303 caliginoso.
2858 2231 2952 2287 Sic
3009 2234 3409 2297 subsannans,

1802 2339 1865 2379 ac
1892 2338 1991 2393 pro
2010 2323 2313 2378 facinorum
2340 2326 2550 2379 ratione
2583 2325 2785 2380 debitis
2816 2326 2996 2395 poenis
3025 2326 3379 2385 excrucians.

1802 2432 1910 2469 non
1947 2417 2115 2470 levem
2148 2417 2398 2471 timorem
2432 2417 2643 2487 injecit,
2678 2432 2746 2470 ne
2780 2419 3041 2487 deinceps
3068 2419 3379 2472 Romanam

1802 2512 2064 2563 ditionem
2095 2513 2264 2564 armis
2298 2508 2559 2564 infestare
2590 2526 2654 2565 ac
2686 2511 2921 2579 diripere
2944 2511 3203 2565 audeant.

1874 2600 1962 2655 6‘3.
2028 2602 2139 2656 Hoc
2195 2604 2354 2656 modo
2423 2601 2745 2656 meridianis
2795 2600 3017 2656 ﬂatibus
3073 2601 3383 2671 dissipatis,

1810 2692 2036 2747 Romani
2082 2694 2295 2763 imperii
2322 2694 2475 2747 navis
2500 2709 2529 2746 a
2561 2694 2847 2763 nanlragio
2869 2702 2981 2745 tnta
3021 2693 3380 2762 dirigebatur.

1807 2784 1882 2837 Ex
1907 2783 2200 2837 Occidente
2245 2798 2386 2837 saeva
2414 2798 2604 2837 rursus
2647 2782 2881 2851 procella
2908 2780 3069 2850 302
3104 2782 3382 2844 exoritur.

1811 2876 2003 2930 Africa:
2038 2891 2274 2944 namque
2302 2888 2713 2929 amermumnes
2739 2873 2949 2941 magnis
2975 2874 3208 2926 navibus
3230 2886 3388 2927 sexa-

1808 2972 1962 3040 ginta
2045 2970 2350 3022 instructus
2428 2966 2734 3019 Romanam
2803 2964 3069 3019 ditionem
3145 2964 3381 3029 invasit;

1809 3072 2117 3133 citnrtaque
2157 3064 2438 3132 intcrjecta
2479 3062 2743 3130 diripiens
2793 3075 2857 3114 ac
2917 3060 3103 3114 multis
3132 3060 3384 3115 adductis

138 3155 382 3218 κρατείας
417 3151 729 3219 ἐξώρμησε,
763 3149 855 3202 καὶ
885 3148 949 3200 τά
985 3148 1186 3217 μεταξὺ
1242 3147 1560 3216 ληϊζόμενος
1613 3148 1705 3200 καὶ

1811 3158 2040 3224 captivis
2071 3156 2135 3209 ad
2168 3155 2556 3222 Cephaleniam
2600 3171 2775 3223 usque
2806 3170 2868 3210 ac
2922 3153 3261 3223 Zacynthum
3297 3153 3385 3206 in-

135 3243 286 3295 πολλέι
322 3243 561 3309 σώματα
584 3242 876 3310 λαμδάνων
916 3242 1236 3309 αἰχμάλωτα
1282 3240 1407 3308 ἄχρι
1449 3241 1706 3311 Κεφαλη-

135 3331 239 3392 νίας
262 3332 355 3382 καὶ
390 3330 675 3384 Ζακύνθου
704 3329 810 3381 τῶν
860 3331 1041 3398 νήσων
1076 3329 1320 3395 ἀφίκετο.
1355 3329 1533 3395 ’Λπερ
1562 3328 1705 3395 ἀκη-

131 3421 258 3486 κοὼς
286 3424 316 3475 ὀ
368 3423 631 3493 βασιλεὺς
687 3421 971 3491 συντόμως
1003 3419 1140 3489 πρὸς
1170 3421 1270 3489 τὴν
1311 3420 1566 3489 βοήθειαν
1624 3421 1705 3471 δι-

130 3516 426 3577 ανίσταται,
469 3516 566 3566 καὶ
597 3516 691 3566 τὸν
720 3514 827 3565 τῶν
850 3511 1122 3565 ναυτικῶν
1153 3505 1395 3581 ἡγεμόνα
1421 3511 1708 3579 δυνάμεων

130 3607 337 3677 (Νάσαρ
388 3608 450 3660 δὲ
487 3600 648 3668 οὗτος
696 3601 784 3676 ἦν)
840 3603 979 3673 μετὰ
1030 3604 1313 3672 δυνάμεως
1363 3602 1708 3671 ἐκπέμπει⁸³

128 3700 303 3769 ἁδρᾶς,
329 3702 590 3771 τριήρων
620 3716 679 3750 τε
704 3699 801 3750 καὶ
830 3698 1030 3766 διηρων
1066 3696 1161 3747 καὶ
1212 3694 1387 3747 ἄλλων
1424 3696 1557 3745 νεῶν
1607 3712 1708 3748 τα-

125 3792 513 3859 χυναυτουσῶν
567 3789 777 3856 πλῆθος
827 3786 1288 3857 ἐξαρτυσάμενος.
1335 3786 1608 3855 Σύντομον
1651 3788 1708 3840 δὲ

121 3880 200 3932 τὸν
237 3882 491 3935 ἔκπλουν
525 3882 555 3933 ὁ
607 3881 800 3949 Νάσαρ
832 3878 1149 3947 πεποιηκὼς
1185 3880 1279 3931 καὶ
1313 3880 1510 3941 αἰσίοις
1559 3898 1710 3949 χρη-

125 3973 347 4038 σάμενος
392 3972 683 4039 πνεύμασι
720 3969 788 4023 δι’
820 3970 1002 4036 ὀλίγου
1057 3970 1155 4039 μὲν
1200 3971 1393 4039 χρόνου
1446 3970 1541 4041 τὴν
1597 3972 1710 4023 Με-

119 4060 284 4131 θώνην
332 4062 642 4122 κατέλαϐε,
678 4061 872 4113 θᾶττον
902 4061 958 4113 δὲ
986 4061 1084 4131 τὴν
1116 4062 1257 4113 κατά
1282 4062 1391 4114 τῶν
1435 4063 1710 4132 πολεμίων

119 4153 357 4208 ἐπίθεσιν
391 4158 512 4209 dub
542 4155 795 4222 τοιαύτης
813 4155 989 4217 αἰτίας
1013 4154 1316 4226 διεκωλύθη
1341 4156 1706 4226 ποιήσασθαι’

116 4249 213 4302 τῶν
243 4251 359 4319 γάρ
397 4250 618 4319 ἐρετῶν
656 4250 759 4301 οὐκ
783 4248 952 4316 ὀλίγοι
990 4248 1127 4318 πρδς
1158 4251 1247 4301 τὸν
1297 4251 1543 4303 κίνδυνον
1572 4253 1709 4304 άπο-

116 4340 494 4404 δειλιάσαντες
519 4341 642 4393 κατ’
663 4340 877 4405 ὀλίγους
907 4338 1179 4408 λαθραίως
1209 4341 1511 4407 ἀπέφυγον,
1541 4335 1614 4395 ὧν
1643 4346 1707 4414 τῇ

115 4433 434 4501 λιιποταξίᾳ
490 4433 554 4484 τὸ
612 4432 890 4499 προσῆκον
936 4430 1100 4499 τάχος
1142 4430 1543 4500 ἀφαιρεθεισῶν
1598 4432 1709 4485 τῶν

1808 3249 1955 3300 sulas
1987 3247 2251 3314 pervenit.
2284 3244 2495 3310 Quibus
2527 3246 2728 3300 auditis
2790 3254 3088 3313 Imperator
3116 3244 3183 3296 ad
3222 3257 3379 3313 opem

1807 3339 2087 3393 ferendam
2144 3341 2549 3407 quamprimum
2605 3339 2944 3407 accingitur;
2996 3337 3384 3405 navaliumquo

1808 3433 2089 3499 copiarum
2109 3431 2298 3484 ducent
2320 3430 2584 3483 Nasnrnm
2613 3445 2735 3482 cum
2758 3428 2933 3480 valida
2961 3428 3194 3481 militum
3220 3443 3385 3481 manu

1811 3524 1993 3588 tuittit,
2046 3524 2360 3577 triremibus
2423 3537 2486 3575 ac
2519 3520 2821 3575 biremibus
2855 3521 3088 3588 aliisque
3118 3520 3386 3576 cursoriii‘

1810 3617 2045 3670 navibus
2102 3617 2277 3679 iisque
2316 3615 2506 3668 multis
2547 3615 2831 3681 stipatum.
2865 3612 3038 3666 Celeri
3083 3611 3256 3666 Nasar
3284 3627 3385 3665 na-

1810 3712 2082 3778 vigatione
2114 3709 2401 3775 ventisque
2427 3706 2685 3760 secundis
2722 3720 2855 3759 usus
2896 3706 3042 3758 brevi
3070 3703 3382 3759 Methonam

1809 3802 1998 3857 venit:
2028 3816 2095 3855 ne
2148 3810 2326 3854 tamen
2373 3799 2537 3851 citius
2575 3799 2758 3851 hostes
2807 3798 3216 3867 aggrederetur,
3279 3795 3386 3849 tale

1811 3896 1941 3963 quid
1969 3894 2257 3948 obstaculo
2307 3891 2427 3943 fuit.
2468 3890 2582 3944 Non
2622 3891 2778 3959 pauci
2819 3890 3112 3958 remigum,
3156 3887 3385 3957 periculi

1814 3995 1956 4039 metu
1984 3983 2253 4042 deterriti.
2282 3982 2495 4036 occulte
2542 3981 2803 4049 paulatim
2855 3980 3220 4046 ditl‘ugerant;
3247 3994 3390 4045 quo-

1813 4089 1932 4126 rum
1962 4071 2291 4134 desertione,
2332 4072 2568 4123 navibus
2604 4084 2667 4123 ea
2698 4085 2821 4138 quae
2859 4070 3077 4123 deceret
3109 4069 3389 4124 celeritate

1814 4164 2146 4224 terentibus,
2200 4164 2486 4216 deficiente
2532 4162 2700 4216 remis
2753 4161 3162 4230 impellentibus
3218 4160 3388 4215 vehe.

1813 4256 1980 4310 menti
2008 4256 2062 4309 itt
2106 4256 2316 4309 hostem
2348 4255 2551 4322 impetu
2578 4284 2593 4319 -,
2638 4253 2779 4307 haud
2811 4267 2991 4321 operae
3017 4252 3249 4321 pretium
3284 4266 3387 4320 pu-

1816 4348 1951 4400 tat-it
1995 4347 2076 4401 sic
2120 4346 2262 4398 male
2302 4345 2575 4397 instructa
2607 4342 2785 4397 classe
2814 4356 2940 4395 cum
2973 4341 3223 4396 hostibus
3254 4355 3377 4395 con-

1816 4439 1987 4509 gredi,
2019 4450 2244 4504 rcmqne
2276 4436 2410 4489 adeo
2460 4450 2556 4505 per
2588 4435 2819 4489 celerem
2858 4449 3144 4488 cursorem
3174 4432 3386 4486 denun-

116 4522 258 4587 νεῶν,
284 4525 367 4593 μὴ
402 4522 663 4591 ἐχουσῶν
692 4521 792 4589 τὴν
821 4520 961 4589 μετὰ
994 4520 1175 4590 ῥοθίου
1209 4521 1305 4573 σὺν
1333 4523 1551 4594 ὀξύτητι
1570 4524 1709 4577 κατὰ

1821 4533 1959 4586 tiare
2017 4531 2199 4584 studet
2238 4528 2579 4597 imperatori.
2642 4527 2754 4589 llle,
2800 4526 2984 4580 missis
3018 4534 3264 4595 prompte
3293 4522 3389 4593 qui

112 4614 209 4667 τῶν
232 4614 524 4668 ἐναντίων
577 4612 859 4677 ἐπέλασιν,
915 4613 1017 4665 οὐκ
1048 4613 1230 4681 ἔκρινε
1272 4614 1386 4666 δεῖν
1430 4617 1714 4686 παρωπλι-

115 4709 321 4774 σμένοις
348 4706 546 4766 οὕτως
582 4705 723 4757 κατὰ
743 4704 851 4757 τῶν
885 4705 1168 4771 δυσμενῶν
1192 4706 1468 4759 ἀπελθεῖν.
1503 4708 1712 4777 Μηνύει

111 4799 235 4852 δὲτὸ
265 4798 513 4867 συμϐὰν
544 4798 636 4849 διά
673 4798 1018 4867 ταχυδρόμου
1064 4798 1140 4868 τῷ
1174 4798 1405 4868 βασιλεῖ.
1461 4800 1518 4852 '0
1540 4801 1594 4853 δὲ
1626 4801 1712 4853 διὰ

111 4892 322 4960 ταχείας
353 4890 689 4956 ἀποστολῆς
722 4890 831 4941 τῶν
870 4890 1007 4959 πρὸς
1036 4891 1195 4944 τοῦτο
1232 4892 1557 4961 ἐπιτηδείων
1584 4894 1716 4944 πάν.

111 4996 195 5045 τας
246 4988 385 5047 τοὺς
446 4982 836 5044 λειποτάκτας
896 4980 1179 5053 ἐζώγρησε
1226 4986 1320 5036 καὶ
1370 4985 1715 5055 ἐμφρούρους

110 5075 347 5145 ἐποίησε.
389 5074 644 5129 Σκοπῶν
690 5074 750 5126 δὲ
781 5076 928 5136 ὅπως
960 5076 1055 5128 καὶ
1078 5076 1367 5145 ὁμοφύλων
1403 5078 1565 5143 φόνου
1619 5080 1714 5140 τὰς

111 5170 282 5236 χεῖρας
314 5168 574 5238 τηρήσῃ
604 5166 852 5235 καθαράς
883 5168 975 5219 καὶ
1008 5167 1067 5219 τὸ
1120 5172 1395 5239 προσῆκον
1439 5171 1716 5241 ἐμποιήσῃ

111 5258 213 5321 δέος
237 5263 353 5322 τοῖς
389 5259 740 5320 ὑπολοίποις
772 5259 879 5312 τῶν
917 5260 1142 5330 ἐρετῶν,
1178 5261 1250 5324 ώς
1289 5261 1353 5314 ἂν
1392 5262 1467 5332 μὴ
1490 5264 1584 5314 καὶ
1619 5265 1716 5316 άλ-

111 5347 209 5413 λοκ
233 5354 318 5423 εἴη
357 5354 517 5424 πρῲ
551 5351 788 5420 μίμησιν
822 5354 853 5421 ἡ
882 5355 1087 5409 τούτων
1118 5354 1286 5408 κακία
1332 5359 1426 5408 καὶ
1460 5356 1714 5408 ἐθελοκαο

112 5442 269 5496 χῶσιν
291 5444 386 5517 [Ρ.
430 5442 578 5515 187]
607 5445 660 5496 οἱ
689 5444 927 5497 πλεῖστοι
960 5447 1050 5498 καὶ
1080 5447 1554 5517 ῥαστωνεύωνται,
1588 5448 1715 5518 βου-

1819 4621 1885 4673 ad
1925 4620 2026 4671 hoc
2063 4617 2243 4669 idonei
2283 4626 2490 4681 essent,
2521 4615 2831 4669 desertores
2870 4630 3061 4669 omnes
3094 4616 3248 4668 vivos
3291 4631 3387 4667 ca-

1819 4713 1898 4781 pit
1926 4720 1978 4765 et
2010 4711 2062 4763 in
2098 4723 2373 4764 carcerem
2434 4708 2621 4760 trudit.
2669 4706 2933 4775 Spectans
2978 4721 3109 4760 vero
3147 4721 3254 4775 qua
3292 4704 3392 4760 de-

1823 4816 1967 4852 llltllll
2002 4800 2211 4851 ratione
2248 4806 2303 4851 et
2336 4814 2364 4849 a
2400 4796 2682 4849 tribulium
2727 4797 2872 4850 caede
2918 4796 3232 4864 impollutas
3276 4811 3392 4849 ma-

1823 4909 1925 4946 nus
1972 4900 2234 4956 servaret,
2283 4900 2335 4943 ct
2364 4888 2592 4958 reliquis
2628 4890 2893 4958 remigum
2922 4904 3081 4957 quem
3115 4904 3213 4957 par
3246 4894 3392 4943 esset

1818 4988 2064 5041 timorem
2122 4984 2411 5046 incnterel,
2457 4998 2523 5033 ne
2563 4981 2744 5034 mollis
2798 4995 2988 5034 eorum
3047 4979 3283 5034 defectio
3334 4979 3389 5033 itt

1815 5078 2124 5146 exemplum
2182 5075 2305 5128 aliis
2355 5074 2568 5127 Cederet
2620 5072 2911 5141 pluresque
2966 5070 3046 5124 sic
3084 5071 3392 5124 desertores

1818 5190 1880 5225 ac
1918 5168 2193 5237 t-languidi
2249 5179 2555 5235 segnesque
2618 5164 2853 5226 tierent,
2913 5163 3386 5231 sapientissimum

1820 5263 2095 5335 303init
2128 5260 2444 5314 consilium.
2467 5256 2671 5325 Nempe
2701 5255 3055 5309 excubiarum
3088 5254 3393 5322 drungario

1821 5358 2063 5429 praecipit
2097 5366 2153 5407 ttt
2183 5355 2488 5405 vinctorum
2524 5351 2577 5402 in
2614 5349 2865 5416 ιιι-ωιιιιίο
2895 5364 2959 5403 ac
2992 5348 3389 5409 malidicorum,

1820 5453 1871 5505 in
1917 5464 2056 5518 quos
2089 5448 2268 5515 legum
2312 5441 2605 5498 severitate
2634 5442 2739 5492 lata
2770 5441 2965 5508 capitis
2992 5439 3262 5494 sententia
3296 5438 3389 5504 sit,

1402 5610 1636 5668 νΑιιιιΕ
1681 5608 2079 5671 LECTIUNES.

197 5753 242 5782 ”
266 5754 381 5824 γὰρ
424 5768 556 5806 οιιι.
609 5750 668 5824 ιι,
748 5750 794 5780 ⁷³
826 5751 973 5824 ᾑνίου
1007 5752 1111 5807 Δι’.

118 5834 193 5885 τις
227 5822 285 5879 l’.
350 5821 417 5857 ”⁶³
454 5821 802 5889 ἀποπέμπει
827 5821 885 5875 1⁸.

1190 5756 1234 5786 ὀ
1273 5756 1399 5824 πρὸς
1433 5758 1557 5819 τοὺς
1582 5756 1813 5829 λέϐητας
1852 5756 1914 5811 3⁸.

2008 5754 2052 5786 ⁸ι
2084 5748 2362 5813 ἀναλόγως
2401 5746 2465 5808 Α,
2504 5742 2773 5813 ἁναλὸγας
2802 5742 2859 5796 Ρ.
2967 5739 3011 5770 ⁸⁸
3040 5740 3391 5809 σκευασάμεέ
