4154 6446
133 400 195 463 3-3]
1153 392 1301 453 LIB.
1341 392 1407 454 ν.
1451 412 1520 423 ··-
1550 391 1904 451 BASILIUS
1947 392 2266 454 MACEDD.

3230 399 3336 461 3‘22

133 506 596 575 σινὲπευωνηθῆναι
654 506 772 559 τότε
809 503 868 558 τὸ
898 504 1076 558 ἔλαιον
1115 505 1179 557 ἐκ
1239 503 1337 573 τῆς
1386 504 1643 571 τοιαύτης

1750 502 1941 556 eadem
1992 504 2206 568 classis,
2242 503 2698 576 pedestribusque
2731 522 2795 563 ac
2842 507 3190 578 equestribus
3223 508 3330 564 Ro-

134 600 433 671 προσαγωγῆς
463 596 603 649 ὥστε
640 595 828 649 ὀῦολοῦ
861 595 963 667 τὴν
994 594 1182 664 λίτραν
1212 591 1640 663 πιπράσκεσθαι.

130 692 411 767 Διᾳπρὰσας
438 689 492 742 δὲ
527 689 623 740 καὶ
648 688 781 757 πρὸς
807 687 875 739 τὰ
913 685 1014 754 τῆς
1058 684 1286 745 Ἰταλίας
1319 684 1460 754 μέρη
1493 684 1520 735 6
1545 682 1644 735 αύ-

132 769 192 846 τδέ
210 782 387 842 στόλος.
437 780 533 833 καὶ
563 780 683 841 ταῖς
732 777 1038 838 ὁπλιτικαῖς
1093 776 1188 829 καὶ
1245 777 1498 839 ἱππικαῖς
1538 774 1646 828 τῶν

137 872 371 943 Ῥωμαίων
407 872 705 939 δυνάμεσιν
735 869 978 932 ἐνωθεὶς,
1028 861 1104 922 ὧν
1154 870 1461 937 Προκὸπιος
1492 869 1520 920 ὁ
1550 866 1645 919 τοῦ

131 968 333 1039 βασιλέως
368 967 555 1033 ἡγεῖτο
605 962 1104 1034 πρωτοϐεστιὰριος
1142 962 1236 1015 καὶ
1295 961 1448 1013 Λέων
1484 963 1512 1012 6
1538 960 1646 1012 τῶν

129 1059 302 1129 Θρᾳκῶν
322 1060 417 1110 καὶ
441 1056 768 1108 Μακεδόνων
794 1055 917 1107 τότε
947 1055 993 1086 ⁸³
1027 1052 1354 1123 στρατηγὸς,
1386 1051 1443 1104 ὃν
1483 1051 1646 1103 Ἀπο-

132 1153 324 1219 animm
354 1148 605 1209 ἐκάλουν,
643 1147 814 1200 πολλὰ
847 1149 943 1199 καὶ
972 1145 1228 1214 ἐπωφελῆ
1250 1147 1315 1215 τῇ
1362 1144 1648 1211 Ῥωμαίων

129 1247 231 1314 ἀρχῇ
253 1239 623 1311 κατεπράξατο
649 1256 661 1271 ’
694 1240 786 1290 τόν
818 1255 876 1291 τε
935 1240 1046 1307 γὰρ
1094 1238 1153 1301 ἐξ
1194 1236 1461 1305 Ἀφρικῆς
1491 1231 1648 1297 αὖθις

128 1337 351 1401 ἐξελθόντα
383 1334 568 1385 στόλον
598 1334 656 1383 ὲν
687 1334 753 1401 τῇ
789 1334 937 1400 νήσῳ
961 1332 1027 1399 τῇ
1063 1328 1370 1398 καλουμένῃ
1401 1328 1600 1395 Στῆλαι
1622 1329 1649 1380 6

130 1427 244 1487 αὐτὸς
270 1425 455 1494 Νασαρ
479 1423 919 1491 κατεπολέμησε,
963 1422 1061 1474 καὶ
1102 1422 1170 1474 τὰ
1205 1421 1309 1474 ὑπὸ
1342 1420 1451 1472 τῶν
1486 1421 1649 1486 Ἀγα-

128 1514 260 1584 maliv
282 1513 619 1581 κατεχόμενα
654 1514 868 1583 κάστρα
902 1512 958 1563 έν
990 1528 1049 1564 τε
1085 1512 1374 1581 Καλαόρίᾳ
1405 1512 1497 1564 καὶ
1540 1514 1650 1564 Λα-

126 1602 350 1671 γοθαρδίᾳ,
384 1602 524 1670 πλὴν
554 1602 749 1668 ὀλίγων
779 1602 943 1662 πάνυ,
981 1603 1159 1654 πάντα
1179 1604 1278 1670 τῆς
1308 1600 1651 1671 βαρϐαρικῆς

124 1696 263 1764 χειρὸς
288 1694 629 1763 ἠλευθέρωσε
671 1694 767 1746 καὶ
797 1695 932 1763 πρὸς
955 1696 1053 1763 τὴν
1094 1693 1381 1764 Ῥωμαίων
1404 1694 1651 1759 ἐξουσίαν

128 1790 369 1856 μετήγαγε.
403 1787 509 1839 Καὶ
540 1786 684 1838 οὕτω
714 1789 811 1853 μὲν
844 1788 873 1838 6
907 1786 1161 1850 ναυτικὸς
1199 1787 1427 1856 στρατὸς
1469 1786 1651 1853 κρείτ·

1753 604 2044 644 manorum
2101 591 2273 660 copiis
2325 592 2641 660 conjuncta,
2693 610 2926 663 quarunt
2984 596 3179 650 ductor
3217 606 3337 650 erat

1753 680 2057 751 Procopius
2083 683 2433 752 imperatoris
2458 688 2911 755 protovestiarius
2943 696 2996 740 et
3032 685 3138 741 Leo
3164 687 3336 757 (Apo-

1752 782 1967 841 stupem
2024 777 2308 841 vocabam)
2359 774 2634 829 Thracum
2675 783 2731 829 et
2787 776 3147 831 Macedonum
3198 779 3334 842 dux,

1756 866 1924 919 tnulta
1953 906 1967 925 .
2005 881 2177 935 eaque
2213 867 2458 921 Romano
2496 870 2725 938 imperio
2759 869 2932 935 utilia,
2969 871 3158 938 gessit.
3196 868 3335 925 Nam

1752 967 1805 1010 et
1835 958 2067 1011 classem
2102 974 2292 1012 rursus
2315 975 2378 1012 ex
2404 960 2583 1014 Africa
2617 960 2915 1030 profectam
2958 962 3012 1015 in
3044 964 3216 1017 insula
3248 963 3338 1017 cui

1753 1050 1915 1103 Stelte
1949 1064 2147 1102 nomen
2186 1050 2326 1103 idem
2370 1048 2543 1104 Nasar
2570 1054 2790 1113 devicit.
2836 1067 2899 1108 ac
2930 1069 3068 1123 quas
3103 1056 3338 1117 Agat-eui

1755 1144 1918 1194 urbes
1958 1143 2196 1196 munitas
2237 1159 2300 1196 ac
2342 1144 2590 1211 praesidia
2634 1147 2688 1197 in
2720 1147 2974 1200 Calabria
3019 1158 3067 1200 et
3122 1146 3339 1215 Longo-

1757 1234 1944 1286 ltardia
1980 1234 2255 1297 tenebant,
2290 1236 2481 1302 paucis
2521 1236 2813 1289 admodum
2844 1239 3109 1306 exceptis,
3140 1248 3338 1293 cuncta

1755 1326 1835 1378 eis
1860 1334 2043 1391 erepta
2071 1340 2371 1394 earumque
2413 1327 2543 1396 jngo
2576 1329 2804 1382 liberata
2838 1326 3095 1385 Romame
3142 1331 3338 1385 ditioni

1756 1417 2011 1469 restituit.
2042 1415 2212 1485 Inque
2242 1432 2364 1470 cum
2400 1419 2619 1472 modum
2657 1419 2901 1474 Romana
2944 1421 3162 1488 quidem
3196 1423 3338 1478 clas-

1756 1508 1833 1562 sis
1857 1508 2092 1572 insidiis,
2142 1509 2440 1562 invidentia
2478 1508 2802 1579 Netncsique
2849 1514 3116 1578 superior,
3151 1514 3340 1579 spoliis

1756 1600 1938 1666 opima
1972 1601 2266 1665 multisque
2290 1604 2432 1655 clara
2465 1604 2705 1657 victoriae
2742 1607 2983 1667 COI'OIIiS,
3014 1607 3080 1658 ad
3109 1607 3339 1675 impera-

1758 1700 1930 1743 torem
1980 1708 2196 1744 reversa
2240 1702 2343 1756 est,
2402 1695 2635 1763 implens
2670 1712 2862 1750 omnes
2903 1699 3052 1753 cives
3086 1715 3149 1752 ac
3191 1715 3339 1753 rem-

1756 1765 2030 1849 publicam
2073 1782 2281 1845 lretitia,
2334 1784 2613 1853 multaque
2663 1787 2982 1855 imperatori
3037 1790 3338 1854 gratiarum

121 1898 199 1932 των
223 1880 355 1932 δόλου
387 1880 482 1931 καὶ
505 1878 704 1946 φθόνου
727 1880 916 1945 φανεὶς
936 1879 1031 1931 καὶ
1050 1878 1325 1947 νεμέσεως
1354 1877 1491 1947 μετὰ
1524 1876 1652 1929 πολ-

1755 1876 1988 1930 actionis
2015 1884 2067 1929 et
2112 1877 2478 1933 confessionis
2506 1880 2705 1934 divina:
2737 1882 2913 1937 laudis
2944 1884 3192 1953 praebens
3239 1898 3341 1938 no-

122 1971 201 2022 λίαν
244 1970 489 2038 λαφύρων
549 1970 644 2022 καὶ
703 1968 1005 2037 νικητικῶν
1060 1968 1342 2036 στεφάνων
1384 1966 1655 2035 ἐπανῆλθε

1764 1968 1913 2022 mina
1951 1978 2116 2038 atque
2151 1980 2447 2025 momenta.

119 2064 222 2131 πρὸς
243 2062 473 2129 βασιλέα,
510 2062 849 2132 εὐφροσύνης
887 2061 1175 2131 ἐμπλήσας
1233 2064 1340 2113 πᾶν
1386 2060 1448 2112 τὸ
1490 2059 1813 2131 πολίτευμα,
1845 2061 1940 2113 καὶ
2009 2061 2222 2132 βασιλεῖ
2290 2062 2494 2127 πολλὰς
2565 2066 2821 2136 ἀφορμὰς
2892 2066 3193 2137 παρασχὼν
3241 2067 3340 2138 τῆς

121 2156 223 2225 πρὸς
244 2155 361 2207 Θεὸν
388 2156 745 2225 εὐχαριστίας
768 2156 861 2208 καὶ
894 2153 1403 2224 ἀνθομολογήσεως.

170 2265 353 2332 ξε⁹-ξς’.
384 2270 448 2321 Δί
475 2268 702 2331 πεζικαὶ
732 2268 788 2322 δὲ
815 2267 1075 2338 δυνάμεις
1102 2269 1164 2321 οὐ
1196 2269 1375 2338 πάντη
1404 2267 1495 2320 τὸν
1520 2266 1648 2336 φθό-

116 2377 182 2411 νον
206 2360 464 2430 διέφυγον,
512 2363 630 2415 ἀλλ’
679 2361 817 2433 ἔργα
864 2362 964 2431 μὲν
1018 2362 1248 2433 ἁνδρικὰ
1296 2362 1391 2415 καὶ
1416 2360 1645 2432 λαμπρὰ

115 2452 525 2519 κατειργάσαντο.
573 2452 633 2516 ἐξ
687 2453 861 2522 ἔριδος
902 2452 958 2506 δέ
1015 2454 1109 2506 καὶ
1149 2453 1488 2521 φιλονεικίας
1522 2453 1646 2506 κατ’

112 2541 239 2593 αὑτὸν
264 2543 350 2595 τὸν
369 2543 557 2612 ἀγῶνα
580 2544 967 2615 συμπεσούσης
993 2543 1393 2613 ἀπώλεσανετὸν
1424 2545 1645 2613 μείζονα

115 2635 390 2704 στρατηγόν.
429 2636 538 2689 Τοῦ
569 2639 687 2708 γὰρ
709 2638 938 2698 Λέοντος
972 2635 1339 2707 διενεχθέντος
1371 2638 1507 2708 πρὸς
1549 2639 1645 2691 τὸν

112 2722 399 2793 Προκόπιον,
443 2728 833 2797 συμϐαλόντων
884 2728 943 2781 δὲ
976 2729 1127 2796 ὅμως
1177 2732 1289 2791 τοῖς
1342 2729 1641 2798 πολεμίοις,

110 2816 269 2884 συνέϐη
293 2818 384 2870 τὸν
416 2819 519 2889 μὲν
556 2820 947 2890 ’Δποστύππην
986 2820 1123 2889 μετὰ
1147 2819 1255 2871 τῶν
1309 2819 1541 2891 Θρᾳκῶν
1585 2838 1643 2873 τε

108 2909 509 2962 mihineva
530 2912 673 2963 κατὰ
702 2911 764 2962 τὸ
790 2910 964 2973 δεξιὸν
990 2910 1156 2980 μέρος
1181 2912 1227 2943 ⁸³
1242 2913 1645 2981 ἀγωνιζόμενον

108 3001 291 3067 κρατεῖν
345 3000 456 3054 τῶν
508 3000 721 3071 ἐχθρῶν
768 3002 862 3054 καὶ
898 3002 1068 3055 πολῦν
1101 3002 1260 3070 φόνον
1293 3003 1642 3073 ἐργάξεσθαι,

104 3088 241 3142 anet
272 3093 579 3161 Προκόπιον
600 3094 737 3162 μετᾶ
768 3093 876 3145 τῶν
907 3093 1235 3164 Σκλαὸηνῶν
1265 3096 1313 3127 ⁸⁸
1330 3111 1390 3148 τε
1425 3097 1519 3148 καὶ
1545 3100 1645 3151 Δυ-

1822 2266 2026 2323 65-66,
2062 2266 2373 2323 Terrestres
2405 2284 2534 2324 vero
2560 2269 2730 2339 copia:
2763 2268 2905 2323 haud
2943 2284 3169 2337 prorsus
3201 2271 3339 2326 insi-

1751 2360 1894 2415 diam
1925 2360 2184 2431 eﬂugere.
2223 2359 2423 2415 Verum
2460 2374 2749 2432 gesserunt
2778 2363 2883 2416 illze
2914 2362 3132 2432 quidem
3180 2363 3339 2419 fortia

1753 2454 2011 2523 claraque
2070 2449 2361 2520 facinora;
2419 2465 2541 2507 orta
2601 2464 2782 2510 tamen
2828 2456 2932 2510 sub
2965 2457 3136 2525 ipsius
3165 2458 3339 2527 proelii

1758 2553 1972 2613 tempus
2002 2545 2280 2599 discordia
2320 2560 2385 2599 ac
2411 2547 2765 2600 contentione
2801 2548 2996 2601 ducem
3027 2548 3337 2603 amiserunt

1754 2637 1845 2706 qui
1877 2637 2050 2705 major
2089 2638 2355 2707 dignitate
2381 2648 2517 2692 erat.
2548 2636 2684 2692 Cum
2726 2640 2870 2693 enim
2906 2639 3194 2694 dissideret
3231 2640 3340 2695 Leo

1753 2743 1781 2782 a
1818 2727 2088 2797 Procopio
2120 2770 2133 2790 .
2172 2738 2428 2784 conserto
2478 2728 2647 2800 306
2697 2742 2876 2785 tamen
2919 2746 3044 2787 cum
3093 2733 3339 2789 hostibus

1754 2819 1943 2887 prmlio
1978 2819 2204 2888 contigit
2236 2818 2472 2873 Leonem
2512 2835 2635 2871 cum
2658 2816 2969 2873 Thracibus
3006 2828 3060 2872 et
3095 2819 3341 2873 Maccdo-
3450 2828 3454 2833 ‘

1754 2910 1914 2960 nibus
1957 2908 2011 2961 in
2054 2910 2242 2963 dextra
2284 2909 2402 2962 acie
2435 2910 2659 2963 vietoria
2690 2912 2847 2979 potiri
2893 2920 3059 2980 atque
3098 2912 3336 2966 hostium
3431 2931 3434 2934 θ

1754 3016 2008 3068 magnam
2032 3014 2279 3072 stragem
2311 3003 2464 3066 dare,
2504 3001 2826 3071 Procopium
2862 3018 2986 3057 vero
3016 3018 3139 3058 cum
3191 3004 3340 3058 Scla-

1751 3092 1892 3145 vinis
1929 3103 1981 3145 ct
2013 3094 2449 3147 occidentalibus
2471 3093 2755 3149 sinistram
2785 3106 3056 3150 tenentem
3081 3097 3342 3151 validiore

104 3181 235 3233 τικῶν
259 3185 393 3237 κατὰ
424 3184 487 3236 τὸ
522 3185 707 3254 ἕτερον
745 3185 910 3253 μέρος
928 3187 1381 3255 ἀντιταττόμενον
1407 3188 1511 3241 ὑπὸ
1537 3188 1643 3241 τῶν

1752 3188 1919 3252 premi
1952 3186 2191 3238 hostium
2226 3187 2429 3253 impetu
2463 3204 2476 3253 ;
2519 3189 2604 3241 cui
2641 3187 2909 3241 laboranti
2940 3204 3064 3242 cum
3107 3188 3177 3243 ob
3201 3204 3341 3256 prac-

102 3269 320 3325 Ξναντίων
370 3275 686 3340 πιέζεσθαι.
739 3277 831 3346 Μὴ
888 3276 1231 3347 πεμφθείσης
1276 3279 1332 3332 δὲ
1366 3280 1512 3350 παρὰ
1549 3282 1643 3335 τοῦ

102 3366 442 3434 συστρατήγου
488 3366 746 3437 βοηθείας
775 3369 912 3439 πρὸς
952 3370 1013 3422 τὸ
1035 3369 1233 3422 πονοῦν
1269 3372 1357 3424 διὰ
1385 3372 1484 3440 τὴν
1514 3389 1647 3439 ’προ-

98 3457 420 3527 ηγηταμένην
447 3458 810 3529 φιλονεικίαν,
851 3460 1063 3531 ἐτράπη
1119 3461 1373 3531 καθαρῶς
1415 3464 1473 3515 τὸ
1508 3464 1647 3517 κατὰ

96 3544 162 3596 τὸν
180 3547 482 3616 Προκόπιον
510 3552 695 3621 μέρος,
723 3553 815 3604 καὶ
834 3552 996 3615 αὐτὸς
1028 3555 1232 3616 ἐκεῖνος
1265 3556 1478 3624 ἐσφάγη
1504 3557 1645 3610 κατὰ

96 3636 171 3704 τὴν
202 3638 400 3706 δίωξιν,
429 3642 532 3695 τοῦ
558 3640 728 3695 ἵππου
771 3644 1149 3714 συμπεσόντος
1174 3645 1341 3714 αὐτῷ.
1393 3647 1644 3700 Τοιοῦτον

92 3723 133 3777 δὲ
160 3729 297 3793 τέλος
327 3733 433 3802 τῆς
466 3734 652 3802 μάχης
679 3736 896 3802 ἐκείνης
926 3734 1220 3805 λαϐούσης,
1270 3736 1442 3790 θέλων
1470 3755 1522 3791 τι
1553 3739 1645 3791 καὶ

93 3818 244 3891 ἓτερον
270 3825 536 3897 λαμπρὸν
560 3830 587 3880 6
614 3828 767 3880 Λέων
795 3828 1155 3898 ἐργάσασθαι,
1180 3829 1256 3893 ὡς
1291 3832 1357 3883 ἂν
1378 3829 1438 3882 τὸ
1462 3832 1526 3883 ἐκ
1546 3833 1645 3901 τῆς

92 3908 231 3977 ἔριδος
261 3919 547 3988 συσκιάσῃ
582 3915 817 3985 συμϐὰν,
848 3917 910 3970 τό
935 3934 995 3971 τε
1025 3918 1072 3950 ⁸⁵
1100 3921 1299 3971 οἰκεῖον
1332 3923 1645 3990 στράτευμα

91 3999 234 4057 λαϐὼν
257 4007 511 4071 καὶτοὺς
541 4011 604 4061 ἐκ
626 4010 724 4077 τῆς
748 4011 932 4079 φυγῆς
974 4011 1337 4074 διασωθέντας
1382 4010 1491 4063 τῶν
1518 4029 1646 4065 τατ-

88 4096 292 4163 τομένων
310 4100 423 4153 ὑπὸ
444 4101 546 4153 τὸν
564 4098 608 4153 Π
616 4102 870 4171 ροκόπιον
885 4102 1313 4172 συμπεριλαὸὼν
1332 4102 1392 4155 τὸ
1410 4103 1546 4157 κάστ
1554 4121 1645 4173 ρον

89 4189 476 4262 κατεπολέμησε
528 4190 836 4261 ταραντος,
883 4194 963 4245 ἔτι
994 4194 1363 4263 κατεχόμενον
1390 4194 1494 4247 ὑπὸ
1536 4194 1646 4247 τῶν

95 4273 405 4351 ’Δγαρηνῶν,
457 4283 561 4336 καὶ
586 4281 746 4335 τοῦτο
778 4283 919 4337 κατὰ
947 4284 1150 4354 κράτος
1180 4278 1314 4349 εἷλε,
1347 4286 1443 4337 καὶ
1470 4285 1644 4338 πάντα

86 4366 153 4418 at
184 4370 239 4421 ἐν
270 4373 428 4443 αὐτῷ
482 4372 618 4426 λαὸν
672 4374 1206 4446 ἐξηνδραποδίσατο⁸
1241 4375 1301 4441 ἐξ
1355 4371 1431 4429 ὧν
1478 4377 1539 4430 τό
1586 4393 1643 4430 τε

87 4465 445 4525 στρατιωτικὸν
470 4464 528 4495 ’⁸
560 4464 928 4533 ἀποχρώντως
958 4464 1306 4533 ὠφεληθῆναι
1332 4463 1645 4534 συνεχώρη⁹

84 4563 126 4599 π
149 4548 223 4619 ῘΡ.
254 4554 382 4627 189]
413 4556 522 4608 καὶ
582 4553 795 4626 βασιλεῖ
822 4556 992 4626 συχνὰ
1041 4556 1363 4626 προσήγαγε
1402 4555 1639 4625 λάφυρα.

91 4642 319 4700 ’Δλλ⁹ούκ
355 4650 559 4703 ἐπεῖδε
585 4649 798 4713 τούτοις
833 4651 1003 4719 ἡδέως
1039 4650 1068 4702 6
1100 4649 1375 4719 βασιλεὺς,
1409 4649 1529 4702 οὐδὲ
1568 4646 1643 4711 ὡς

1747 3278 2029 3332 cedentem
2086 3279 2417 3333 discordiam
2452 3280 2600 3334 nulla
2649 3291 2677 3333 a
2711 3281 2915 3351 collega
2953 3282 3122 3335 missa
3154 3293 3341 3336 essent

1749 3368 1973 3431 auxilia,
2000 3368 2116 3422 lusa
2147 3369 2365 3437 penitus
2394 3369 2540 3424 illius
2563 3370 2680 3425 acie
2708 3370 2936 3440 ipsemet
2961 3371 3013 3423 in
3050 3370 3174 3441 fuga
3198 3386 3340 3440 equo

1748 3461 1934 3528 lapsus
1968 3469 2192 3513 necatus
2214 3469 2318 3515 est.
2342 3458 2495 3514 Hunc
2516 3461 2719 3515 exitum
2740 3477 2863 3515 cum
2897 3477 3071 3532 pugna
3108 3463 3337 3516 habuis-

1749 3562 1851 3612 set,
1878 3550 1986 3604 Leo
2012 3552 2161 3605 aliud
2188 3554 2353 3607 etiam
2385 3553 2591 3623 aliquid
2626 3555 2757 3608 clari
2796 3554 3055 3610 facinoris
3093 3555 3254 3611 cdere
3283 3557 3338 3610 in

1747 3643 1931 3697 animo
1962 3643 2189 3708 habens,
2210 3654 2268 3697 ut
2290 3644 2496 3698 illatam
2524 3645 2592 3699 ob
2620 3646 2906 3699 dissidium
2936 3646 3144 3700 cladem
3175 3647 3336 3701 obte-

1747 3742 1918 3804 geret,
1949 3744 2063 3787 tum
2098 3750 2226 3790 suas
2258 3736 2375 3805 ipse
2405 3738 2593 3805 copias
2628 3752 2916 3791 assumens
2955 3748 3067 3791 tutu
3104 3754 3167 3793 ex
3202 3737 3338 3792 Pro-

1747 3823 1891 3891 copii
1969 3823 2123 3877 clade
2186 3825 2436 3878 residuas
2496 3826 2794 3896 colligens,
2860 3826 3083 3882 Tarenti
3153 3843 3336 3881 arcem

1746 3915 2099 3985 expugnavit,
2129 3930 2293 3985 quam
2328 3917 2505 3971 adhuc
2526 3918 2760 3987 Agat-eui
2788 3920 3063 3984 tenebant,
3092 3922 3339 3987 penitus-

1746 4022 1852 4075 que
1889 4006 2157 4076 diripiens
2193 4009 2450 4077 populum
2496 4024 2711 4063 omnem
2760 4011 3035 4074 captivum
3086 4011 3334 4065 abduxit.

1748 4097 1884 4152 Hinc
1921 4108 1974 4153 et
2005 4100 2205 4156 milites
2239 4116 2344 4154 non
2378 4116 2568 4169 parum
2602 4102 2783 4171 praeda
2810 4100 2968 4169 juvit,
3003 4111 3057 4156 et
3104 4104 3338 4171 impera-

1747 4189 1849 4243 tori
1872 4189 2051 4258 opima
2069 4191 2239 4260 spolia
2276 4192 2497 4246 obtulit.
2529 4191 2647 4245 Non
2684 4202 2863 4248 tamen
2898 4195 3192 4261 imperator
3225 4197 3339 4251 ha'c

1748 4282 1980 4336 libenter
2000 4283 2235 4352 aspexit,
2267 4298 2368 4337 nec
2402 4291 2461 4335 ttt
2496 4283 2614 4338 viro
2647 4282 2774 4337 forti
2817 4285 3121 4339 mercedem
3157 4285 3328 4340 Leoni

1749 4373 2028 4429 reddidit:
2080 4373 2172 4428 sed
2218 4390 2343 4428 cum
2393 4372 2574 4428 habita
2607 4374 2683 4428 rei
2736 4375 2988 4443 indagine
3015 4390 3079 4430 ex
3108 4385 3334 4430 conten-

1749 4466 1898 4519 tione
1954 4466 2005 4517 in
2059 4464 2177 4534 ipso
2226 4480 2420 4532 pugna:
2476 4463 2728 4519 conﬂictu
2782 4464 3017 4520 Leonem
3071 4467 3334 4536 collegam

1678 4536 1721 4592 D
1750 4555 2053 4626 perdidisse
2075 4556 2395 4637 invenisset,
2421 4556 2683 4625 abrogato
2700 4558 2751 4611 ei
2771 4573 2995 4611 munere
3022 4561 3074 4611 in
3108 4558 3331 4614 domum

1751 4664 1930 4715 suam,
1963 4663 2085 4717 qua:
2117 4648 2261 4702 haud
2293 4649 2479 4717 procul
2519 4649 2748 4719 Cotyaio
2778 4659 2883 4716 est,
2912 4651 3193 4721 relegavit.

80 4740 268 4807 ἀριστέα
299 4746 396 4799 τὸν
421 4747 651 4800 Λέοντα
676 4746 1071 4817 ἁντημείψατο,
1117 4744 1232 4799 ἀλλ’
1283 4745 1408 4799 ἐπεὶ
1467 4744 1894 4815 διερευνώμενος
1964 4743 2222 4813 εὕρισκεν
2265 4746 2329 4797 ἐκ
2377 4744 2477 4813 τῆς
2544 4742 2937 4812 συμπεσούσης
3004 4743 3333 4812 φιλονεικίας

82 4831 171 4882 κατ’
193 4833 357 4904 αὐτὴν
388 4836 493 4891 τοῦ
551 4836 795 4905 πολέμου
836 4836 1112 4905 συμϐολὴν
1144 4836 1482 4890 ἀπολωλέναι
1542 4836 1634 4889 τὸν
1670 4836 2101 4907 ὁμοστράτηγον,
2135 4835 2234 4906 τῆς
2250 4853 2310 4888 τε
2336 4835 2511 4905 ἀρχῆς
2543 4833 2817 4905 παρέλυσε
2896 4836 2990 4888 καὶ
3044 4832 3329 4908 ἐξόριστον

81 4922 122 4973 ἐν
140 4924 205 4993 τῷ
231 4928 346 4997 tea,»
368 4928 522 4999 οἴκῳ
545 4926 841 4982 ἀπέστειλε
861 4927 1090 4997 πλησίον
1116 4928 1415 4981 Κοτυαείου
1437 4927 1783 4998 τυγχάνοντι.

132 5043 213 5110 εἷ’.
244 5049 561 5113 Τοιαύταις
588 5049 648 5102 δέ
676 5050 771 5103 καὶ
806 5048 943 5121 μετὰ
976 5048 1151 5105 ταῦτα
1184 5048 1376 5120 τύχαις
1418 5050 1447 5103 6
1490 5050 1650 5101 Ἀπο-

82 5137 295 5213 ετύππης
316 5143 638 5213 ἐχρήσατο.
672 5141 1167 5210 Συμφρονήσαντες
1195 5142 1303 5210 γὰρ
1339 5139 1460 5193 κατ’
1482 5138 1648 5193 αὑτοῦ

78 5225 161 5279 ὅτε
181 5235 645 5302 πρωτοστράτωρ
671 5231 897 5294 Βαῖᾱνος
928 5230 971 5264 ’⁷
1002 5233 1094 5285 καὶ
1119 5231 1443 5302 Χαμάρετος
1472 5232 1501 5284 6
1520 5247 1647 5284 κου-

79 5314 382 5394 ϐίκουλάριος
422 5325 535 5378 καὶ
573 5322 799 5393 πρῶτος
825 5322 935 5376 τῶν
961 5322 1309 5377 οίκειοτάτων
1338 5320 1487 5391 αὐτῷ
1510 5339 1646 5391 γρα-

78 5409 155 5478 ςὴν
173 5418 303 5470 κατὰ
327 5418 428 5471 τοῦ
459 5417 614 5470 ἰδίου
637 5415 896 5489 δεσπότου
920 5415 1054 5486 πρὸς
1077 5415 1299 5487 βασιλέα
1329 5413 1643 5477 συνέθεσαν,

74 5496 124 5553 δι’
148 5498 206 5578 ἧς
243 5509 513 5583 ἐδηλοῦτο
568 5508 671 5562 καὶ
703 5510 731 5561 6
763 5507 856 5562 τοῦ
905 5506 1400 5580 πρωτοόεστιαρίου
1435 5507 1639 5576 [1901:0-

1827 5046 1914 5102 67.
1949 5044 2144 5100 Postea
2187 5061 2407 5115 quoque
2447 5046 2544 5101 tali
2583 5046 2890 5117 Apostypes
2936 5061 3071 5101 usus
3112 5045 3332 5103 fortuna

1751 5148 1854 5193 est.
1901 5137 2024 5193 Pari
2063 5139 2213 5192 enim
2261 5138 2423 5209 307
2474 5151 2749 5193 consensu
2807 5147 2921 5191 tum
2969 5147 3335 5209 protostrator

1754 5228 1987 5284 Baianus
2020 5237 2135 5282 tum
2180 5228 2555 5284 cubicularius
2585 5228 2975 5294 Cbamaretus,
3021 5229 3190 5298 ipsius
3233 5244 3331 5283 nco

1752 5321 2117 5375 cessariorum
2171 5321 2403 5390 primus,
2456 5320 2863 5375 accusationem
2917 5329 3136 5375 struunt
3188 5320 3331 5390 apud

1753 5412 2133 5481 imperatorem
2165 5420 2355 5467 contra
2403 5412 2593 5466 lterum
2628 5427 2811 5477 suum,
2847 5427 2953 5483 qua
2989 5420 3044 5466 et
3073 5420 3331 5480 protove-

1750 5505 1923 5560 stiarii
1957 5504 2205 5576 Procopii
2231 5519 2417 5559 necem
2446 5503 2566 5575 eius
2594 5506 2871 5561 voluntate
2901 5513 3159 5577 certoque
3193 5518 3331 5562 con-

1333 5645 1570 5702 ἾΑΒΙᾹΞ
1614 5643 2020 5702 LECTIONES.

460 5884 477 5899 .
566 5838 623 5875 "
654 5856 751 5911 1:9.
789 5837 951 5892 αὐτοῦ
982 5838 1243 5907 Βαγιάνος
1273 5839 1336 5893 Α.

522 5812 538 5827 .
629 5770 676 5801 ’³
705 5766 844 5821 κατὰ
870 5768 932 5820 τδ
951 5766 1123 5831 δεξιὸν
1150 5766 1314 5837 μέρος
1345 5782 1454 5823 om.
1489 5768 1553 5821 A.
1633 5766 1678 5799 “
1713 5766 2045 5822 Barbcrintts
2098 5766 2442 5837 Σκλαϐήνων.
2519 5768 2563 5800 ⁸⁸
2607 5785 2663 5821 τε
2714 5783 2824 5822 om.
2861 5770 2927 5823 Α.
3004 5768 3049 5802 ⁸⁸
3081 5760 3157 5823 ὧν
3206 5766 3329 5821 τότε
