4154 6446
774 395 884 459 323

1871 377 2381 441 THEOPHANES
2422 376 2984 436 CONTINUA'I’US.

3947 380 4042 443 397i

777 512 901 566 silio
932 506 1131 561 factam
1170 498 1547 563 insinuabant,
1583 510 1848 564 reumquc
1889 492 2189 563 majestatis
2227 507 2357 562 age-

2478 495 2586 549 τίου
2642 495 2870 558 θάνατος
2905 497 3101 570 γνώμῃ
3133 495 3227 548 τοῦ
3267 498 3457 568 κυρίου
3511 499 3690 553 αὑτῶν
3725 500 3962 567 γεγονὼς
3998 502 4040 533 ’³

776 606 927 663 bant,
983 612 1193 652 necnon
1247 592 1432 663 gravia
1490 590 1738 660 quzcdam
1782 588 1889 641 alia
1933 602 1995 641 ac
2030 585 2265 640 dillicilia
2304 585 2354 639 ei

778 694 1151 764 imponebant.
1226 684 1614 740 Accusationis
1680 680 1922 734 libellutn
1996 676 2357 732 Chamaretns

777 787 1085 855 accipiens,
1154 781 1546 849 ingressusque
1605 773 1969 843 Byzantium,
2038 767 2356 837 imperatori

777 879 1040 950 porrexit.
1084 872 1158 926 Ea
1186 872 1275 924 ubi
1310 869 1657 923 rescivisscnt
1686 864 1981 937 Apostypis
2003 862 2183 921 liberi,
2225 860 2358 913 Bar-

777 973 877 1026 das
908 966 1209 1034 Davidque,
1258 977 1357 1016 sua
1406 958 1510 1029 ipsi
1543 972 1709 1013 manu
1749 956 2011 1010 Baianum
2058 952 2354 1022 perimunt,

777 1078 1089 1134 corpusque
1111 1058 1363 1112 minutim
1387 1054 1615 1111 immani
1642 1051 1883 1105 facinore
1911 1049 2140 1101 ensibus
2166 1044 2355 1100 conci-

776 1158 933 1212 dunt.
994 1150 1231 1208 Sceleris
1286 1145 1612 1215 indignitate
1668 1156 1732 1196 ac
1796 1139 2143 1209 imperatoris
2207 1146 2355 1190 metu

776 1245 1058 1302 conterriti
1108 1250 1394 1309 assumpto
1420 1237 1641 1307 patrein
1680 1233 1892 1303 Syriam
1934 1233 2151 1286 concito
2194 1242 2360 1283 cursu

777 1337 1088 1405 diﬂ‘ugiunt.
1105 1334 1313 1399 Quibus
1332 1332 1633 1398 imperator
1650 1325 1875 1390 auditis,
1899 1322 2359 1391 Bartzapedonem

778 1427 1169 1499 inanglavitam
1221 1422 1315 1493 qui
1369 1421 1491 1475 illos
1545 1419 1815 1473 detineret
1868 1430 2033 1484 quam
2078 1410 2362 1467 celerrime

778 1523 963 1575 mittit.
996 1517 1116 1573 Jam
1161 1515 1215 1569 in
1253 1511 1653 1583 Cappadociam
1691 1517 1975 1570 venerant,
2015 1520 2140 1560 cum
2171 1506 2223 1557 in
2262 1501 2365 1574 Sy-

776 1614 917 1667 riam
949 1618 1204 1665 contento
1223 1621 1387 1659 cursu
1412 1612 1839 1673 approperantes
1870 1597 2097 1651 invenit.
2121 1595 2365 1650 Conatur

778 1705 891 1763 ille.
924 1718 1045 1773 qua:
1079 1701 1143 1754 ad
1175 1714 1298 1753 eum
1333 1706 1451 1750 erat
1479 1696 1677 1750 dit-alis
1701 1692 1897 1761 jusslo,
1932 1691 2181 1743 homines
2215 1698 2365 1743 tene-

778 1812 857 1851 re.
894 1794 1187 1853 Enimvero
1231 1789 1341 1843 illis
1375 1785 1754 1842 olmitentibus
1798 1797 1863 1836 ac
1912 1796 2010 1852 pro
2059 1781 2200 1834 virili
2245 1794 2364 1835 sese

2467 589 2562 641 καὶ
2605 587 2984 649 καθοσιώσεως
3034 588 3291 656 ἔγκλημα
3320 591 3416 642 καὶ
3444 590 3579 643 ἄλλα
3608 590 3730 644 τινὰ
3753 592 3925 661 βαρέα
3950 594 4044 645 καὶ

2464 674 2721 744 δυσχερῆ.
2760 677 2862 728 Ἦν
2890 679 2919 727 6
2946 676 3273 745 Χαμάρετος
3319 676 3499 729 λαϐὼν
3529 682 3621 731 καὶ
3657 680 3794 747 πρὸς
3816 680 3914 749 τὴν
3951 679 4043 749 βα-

2468 767 2783 822 σιλεύουσαν
2804 768 3059 821 εἰσελθὼν
3079 769 3156 839 τῷ
3179 769 3386 839 βασιλεί
3410 771 3754 825 ἐπιδέδωκεν.
3773 772 4045 834 Μαθοντες

2464 861 2521 915 δὲ
2550 860 2707 913 τοῦτο
2736 862 2787 913 οί
2814 861 2907 914 τοῦ
2943 862 3302 932 Ἀποστύππη
3338 865 3383 894 ⁹’
3406 865 3533 925 υἱοὶ,
3566 865 3596 917 ὃ
3632 881 3691 917 τε
3726 865 3934 934 Βάρδας
3955 864 4048 916 καὶ

2465 953 2493 1004 6
2523 952 2707 1016 Δαῦὶδ,
2746 952 3063 1024 αὐτόχειρες
3093 953 3187 1007 τοῦ
3220 955 3451 1009 Βαῖἀνου
3482 958 3498 987 ⁸
3536 956 3911 1021 καθίστανται,
3938 961 4046 1022 τοῖς

2469 1043 2679 1112 ξίφεσιν
2713 1044 2877 1098 αὐτὸν
2932 1046 3181 1114 ἀνηλεῶς
3242 1048 3676 1117 κατακόψαντες.
3729 1051 3828 1101 Δια
3887 1050 3941 1103 δέ
3991 1054 4050 1101 τὸ

2466 1135 2709 1189 τοιοῦτον
2750 1136 3006 1206 τόλμημα
3034 1138 3127 1190 καὶ
3160 1137 3219 1189 τὸ
3250 1141 3315 1191 ἐκ
3341 1138 3605 1207 βασιλέως
3640 1140 3755 1201 δέος
3782 1139 4050 1210 ὥρμησαν

2470 1226 2612 1298 μετὰ
2632 1228 2728 1281 τοῦ
2762 1231 2970 1299 πατρὸς
3003 1230 3136 1301 πρὸς
3159 1233 3178 1262 ¹
3211 1232 3410 1301 Συρίαν
3441 1235 3655 1301 φυγεῖν.
3700 1233 3959 1295 Ἀκούσας
3994 1233 4051 1286 δέ

2428 1318 2433 1323 ’
2466 1322 2642 1377 ταῦτα
2675 1325 2705 1375 6
2725 1323 2980 1393 βασιλεὺς
3015 1324 3113 1376 σὺν
3134 1325 3290 1394 τάχει
3313 1325 3493 1394 πολλῷ
3522 1324 3935 1393 Βαρτζαπέδονα
3957 1326 4051 1377 τὸν

2472 1416 2854 1486 μαγκλαδίτην
2885 1416 3174 1470 ἀπέστειλε
3209 1419 3347 1486 πρὸς
3373 1419 3433 1471 τὸ
3477 1420 3772 1487 κατασχεῖν
3804 1419 3823 1448 ⁸
3854 1420 4050 1480 auro-3;

2470 1508 2567 1563 καὶ
2598 1509 2735 1580 πρὸς
2763 1510 2927 1563 αὐτὸν
2955 1512 3203 1578 ἀγαγεῖν.
3237 1510 3344 1573 οὓς
3368 1512 3469 1580 ἤδη
3492 1511 3629 1581 πρὸς
3658 1512 4053 1573 Καππαδοκίαν

2470 1599 2761 1665 κατέλαϐε,
2790 1601 2890 1668 τὴν
2922 1600 3059 1667 πρὸς
3097 1601 3298 1668 Συρίαν
3348 1601 3467 1653 ὁδὸν
3514 1602 3779 1653 συντόνως
3802 1601 4053 1654 ἐλαύνον-

2470 1710 2588 1756 τας.
2620 1694 2912 1763 Πειραθεὶς
2940 1690 3034 1747 οὖν
3089 1694 3287 1757 αὐτοὺς
3327 1693 3469 1747 κατὰ
3500 1693 3562 1747 τὸ
3617 1694 3949 1763 πρόσταγμα
3995 1694 4055 1744 τὸ

2476 1784 2754 1853 βασιλικὸν
2814 1788 3130 1855 κατασχεῖν,
3176 1787 3403 1839 ἐκείνων
3445 1787 3503 1839 δὲ
3550 1788 3921 1840 ἀντιστάντων
3958 1790 4055 1840 καὶ

780 1886 1059 1943 tuentibus
1083 1925 1096 1948 ,
1126 1881 1356 1950 contigit
1386 1879 1578 1933 ambos
1602 1876 1898 1946 Apostypis
1923 1874 2065 1927 ﬁlios
2096 1874 2149 1925 in
2178 1888 2242 1926 ea
2281 1872 2365 1925 di-

2478 1877 2833 1946 ἀμυνομένων
2865 1879 2944 1940 εἰς
2977 1878 3228 1948 δύναμιν,
3262 1878 3459 1950 συνέϐη
3490 1880 3631 1932 κατὰ
3662 1881 3759 1949 τὴν
3790 1880 4052 1947 τοιαύτην

780 1977 1112 2050 gladiatione
1159 1974 1383 2040 rixaqne
1414 1970 1635 2025 cadere.
1675 1968 1838 2021 Pater
1879 1968 1995 2036 ipse
2021 1977 2217 2034 captus
2245 1964 2369 2018 vin—

780 2083 1011 2141 ctusque
1056 2070 1122 2123 ad
1172 2069 1558 2137 imperatorem
1605 2074 1719 2119 tum
1763 2064 1817 2117 in
1858 2064 2020 2133 regiis
2071 2062 2277 2114 aedibus
2317 2060 2368 2112 in

782 2164 965 2221 llieria
992 2174 1301 2217 versantem
1341 2160 1610 2211 adductus
1640 2196 1654 2221 ,
1684 2154 2045 2224 ejusdemque
2071 2154 2231 2221 jussu
2258 2149 2373 2203 Ma-

782 2255 965 2311 nuelis
1039 2252 1284 2323 magistri
1342 2248 1552 2316 judicio
1628 2247 1929 2308 subactus,
1996 2244 2159 2297 unius
2224 2240 2371 2295 oculi

782 2347 1081 2403 eﬂ‘ossione
1126 2346 1399 2410 uniusque
1432 2341 1560 2393 item
1594 2354 1790 2393 manus
1827 2334 2204 2404 amputationc
2250 2331 2370 2391 luit,

785 2451 899 2494 tum
929 2443 998 2491 oh
1024 2438 1221 2491 indicia
1258 2435 1423 2507 308
1448 2432 1649 2502 quibus
1677 2429 2048 2498 premebatur,
2080 2436 2191 2478 tum
2226 2421 2372 2493 quod

782 2541 1019 2586 conatus
1048 2539 1197 2584 esset
1238 2532 1304 2581 ad
1348 2531 1530 2579 hostes
1570 2522 1836 2591 dilIugere
1869 2536 1883 2586 ;
1926 2515 2070 2587 quod
2102 2515 2373 2578 reliquum

783 2634 889 2692 est,
919 2626 971 2678 in
1006 2622 1386 2678 Mesetnbriam
1406 2619 1677 2688 relegatus
1702 2611 1773 2666 ibi
1805 2609 2113 2665 consenuit.
2144 2606 2223 2659 Ae
2251 2604 2376 2674 qni-

784 2721 907 2774 dem
934 2716 1248 2787 Apostypis,
1281 2713 1385 2767 viri
1413 2710 1616 2780 alioqui
1652 2706 1797 2761 haud
1828 2703 2009 2775 probi,
2042 2718 2132 2755 res
2160 2700 2376 2768 cjusce-

787 2813 935 2868 modi
963 2811 1129 2866 ﬁnem
1167 2808 1431 2870 habuere.

858 2993 950 3051 68.
1001 2991 1224 3047 Interim
1268 2989 1397 3044 dum
1452 3001 1549 3058 per
1579 2985 1789 3054 legatos
1834 2980 1908 3035 ita
1941 2995 2028 3033 res
2066 2975 2378 3032 Occidentis

791 3083 1108 3157 imperatori
1152 3082 1629 3143 administrantur,
1663 3078 1757 3146 qui
1784 3075 1849 3129 ad
1895 3073 2179 3127 meridiem
2224 3073 2378 3126 inco-

789 3181 910 3236 lunt
931 3177 1161 3239 Arabes,
1180 3174 1480 3242 assumptis
1508 3172 1729 3234 animis,
1756 3168 1886 3223 dum
1918 3168 2096 3235 ipsum
2128 3163 2379 3219 desidere

792 3276 1124 3347 segniusque
1158 3285 1320 3341 agere
1352 3283 1417 3322 ac
1445 3265 1559 3320 otio
1587 3275 1802 3333 torpere
1830 3261 2171 3324 existimant,
2210 3257 2378 3311 maris

791 3345 893 3427 sibi
960 3345 1156 3421 iterum
1219 3362 1394 3416 aleam
1462 3355 1777 3413 tentandam
1854 3352 2221 3421 constituunt.
2275 3345 2379 3401 Per

792 3458 1090 3530 Egyptum
1130 3455 1315 3524 itaque
1362 3450 1638 3517 urbesque
1692 3444 1866 3515 Syria:
1900 3441 2205 3501 maritimas
2246 3453 2381 3492 cono

794 3551 1019 3610 statuetis
1050 3546 1282 3602 navibus
1326 3542 1630 3596 Romanam
1661 3537 1922 3591 ditionem
1956 3544 2100 3587 terra
2135 3530 2381 3599 marique

796 3644 1060 3700 infestare
1107 3637 1396 3709 parabant.
1425 3632 1616 3700 Opera:
1648 3630 1881 3700 pretium
1926 3636 2104 3680 tamen
2140 3623 2242 3677 rati
2285 3637 2382 3692 per

796 3736 1166 3806 speculatores
1189 3731 1342 3799 prius
1369 3729 1607 3782 lustrare
1634 3738 1697 3776 ae
1718 3719 1956 3788 experiri
1989 3732 2098 3788 quo
2121 3732 2181 3771 se
2222 3714 2382 3767 modo

795 3840 886 3880 res
917 3819 1263 3894 imperatoris
1294 3820 1576 3877 haberent,
1611 3811 1891 3866 hominem
1914 3808 2164 3862 Romano
2194 3806 2381 3860 habitu

798 3916 1094 3990 linguaque
1141 3920 1405 3974 utentem,
1452 3906 1546 3975 qui
1584 3903 1799 3973 singula
1845 3899 2141 3970 dispiceret
2193 3898 2384 3967 eisque

798 4009 1053 4071 referret,
1104 4004 1397 4065 miserunt.
1469 3997 1669 4052 Verum
1718 3995 2018 4062 imperator
2075 3990 2385 4060 reipublicae

798 4102 949 4157 curis
976 4099 1138 4154 enixe
1172 4093 1486 4164 invigilans,
1533 4106 1599 4144 ac
1630 4104 1751 4159 quae
1776 4088 1919 4141 bello
1950 4094 2255 4156 opportuna
2292 4098 2384 4137 es-

799 4202 921 4248 sent
965 4192 1017 4244 in
1063 4197 1409 4242 antecessum
1447 4196 1666 4252 parans,
1702 4194 1866 4250 quem
1920 4192 2021 4231 nec
2052 4176 2263 4245 lugeret
2297 4175 2386 4229 ille

800 4282 1042 4339 hostium
1089 4279 1285 4333 classis
1322 4279 1375 4329 in
1413 4274 1570 4346 Syria
1607 4283 1940 4343 apparatus,
1978 4269 2282 4322 triremium
2321 4281 2387 4319 ac

799 4375 1093 4431 biremium
1119 4369 1317 4440 majori
1345 4369 1610 4423 instructa
1640 4365 1798 4433 copia
1831 4363 2119 4429 classeque
2143 4358 2384 4429 Byzantii

801 4474 1131 4535 congregata
1158 4501 1173 4526 ,
1221 4461 1357 4531 quid
1412 4458 1579 4515 ferret
1620 4457 1806 4510 futura
1854 4454 1974 4507 dies
2016 4449 2382 4518 exspectabat.

800 4561 1082 4617 Classiarii
1116 4558 1354 4621 interim,
1406 4569 1475 4606 ne
1502 4567 1597 4621 per
1626 4550 1799 4603 otium
1848 4544 2263 4606 insolescerent,
2292 4554 2384 4594 ει·
2422 4572 2466 4627 D

803 4652 1062 4709 struenda
1096 4649 1319 4703 basilica
1347 4648 1399 4699 in
1422 4645 1570 4715 regio
1598 4642 1738 4696 atrio
1760 4638 1983 4709 (templo
2005 4636 2215 4690 scilicet
2239 4634 2385 4703 quod

804 4746 908 4798 sub
938 4743 1159 4796 nomine
1203 4736 1507 4792 Salvatoris
1550 4731 1722 4787 nostri
1768 4728 1897 4785 Jesu
1933 4726 2137 4783 Christi
2171 4733 2388 4781 sancto-

806 4852 1041 4905 rumque
1082 4833 1324 4888 cmlestis
1372 4828 1582 4883 militia:
1624 4823 1933 4895 principum
1977 4832 2188 4873 necnon
2256 4814 2387 4870 Elia:

805 4929 970 5000 309
998 4930 1274 4998 propheta:
1307 4921 1700 4984 ardilicabatnr)
1732 4928 1950 4983 operam
1993 4909 2243 4965 conferre
2268 4908 2389 4978 jus-

806 5022 898 5085 sit;
923 5034 1045 5073 cum
1068 5029 1198 5069 vero
1228 5028 1293 5067 ex
1308 5011 1480 5081 Syria:
1506 5008 1706 5061 tinibus
1731 5005 1971 5058 hostium
1995 5000 2188 5054 classis
2209 5014 2387 5051 emer-

808 5108 964 5171 serit,
1020 5123 1144 5161 mox
1193 5118 1390 5174 praesto
1445 5115 1568 5156 esse
1621 5098 1688 5152 ad
1734 5097 1954 5150 illorum
2006 5091 2387 5161 excipiendum

810 5203 1100 5272 impetum.
1138 5196 1370 5250 Veniens
1413 5194 1597 5261 itaque
1631 5204 1663 5244 e
1698 5186 1855 5258 Syria
1886 5184 2222 5255 explorator,
2254 5197 2390 5235 con-

812 5304 1106 5363 spectaque
1144 5300 1330 5358 parata
1377 5286 1558 5339 classe
1602 5298 1665 5336 ac
1707 5278 1992 5348 imperium
2022 5283 2391 5343 exspectante,

810 5393 1119 5452 cunctaque
1152 5391 1440 5435 assecutus
1470 5376 1681 5444 rithue
1704 5372 2024 5440 conjiciens,
2063 5367 2146 5420 his
2175 5367 2266 5435 qui
2297 5365 2396 5418 mi-

812 5483 1003 5533 serant
1036 5473 1269 5528 nuntiat.
1310 5470 1376 5525 Hi
1411 5484 1575 5539 porro
1610 5475 1802 5522 contra
1834 5476 1998 5533 quam
2036 5465 2393 5530 speraverant

2471 1969 2779 2039 ἀοζιιμαχίαν
2824 1970 2918 2024 καὶ
2950 1972 3140 2025 στάσιν
3168 1972 3444 2041 σφαγῆναι
3472 1974 3598 2035 τοὺς
3628 1973 3721 2026 δύο
3752 1972 3847 2025 τοῦ
3891 1972 4054 2025 Ἀπο-

2474 2065 2745 2133 στύππηδ
2803 2065 2974 2128 υἱοὺς,
3032 2065 3193 2117 αὐτὸν
3251 2065 3307 2118 δέ
3357 2065 3627 2135 ληφθῆναι
3689 2067 3783 2119 καὶ
3837 2066 4057 2133 δέσμιον

2472 2154 2705 2223 ἀχθῆναι
2740 2155 2871 2223 πρὸς
2902 2153 3126 2222 βασιλέα
3161 2156 3300 2208 κατὰ
3322 2157 3421 2219 τὰς
3444 2159 3502 2210 ἐν
3543 2143 3737 2228 Ἱερείᾳ
3767 2157 4056 2224 βασιλικὰς

2472 2240 2649 2302 οἰκίας
2678 2239 2740 2293 τὸ
2763 2242 3064 2311 τηνικαῦτα
3109 2245 3453 2311 τυγχάνοντα
3474 2260 3488 2275 ⁸
3528 2246 3586 2309 ὃς
3624 2249 3687 2316 τῇ
3718 2251 3899 2315 κρίσει
3932 2249 4056 2300 Μα-

2472 2332 2634 2401 νουὴλ
2663 2331 2756 2384 τοῦ
2791 2334 3093 2404 μαγίστρου
3137 2336 3391 2407 βασιλικῇ
3446 2337 3695 2391 κελεύσει
3756 2340 4056 2393 ὑποπεσὼν

2474 2422 2680 2476 καὶτὸν
2707 2422 2801 2475 ἕνα
2840 2423 2947 2475 τῶν
2973 2424 3269 2495 ὀφθαλμῶν
3296 2428 3575 2491 ἐκκοπεὶς,
3627 2429 3950 2498 ἀφαιρεθεὶς
4000 2431 4057 2482 δὲ

2474 2514 2569 2565 καὶ
2606 2514 2715 2567 τῶν
2756 2515 2955 2584 χειρῶν
2989 2516 3087 2583 τὴν
3138 2516 3269 2585 μίαν
3325 2516 3414 2568 διά
3447 2533 3506 2569 τε
3558 2517 3657 2587 τὴν
3692 2517 3920 2584 ἔνδειξιν
3960 2518 4064 2587 τὴν

2475 2608 2597 2660 κατ’
2635 2608 2800 2660 αὐτοῦ
2850 2608 2945 2661 καὶ
2986 2608 3073 2661 διὰ
3102 2608 3200 2678 τὴν
3229 2611 3423 2678 πεῖραν
3451 2609 3553 2677 τῆς
3578 2609 3714 2679 πρὸς
3743 2610 3871 2670 τοὺς
3902 2610 4063 2662 πολε-

2479 2705 2636 2773 μίους
2690 2704 2890 2773 φυγῆς,
2951 2703 3011 2756 τὸ
3070 2702 3257 2756 λοιπὸν
3302 2705 3360 2757 ἐν
3404 2704 3741 2775 Μεσημϐρίᾳ
3780 2704 4066 2774 ἐξόριστος

2476 2798 2843 2864 κατεγήρασε.
2898 2795 3009 2847 Καὶ
3056 2793 3126 2847 τὰ
3180 2793 3280 2864 μὲν
3312 2795 3455 2848 κατὰ
3490 2795 3582 2847 τὸν
3639 2796 4062 2864 ’Δποστύππη-ι,

2476 2886 2595 2940 οὐδὲ
2627 2887 2801 2948 ἄλλως
2822 2886 2951 2939 ὄντα
2981 2887 3237 2957 χρηστὸν,
3266 2884 3508 2939 τοιοῦτον
3540 2886 3693 2948 τέλος
3718 2886 3960 2949 ἐδέξατο.

2550 2979 2649 3049 ξη’.
2690 2980 2778 3032 Ἐν
2804 2980 2915 3048 ὅσῳ
2956 2979 3013 3033 δέ
3060 2979 3129 3033 τά
3160 2980 3304 3033 κατά
3340 2980 3440 3049 τὴν
3495 2978 3769 3048 Ἑσπέραν
3815 2978 3904 3031 διὰ
3956 2980 4068 3031 τῶν

2478 3069 2905 3141 ὑποστρατήγων
2937 3070 3014 3139 τῷ
3065 3070 3275 3139 βασιλεῖ
3312 3071 3740 3139 κατεπράττετο,
3775 3070 3826 3122 oi
3869 3073 3934 3122 ἐκ
3971 3087 4070 3138 με-

2482 3160 2756 3231 σημϐρίας
2820 3162 3259 3225 ἀναπνεύσαντες
3308 3162 3546 3231 Ἀραδες
3600 3164 3791 3231 ἀργεῖν
3849 3178 3910 3214 τε
3969 3162 4069 3214 καὶ

2484 3250 2765 3322 σχολάζειν
2792 3253 2886 3305 καὶ
2917 3250 3198 3322 ρᾳθυμοῦν
3222 3252 3243 3284 ⁸
3279 3253 3603 3321 νομίσαντες
3652 3252 4067 3322 ἀνεθάρρησαν,

2482 3342 2718 3394 καὶτῶν
2764 3343 2906 3395 κατά
2955 3343 3230 3397 θάλασσαν
3295 3341 3671 3396 ἀνθάπτεσθαι
3718 3344 4074 3411 πραγμάτων

2482 3434 2646 3488 πάλιν
2685 3434 3007 3501 διέγνωσαν,
3038 3436 3131 3488 καὶ
3160 3435 3223 3505 δὴ
3256 3435 3396 3489 κατά
3436 3452 3493 3489 τε
3527 3436 3627 3505 τὴν
3658 3436 3943 3502 Αἴγυπτον
3976 3436 4077 3488 καὶ

2480 3527 2580 3589 τὰς
2614 3528 2670 3578 ἐν
2693 3526 2863 3597 Συρία
2896 3526 3374 3597 παραθαλασσίους
3419 3528 3606 3590 πόλεις
3645 3527 3777 3591 ναῦς
3800 3529 4081 3596 τεκτηνά·

2487 3635 2638 3688 μενοι
2657 3619 2797 3671 κατά
2834 3618 2935 3686 τῆς
2965 3618 3240 3688 ὑποφόρου
3266 3618 3562 3689 Ῥωμοαίοις
3592 3619 3692 3687 γῆς
3742 3620 3836 3670 καὶ
3874 3616 4082 3671 θαλάσο

2485 3725 2585 3777 σης
2636 3708 3035 3778 ἐκστρατεῦσαι
3066 3706 3388 3760 διενοοῦντο.
3423 3706 3725 3776 Κρίναντες
3750 3705 3808 3757 δὲ
3837 3706 3953 3758 δεῖν
3989 3705 4085 3759 διὰ

2485 3802 2852 3855 κατασκόπων
2904 3801 3171 3872 πρότερον
3228 3800 3317 3872 [Ρ.
3350 3799 3476 3871 190]
3523 3800 3592 3853 τὰ
3628 3799 3894 3869 βασιλέως
3930 3799 4086 3869 πρά-

2483 3909 2671 3963 γματα
2702 3891 2965 3952 κατιδεῖν,
2984 3892 3076 3945 τὸν
3098 3891 3437 3961 ἐποψόμενον
3460 3891 3667 3944 ἐκαστα
3688 3891 3783 3942 καὶ
3808 3890 3952 3958 πρὸς
3981 3889 4086 3942 αύ-

2484 3985 2611 4047 τοὺς
2646 3982 3064 4053 ἀπαγγελοῦντα
3088 4024 3103 4047 ,
3150 3984 3436 4055 Ῥωμαϊκῇ
3499 3982 3660 4054 στολῇ
3694 3982 3792 4035 καὶ
3842 3982 4084 4051 γλώσσῃ

2485 4076 2788 4147 χρώμενον,
2836 4074 3249 4141 ἐξαπέστειλαν.
3297 4075 3357 4129 '0
3385 4076 3443 4129 δέ
3475 4074 3731 4144 βασιλεὺς
3783 4077 3907 4136 ταῖς
3946 4078 4086 4145 περὶ

2486 4169 2581 4221 τοῦ
2609 4169 2789 4222 κοινοῦ
2845 4168 3127 4240 φροντίσιν
3155 4169 3242 4221 ἀεὶ
3270 4169 3291 4199 ⁶
3319 4168 3614 4239 ἀγρυπνῶν
3643 4169 3736 4219 καὶ
3786 4167 3854 4220 τὰ
3885 4166 4087 4219 δέοντα

2488 4262 3171 4333 προπαρασκευαζόμενος,
3210 4262 3333 4315 ἐπεὶ
3366 4263 3500 4332 μηδὲ
3530 4263 3599 4314 τὰ
3652 4264 3711 4314 ἐν
3740 4262 3919 4330 Συρίᾳ
3948 4280 4087 4313 ναυ-

2488 4357 2810 4425 πηγούμενα
2838 4358 3000 4410 πλοῖα
3030 4355 3219 4408 τοῦτον
3272 4355 3509 4416 διέλαθε,
3552 4355 3814 4408 πλειόνων
3839 4355 3861 4384 ⁷
3922 4372 4092 4425 τριη-

2491 4448 2601 4518 ρῶν
2626 4448 2971 4517 κατασκευὴν
3018 4450 3349 4518 ἐποιήσατο,
3398 4452 3492 4501 καὶ
3536 4448 3638 4510 τὰς
3683 4447 3959 4509 ναυτικὰς
3994 4448 4091 4500 δυ-

2490 4542 2682 4608 νάμεις
2713 4541 2854 4594 κατά
2887 4542 2985 4610 τὴν
3017 4539 3263 4609 βασιλίδα
3295 4539 3619 4607 συναγαγὼν
3645 4539 3991 4607 ἐκαραδόκει
4024 4542 4090 4592 τὸ

2496 4632 2709 4702 μέλλον.
2746 4632 2854 4685 Καὶ
2883 4633 3017 4695 τέως
3052 4633 3174 4702 μὲν,
3206 4632 3281 4695 ὼς
3314 4632 3383 4686 ἂν
3414 4634 3488 4702 μὴ
3514 4632 3792 4701 σχολάζων
3820 4634 3849 4683 6
3893 4650 4095 4686 ναυτι-

2493 4725 2587 4787 κὸς
2621 4724 2777 4793 ὄχλος
2823 4725 3190 4795 ἀτακτότερος
3234 4726 3470 4792 γένοιτο,
3530 4728 3589 4778 ἐν
3622 4728 3687 4795 τῇ
3742 4726 4094 4797 ἀνοικοδομῇ

2492 4814 2587 4867 τοῦ
2611 4816 2751 4869 κατὰ
2780 4815 2878 4886 τὴν
2909 4816 3179 4885 βασίλειον
3211 4816 3382 4887 αὐλὴν
3412 4818 3763 4887 ἐγειρομένου
3788 4817 3919 4869 τότε
3953 4819 4095 4871 ναοῦ

2492 4908 2570 4969 εἰς
2606 4906 2778 4977 δνομα
2826 4907 2921 4961 τοῦ
2972 4909 3224 4978 Σωτῆρος
3281 4909 3439 4979 ἡμῶν
3492 4908 3669 4979 Ἰησοῦ
3700 4910 3955 4976 Χριστοῦ
3994 4912 4097 4964 καί

2490 4999 2601 5051 τῶν
2629 5001 3088 5071 ἀρχιστρατήγων
3121 5003 3215 5054 καὶ
3256 5002 3439 5055 Ἠλιοῦ
3482 5002 3575 5055 τοῦ
3602 5001 3868 5054 Θεσὸίτου
3893 5002 4101 5073 διωρίο

2494 5109 2625 5147 σατο
2669 5094 2868 5155 αὐτοὺς
2918 5094 3235 5163 ὑπουργεῖν.
3287 5096 3377 5157 ὅτε
3405 5095 3461 5148 δὲ
3488 5095 3597 5147 τῶν
3624 5097 3786 5166 ὁρίων
3813 5097 4041 5168 Συρίας
4072 5100 4102 5151 6

2492 5184 2704 5238 ἐκεῖθεν
2738 5186 2923 5246 στόλος
2949 5185 3320 5255 ὐπερκύπτων
3360 5190 3525 5259 φανῇ,
3572 5187 3961 5257 ἀποσταλῆναι
4002 5194 4103 5245 καὶ

2491 5277 2717 5340 τούτους
2762 5278 2899 5347 πρὸς
2955 5278 3053 5349 τὴν
3091 5280 3316 5333 ἐκείνων
3355 5282 3808 5352 ἀντιπαράταξιν.
3877 5285 4105 5339 Ἐλθὼν

2495 5369 2585 5423 οὖν
2611 5372 2639 5422 6
2658 5371 2767 5423 ἀπὸ
2798 5370 2998 5438 Συρίας
3030 5373 3396 5439 κατάσκοπος,
3429 5376 3522 5427 καὶ
3540 5376 3602 5428 τό
3629 5392 3689 5427 τε
3720 5373 3942 5444 πλῆθος
3971 5378 4107 5432 ίδὼν

2494 5463 2606 5513 τῶν
2627 5458 2763 5513 νεῶν
2791 5462 2887 5514 καὶ
2912 5462 3015 5531 τὴν
3040 5461 3271 5532 δύναμιν
3292 5465 3370 5529 ὡς
3410 5466 3602 5537 ἑτοίμη
3654 5468 3899 5537 πάρεστι
3956 5474 4106 5543 πρὸς

2125 5572 2360 5659 vinus:
2393 5573 2802 5631 LECTIONES.

889 5710 935 5788 τ’
965 5710 1249 5788 γεγονότος
1284 5712 1365 5788 AL
1426 5711 1469 5788 ξ’
1502 5706 1891 5788 ’ᾼποστύ-ππου
1914 5704 1992 5788 .Α.
2071 5701 2087 5731 ⁸
2123 5701 2391 5788 ξῖαγιάνου
2556 5701 2586 5776 ,⁸
2615 5699 2765 5788 πρὸςΑ
2782 5714 2896 5753 om.
2934 5696 2997 5752 Ρ.
3041 5700 3224 5788 ,³ὶκαὶ
3255 5704 3391 5775 πρὸς
3425 5702 3835 5783 αύτδνάγαγεῖν
3880 5720 4011 5761 om,
4046 5709 4107 5762 Ρ,

816 5780 1271 5846 δἈποστύππον,
1330 5780 1661 5833 Bzit'lierinns
1724 5780 2051 5831 ἀποστάτον.

818 5858 834 5886 ¹
862 5852 1101 5906 πλεόνων
1131 5854 1191 5904 Λ.

2133 5773 2154 5800 ⁵
2190 5767 2282 5824 καὶ
2338 5767 2687 5840 ραθυμοῦντα
2734 5770 2798 5837 Α,
2867 5784 2938 5840 an
2994 5772 3159 5825 αὑτὸν
3213 5767 3611 5845 ραθυμοῦνταῖ
3655 5767 3692 5804 ’⁸
3723 5767 3811 5828 ἀεὶ
3874 5792 4005 5833 out.
4039 5782 4108 5835 Α.
