  <div class='ocr_page' id='page_1' title='image "/cluster/home/n/w/nwhite01/storage/ocr_20150623/109/nnc1.0046979867/170.png"; bbox 0 0 4154 6446; ppageno 0'>
   <div class='ocr_carea' id='block_1_1' title="bbox 104 371 1653 441">
    <p class='ocr_par' dir='ltr' id='par_1_1' title="bbox 104 371 1653 437">
     <span class='ocr_line' id='line_1_1' title="bbox 104 371 1653 437; baseline -0.001 -2"><span class='ocrx_word' id='word_1_1' title='bbox 104 371 200 435; x_wconf 67' lang='grc'><strong>395</strong></span> <span class='ocrx_word' id='word_1_2' title='bbox 1216 375 1362 436; x_wconf 88' lang='lat' dir='ltr'><strong>LIB.</strong></span> <span class='ocrx_word' id='word_1_3' title='bbox 1395 378 1459 437; x_wconf 72' lang='grc' dir='ltr'><strong>ν.</strong></span> <span class='ocrx_word' id='word_1_4' title='bbox 1481 402 1547 410; x_wconf 87' lang='grc'><strong><em>-</em></strong></span> <span class='ocrx_word' id='word_1_5' title='bbox 1587 376 1653 435; x_wconf 71' lang='grc' dir='ltr'><strong>Βὶ</strong></span> 
     </span>
    </p>
   </div>
   <div class='ocr_carea' id='block_1_2' title="bbox 1755 371 2290 441">
    <p class='ocr_par' dir='ltr' id='par_1_2' title="bbox 1755 377 2290 441">
     <span class='ocr_line' id='line_1_2' title="bbox 1755 377 2290 441; baseline 0.013 -7"><span class='ocrx_word' id='word_1_6' title='bbox 1755 377 1941 437; x_wconf 85' lang='lat' dir='ltr'>LIUS</span> <span class='ocrx_word' id='word_1_7' title='bbox 1970 377 2290 441; x_wconf 70' lang='lat' dir='ltr'><strong>MACEDO.</strong></span> 
     </span>
    </p>
   </div>
   <div class='ocr_carea' id='block_1_3' title="bbox 3257 393 3366 455">
    <p class='ocr_par' dir='ltr' id='par_1_3' title="bbox 3257 393 3366 455">
     <span class='ocr_line' id='line_1_3' title="bbox 3257 393 3366 455; baseline -0.018 0"><span class='ocrx_word' id='word_1_8' title='bbox 3257 393 3366 455; x_wconf 70' lang='lat'><strong>3‘36</strong></span> 
     </span>
    </p>
   </div>
   <div class='ocr_carea' id='block_1_4' title="bbox 100 488 1653 567">
    <p class='ocr_par' dir='ltr' id='par_1_4' title="bbox 100 488 1653 564">
     <span class='ocr_line' id='line_1_4' title="bbox 100 488 1653 564; baseline 0.006 -27"><span class='ocrx_word' id='word_1_9' title='bbox 100 492 188 555; x_wconf 67' lang='grc' dir='ltr'><strong>τὴν</strong></span> <span class='ocrx_word' id='word_1_10' title='bbox 214 488 521 558; x_wconf 70' lang='grc' dir='ltr'>ἔκπεμψιν,</span> <span class='ocrx_word' id='word_1_11' title='bbox 553 492 647 544; x_wconf 75' lang='grc' dir='ltr'><strong>καὶ</strong></span> <span class='ocrx_word' id='word_1_12' title='bbox 677 492 851 544; x_wconf 70' lang='grc' dir='ltr'>πάντα</span> <span class='ocrx_word' id='word_1_13' title='bbox 883 492 1219 563; x_wconf 83' lang='grc' dir='ltr'>καταμαθών</span> <span class='ocrx_word' id='word_1_14' title='bbox 1264 510 1322 546; x_wconf 86' lang='grc' dir='ltr'><strong>τε</strong></span> <span class='ocrx_word' id='word_1_15' title='bbox 1353 496 1447 547; x_wconf 70' lang='grc' dir='ltr'><strong>καὶ</strong></span> <span class='ocrx_word' id='word_1_16' title='bbox 1480 511 1653 564; x_wconf 83' lang='grc' dir='ltr'>στοχα·</span> 
     </span>
    </p>
   </div>
   <div class='ocr_carea' id='block_1_5' title="bbox 1755 488 3365 567">
    <p class='ocr_par' dir='ltr' id='par_1_5' title="bbox 1776 492 3365 567">
     <span class='ocr_line' id='line_1_5' title="bbox 1776 492 3365 567; baseline 0.01 -22"><span class='ocrx_word' id='word_1_17' title='bbox 1776 492 1962 547; x_wconf 87' lang='lat' dir='ltr'><strong>audito</strong></span> <span class='ocrx_word' id='word_1_18' title='bbox 2005 496 2165 564; x_wconf 75' lang='lat' dir='ltr'><strong>regiae</strong></span> <span class='ocrx_word' id='word_1_19' title='bbox 2208 495 2400 550; x_wconf 67' lang='lat' dir='ltr'><strong>classis</strong></span> <span class='ocrx_word' id='word_1_20' title='bbox 2440 508 2724 567; x_wconf 86' lang='lat' dir='ltr'><strong>apparatu,</strong></span> <span class='ocrx_word' id='word_1_21' title='bbox 2776 511 2921 556; x_wconf 88' lang='lat' dir='ltr'><strong>metu</strong></span> <span class='ocrx_word' id='word_1_22' title='bbox 2963 502 3209 560; x_wconf 76' lang='lat' dir='ltr'><strong>deterriti</strong></span> <span class='ocrx_word' id='word_1_23' title='bbox 3240 520 3365 561; x_wconf 57' lang='lat' dir='ltr'><strong>eos.</strong></span> 
     </span>
    </p>
   </div>
   <div class='ocr_carea' id='block_1_6' title="bbox 104 581 1686 657">
    <p class='ocr_par' dir='ltr' id='par_1_6' title="bbox 104 581 1686 657">
     <span class='ocr_line' id='line_1_6' title="bbox 104 581 1686 657; baseline 0.006 -29"><span class='ocrx_word' id='word_1_24' title='bbox 104 586 353 646; x_wconf 68' lang='grc' dir='ltr'>σεμενος,</span> <span class='ocrx_word' id='word_1_25' title='bbox 393 581 735 649; x_wconf 71' lang='grc' dir='ltr'><strong>ἀπαγγέλλει</strong></span> <span class='ocrx_word' id='word_1_26' title='bbox 766 585 878 646; x_wconf 79' lang='grc' dir='ltr'>τοῖς</span> <span class='ocrx_word' id='word_1_27' title='bbox 918 584 1327 650; x_wconf 74' lang='grc' dir='ltr'>ἀποστείλασιν,</span> <span class='ocrx_word' id='word_1_28' title='bbox 1354 588 1402 639; x_wconf 81' lang='grc' dir='ltr'>οἳ</span> <span class='ocrx_word' id='word_1_29' title='bbox 1445 587 1579 657; x_wconf 80' lang='grc' dir='ltr'>παρ’</span> <span class='ocrx_word' id='word_1_30' title='bbox 1600 587 1686 638; x_wconf 83' lang='grc' dir='ltr'><strong>ὲλ-</strong></span> 
     </span>
    </p>
   </div>
   <div class='ocr_carea' id='block_1_7' title="bbox 98 670 1682 743">
    <p class='ocr_par' dir='ltr' id='par_1_7' title="bbox 98 670 1682 743">
     <span class='ocr_line' id='line_1_7' title="bbox 98 670 1682 743; baseline 0.007 -24"><span class='ocrx_word' id='word_1_31' title='bbox 98 670 218 720; x_wconf 61' lang='lat' dir='ltr'><strong>tilia</strong></span> <span class='ocrx_word' id='word_1_32' title='bbox 264 671 327 722; x_wconf 76' lang='grc' dir='ltr'>τὸ</span> <span class='ocrx_word' id='word_1_33' title='bbox 357 672 783 742; x_wconf 73' lang='grc' dir='ltr'>ιμπαράσκευον</span> <span class='ocrx_word' id='word_1_34' title='bbox 825 674 1092 743; x_wconf 86' lang='grc' dir='ltr'>βασιλέως</span> <span class='ocrx_word' id='word_1_35' title='bbox 1142 676 1500 740; x_wconf 82' lang='grc' dir='ltr'>ἀκούσαντες,</span> <span class='ocrx_word' id='word_1_36' title='bbox 1559 678 1682 730; x_wconf 80' lang='grc' dir='ltr'>τότε</span> 
     </span>
    </p>
   </div>
   <div class='ocr_carea' id='block_1_8' title="bbox 100 761 1685 837">
    <p class='ocr_par' dir='ltr' id='par_1_8' title="bbox 100 761 1685 837">
     <span class='ocr_line' id='line_1_8' title="bbox 100 761 1685 837; baseline 0.005 -25"><span class='ocrx_word' id='word_1_37' title='bbox 100 761 189 827; x_wconf 76' lang='grc' dir='ltr'><strong>μὲν</strong></span> <span class='ocrx_word' id='word_1_38' title='bbox 216 763 525 830; x_wconf 74' lang='grc' dir='ltr'><strong>πτήξαντες</strong></span> <span class='ocrx_word' id='word_1_39' title='bbox 553 765 652 834; x_wconf 79' lang='grc' dir='ltr'><strong>τὴν</strong></span> <span class='ocrx_word' id='word_1_40' title='bbox 692 765 925 835; x_wconf 75' lang='grc' dir='ltr'>ἡσυχίαν</span> <span class='ocrx_word' id='word_1_41' title='bbox 954 766 1250 834; x_wconf 70' lang='grc' dir='ltr'>ἠγάπησαν</span> <span class='ocrx_word' id='word_1_42' title='bbox 1290 769 1386 820; x_wconf 70' lang='grc' dir='ltr'><strong>καὶ</strong></span> <span class='ocrx_word' id='word_1_43' title='bbox 1422 767 1517 837; x_wconf 78' lang='grc' dir='ltr'><strong>τὴν</strong></span> <span class='ocrx_word' id='word_1_44' title='bbox 1548 769 1685 837; x_wconf 74' lang='grc' dir='ltr'>πρὸς</span> 
     </span>
    </p>
   </div>
   <div class='ocr_carea' id='block_1_9' title="bbox 95 854 1681 929">
    <p class='ocr_par' dir='ltr' id='par_1_9' title="bbox 95 854 1681 929">
     <span class='ocr_line' id='line_1_9' title="bbox 95 854 1681 929; baseline 0.006 -24"><span class='ocrx_word' id='word_1_45' title='bbox 95 854 177 905; x_wconf 66' lang='grc' dir='ltr'>τὸν</span> <span class='ocrx_word' id='word_1_46' title='bbox 202 854 446 907; x_wconf 74' lang='grc' dir='ltr'>ἔκπλουν</span> <span class='ocrx_word' id='word_1_47' title='bbox 470 857 705 926; x_wconf 75' lang='grc' dir='ltr'>σπουδὴν</span> <span class='ocrx_word' id='word_1_48' title='bbox 737 857 1078 921; x_wconf 67' lang='grc' dir='ltr'>διελύσαντο,</span> <span class='ocrx_word' id='word_1_49' title='bbox 1099 860 1257 927; x_wconf 80' lang='grc' dir='ltr'>ἔμενε</span> <span class='ocrx_word' id='word_1_50' title='bbox 1273 860 1329 913; x_wconf 83' lang='grc' dir='ltr'><strong>δὲ</strong></span> <span class='ocrx_word' id='word_1_51' title='bbox 1359 863 1506 929; x_wconf 77' lang='grc' dir='ltr'>ὅμως</span> <span class='ocrx_word' id='word_1_52' title='bbox 1541 863 1681 916; x_wconf 75' lang='grc' dir='ltr'>κατὰ</span> 
     </span>
    </p>
   </div>
   <div class='ocr_carea' id='block_1_10' title="bbox 96 939 1679 1018">
    <p class='ocr_par' dir='ltr' id='par_1_10' title="bbox 96 939 1679 1018">
     <span class='ocr_line' id='line_1_10' title="bbox 96 939 1679 1018; baseline 0.005 -25"><span class='ocrx_word' id='word_1_53' title='bbox 96 940 184 1008; x_wconf 75' lang='grc' dir='ltr'>τὴν</span> <span class='ocrx_word' id='word_1_54' title='bbox 214 939 620 1009; x_wconf 63' lang='grc' dir='ltr'><strong>βασιλεύουσαν</strong></span> <span class='ocrx_word' id='word_1_55' title='bbox 656 947 690 1014; x_wconf 80' lang='grc' dir='ltr'><strong>η</strong></span> <span class='ocrx_word' id='word_1_56' title='bbox 749 945 978 1016; x_wconf 78' lang='grc' dir='ltr'>ναυτικὴ</span> <span class='ocrx_word' id='word_1_57' title='bbox 1012 946 1224 1014; x_wconf 70' lang='grc' dir='ltr'>πληθὶς</span> <span class='ocrx_word' id='word_1_58' title='bbox 1252 949 1330 1010; x_wconf 77' lang='grc' dir='ltr'>εἰς</span> <span class='ocrx_word' id='word_1_59' title='bbox 1362 948 1423 999; x_wconf 85' lang='grc' dir='ltr'><strong>τὸ</strong></span> <span class='ocrx_word' id='word_1_60' title='bbox 1450 950 1679 1018; x_wconf 79' lang='grc' dir='ltr'>εἰρημέ-</span> 
     </span>
    </p>
   </div>
   <div class='ocr_carea' id='block_1_11' title="bbox 94 1032 806 1105">
    <p class='ocr_par' dir='ltr' id='par_1_11' title="bbox 94 1032 806 1105">
     <span class='ocr_line' id='line_1_11' title="bbox 94 1032 806 1105; baseline 0.007 -22"><span class='ocrx_word' id='word_1_61' title='bbox 94 1047 173 1083; x_wconf 77' lang='grc' dir='ltr'><strong>νον</strong></span> <span class='ocrx_word' id='word_1_62' title='bbox 206 1032 376 1099; x_wconf 78' lang='grc' dir='ltr'>ἔργον</span> <span class='ocrx_word' id='word_1_63' title='bbox 412 1035 806 1105; x_wconf 81' lang='grc' dir='ltr'>άσχολουμὲνη.</span> 
     </span>
    </p>
   </div>
   <div class='ocr_carea' id='block_1_12' title="bbox 155 1121 1677 1202">
    <p class='ocr_par' dir='ltr' id='par_1_12' title="bbox 155 1121 1677 1202">
     <span class='ocr_line' id='line_1_12' title="bbox 155 1121 1677 1202; baseline -0.001 -17"><span class='ocrx_word' id='word_1_64' title='bbox 155 1121 249 1189; x_wconf 62' lang='grc' dir='ltr'>ἔθ’.</span> <span class='ocrx_word' id='word_1_65' title='bbox 286 1125 347 1176; x_wconf 84' lang='grc' dir='ltr'><strong>Οἱ</strong></span> <span class='ocrx_word' id='word_1_66' title='bbox 377 1125 434 1176; x_wconf 83' lang='grc' dir='ltr'>δὲ</span> <span class='ocrx_word' id='word_1_67' title='bbox 467 1125 525 1175; x_wconf 78' lang='grc' dir='ltr'><strong>ἐν</strong></span> <span class='ocrx_word' id='word_1_68' title='bbox 554 1126 863 1196; x_wconf 75' lang='grc' dir='ltr'><strong>Καρχηδόνι</strong></span> <span class='ocrx_word' id='word_1_69' title='bbox 893 1126 1161 1199; x_wconf 64' lang='grc' dir='ltr'>βάρϐαροι</span> <span class='ocrx_word' id='word_1_70' title='bbox 1214 1129 1302 1182; x_wconf 78' lang='grc' dir='ltr'>διὰ</span> <span class='ocrx_word' id='word_1_71' title='bbox 1347 1130 1444 1194; x_wconf 70' lang='grc' dir='ltr'>τὰς</span> <span class='ocrx_word' id='word_1_72' title='bbox 1476 1148 1677 1202; x_wconf 72' lang='grc' dir='ltr'>προγεο</span> 
     </span>
    </p>
   </div>
   <div class='ocr_carea' id='block_1_13' title="bbox 91 1217 1676 1296">
    <p class='ocr_par' dir='ltr' id='par_1_13' title="bbox 91 1217 1676 1296">
     <span class='ocr_line' id='line_1_13' title="bbox 91 1217 1676 1296; baseline 0.009 -32"><span class='ocrx_word' id='word_1_73' title='bbox 91 1217 400 1283; x_wconf 83' lang='grc' dir='ltr'>γενημένας</span> <span class='ocrx_word' id='word_1_74' title='bbox 427 1218 601 1288; x_wconf 74' lang='grc' dir='ltr'>ἥττας</span> <span class='ocrx_word' id='word_1_75' title='bbox 627 1219 906 1282; x_wconf 84' lang='grc' dir='ltr'>δείσαντες</span> <span class='ocrx_word' id='word_1_76' title='bbox 956 1220 1031 1289; x_wconf 82' lang='grc' dir='ltr'>μὴ</span> <span class='ocrx_word' id='word_1_77' title='bbox 1077 1221 1214 1290; x_wconf 79' lang='grc' dir='ltr'>πρὸς</span> <span class='ocrx_word' id='word_1_78' title='bbox 1236 1222 1335 1293; x_wconf 74' lang='grc' dir='ltr'>τὴν</span> <span class='ocrx_word' id='word_1_79' title='bbox 1365 1224 1544 1276; x_wconf 80' lang='grc' dir='ltr'>αὐτῶν</span> <span class='ocrx_word' id='word_1_80' title='bbox 1574 1225 1676 1296; x_wconf 73' lang='grc' dir='ltr'>ἤδη</span> 
     </span>
    </p>
   </div>
   <div class='ocr_carea' id='block_1_14' title="bbox 90 1303 1677 1380">
    <p class='ocr_par' dir='ltr' id='par_1_14' title="bbox 90 1303 1677 1380">
     <span class='ocr_line' id='line_1_14' title="bbox 90 1303 1677 1380; baseline 0.008 -25"><span class='ocrx_word' id='word_1_81' title='bbox 90 1303 217 1373; x_wconf 70' lang='grc' dir='ltr'>πρὸς</span> <span class='ocrx_word' id='word_1_82' title='bbox 249 1304 315 1357; x_wconf 82' lang='grc' dir='ltr'>τὸ</span> <span class='ocrx_word' id='word_1_83' title='bbox 342 1306 472 1373; x_wconf 77' lang='grc' dir='ltr'><strong>ἑξῆς</strong></span> <span class='ocrx_word' id='word_1_84' title='bbox 504 1307 834 1377; x_wconf 76' lang='grc' dir='ltr'><strong>διαπερᾶσαι</strong></span> <span class='ocrx_word' id='word_1_85' title='bbox 869 1311 898 1361; x_wconf 85' lang='grc' dir='ltr'>ὁ</span> <span class='ocrx_word' id='word_1_86' title='bbox 926 1309 1110 1374; x_wconf 85' lang='grc' dir='ltr'>στόλος</span> <span class='ocrx_word' id='word_1_87' title='bbox 1136 1314 1164 1364; x_wconf 89' lang='grc' dir='ltr'><strong>ό</strong></span> <span class='ocrx_word' id='word_1_88' title='bbox 1214 1312 1525 1380; x_wconf 75' lang='grc' dir='ltr'><strong>Ῥωμαϊκὸς</strong></span> <span class='ocrx_word' id='word_1_89' title='bbox 1555 1332 1677 1367; x_wconf 85' lang='grc' dir='ltr'>πει-</span> 
     </span>
    </p>
   </div>
   <div class='ocr_carea' id='block_1_15' title="bbox 97 1397 1674 1478">
    <p class='ocr_par' dir='ltr' id='par_1_15' title="bbox 97 1397 1674 1478">
     <span class='ocr_line' id='line_1_15' title="bbox 97 1397 1674 1478; baseline 0.008 -31"><span class='ocrx_word' id='word_1_90' title='bbox 97 1397 290 1465; x_wconf 66' lang='grc' dir='ltr'>ρασθῇ.</span> <span class='ocrx_word' id='word_1_91' title='bbox 322 1397 422 1450; x_wconf 76' lang='grc' dir='ltr'>καὶ</span> <span class='ocrx_word' id='word_1_92' title='bbox 447 1397 536 1450; x_wconf 73' lang='grc' dir='ltr'><strong>διὰ</strong></span> <span class='ocrx_word' id='word_1_93' title='bbox 559 1397 718 1451; x_wconf 81' lang='grc' dir='ltr'>τοῦτο</span> <span class='ocrx_word' id='word_1_94' title='bbox 756 1399 891 1462; x_wconf 84' lang='grc' dir='ltr'><strong>ναῦς</strong></span> <span class='ocrx_word' id='word_1_95' title='bbox 930 1402 1123 1464; x_wconf 78' lang='grc' dir='ltr'>ἱκανάς</span> <span class='ocrx_word' id='word_1_96' title='bbox 1152 1405 1244 1456; x_wconf 81' lang='grc' dir='ltr'><strong>καὶ</strong></span> <span class='ocrx_word' id='word_1_97' title='bbox 1278 1405 1434 1458; x_wconf 77' lang='grc' dir='ltr'>αὐτοὶ</span> <span class='ocrx_word' id='word_1_98' title='bbox 1476 1424 1674 1478; x_wconf 80' lang='grc' dir='ltr'>τεκτηο</span> 
     </span>
    </p>
   </div>
   <div class='ocr_carea' id='block_1_16' title="bbox 90 1488 1670 1568">
    <p class='ocr_par' dir='ltr' id='par_1_16' title="bbox 90 1488 1670 1568">
     <span class='ocr_line' id='line_1_16' title="bbox 90 1488 1670 1568; baseline 0.011 -32"><span class='ocrx_word' id='word_1_99' title='bbox 90 1489 329 1554; x_wconf 71' lang='grc' dir='ltr'>ναμενοι,</span> <span class='ocrx_word' id='word_1_100' title='bbox 382 1491 506 1542; x_wconf 81' lang='grc' dir='ltr'>ἐπεὶ</span> <span class='ocrx_word' id='word_1_101' title='bbox 549 1491 645 1543; x_wconf 79' lang='grc' dir='ltr'><strong>τοῦ</strong></span> <span class='ocrx_word' id='word_1_102' title='bbox 678 1488 814 1562; x_wconf 79' lang='grc' dir='ltr'>ἦρος</span> <span class='ocrx_word' id='word_1_103' title='bbox 852 1494 1229 1565; x_wconf 81' lang='grc' dir='ltr'><strong>διεληλυθότος</strong></span> <span class='ocrx_word' id='word_1_104' title='bbox 1288 1498 1549 1568; x_wconf 81' lang='grc' dir='ltr'>οὐδεμίαν</span> <span class='ocrx_word' id='word_1_105' title='bbox 1607 1502 1670 1554; x_wconf 83' lang='grc' dir='ltr'>ὲκ</span> 
     </span>
    </p>
   </div>
   <div class='ocr_carea' id='block_1_17' title="bbox 88 1578 1669 1661">
    <p class='ocr_par' dir='ltr' id='par_1_17' title="bbox 88 1578 1669 1661">
     <span class='ocr_line' id='line_1_17' title="bbox 88 1578 1669 1661; baseline 0.008 -29"><span class='ocrx_word' id='word_1_106' title='bbox 88 1578 353 1647; x_wconf 79' lang='grc' dir='ltr'>βασιλέως</span> <span class='ocrx_word' id='word_1_107' title='bbox 407 1581 641 1652; x_wconf 82' lang='grc' dir='ltr'>δύναμιν</span> <span class='ocrx_word' id='word_1_108' title='bbox 679 1586 1048 1642; x_wconf 78' lang='grc' dir='ltr'>κατελθοῦσαν</span> <span class='ocrx_word' id='word_1_109' title='bbox 1078 1588 1361 1652; x_wconf 83' lang='grc' dir='ltr'>ἐπύθοντο,</span> <span class='ocrx_word' id='word_1_110' title='bbox 1388 1591 1669 1661; x_wconf 77' lang='grc' dir='ltr'>ὑποτοπή-</span> 
     </span>
    </p>
   </div>
   <div class='ocr_carea' id='block_1_18' title="bbox 86 1672 1670 1750">
    <p class='ocr_par' dir='ltr' id='par_1_18' title="bbox 86 1672 1670 1750">
     <span class='ocr_line' id='line_1_18' title="bbox 86 1672 1670 1750; baseline 0.009 -30"><span class='ocrx_word' id='word_1_111' title='bbox 86 1687 271 1733; x_wconf 73' lang='grc' dir='ltr'>σαντες</span> <span class='ocrx_word' id='word_1_112' title='bbox 295 1672 438 1742; x_wconf 78' lang='grc' dir='ltr'>πρὸς</span> <span class='ocrx_word' id='word_1_113' title='bbox 468 1673 649 1737; x_wconf 78' lang='grc' dir='ltr'>ἄλλοις</span> <span class='ocrx_word' id='word_1_114' title='bbox 680 1675 945 1746; x_wconf 82' lang='grc' dir='ltr'>πολέμοις</span> <span class='ocrx_word' id='word_1_115' title='bbox 976 1679 1206 1747; x_wconf 82' lang='grc' dir='ltr'>ἄσχολον</span> <span class='ocrx_word' id='word_1_116' title='bbox 1242 1682 1532 1750; x_wconf 82' lang='grc' dir='ltr'><strong>τυγχάνειν</strong></span> <span class='ocrx_word' id='word_1_117' title='bbox 1577 1683 1670 1736; x_wconf 76' lang='grc' dir='ltr'><strong>τὸν</strong></span> 
     </span>
    </p>
   </div>
   <div class='ocr_carea' id='block_1_19' title="bbox 86 1758 1663 1839">
    <p class='ocr_par' dir='ltr' id='par_1_19' title="bbox 86 1758 1663 1839">
     <span class='ocr_line' id='line_1_19' title="bbox 86 1758 1663 1839; baseline 0.01 -29"><span class='ocrx_word' id='word_1_118' title='bbox 86 1758 347 1825; x_wconf 77' lang='grc' dir='ltr'>βασιλέως</span> <span class='ocrx_word' id='word_1_119' title='bbox 418 1764 651 1834; x_wconf 83' lang='grc' dir='ltr'>στρατὸν</span> <span class='ocrx_word' id='word_1_120' title='bbox 708 1768 1173 1838; x_wconf 78' lang='grc' dir='ltr'>ἐκστρατεύεσθαι</span> <span class='ocrx_word' id='word_1_121' title='bbox 1217 1771 1361 1824; x_wconf 73' lang='grc' dir='ltr'>κατὰ</span> <span class='ocrx_word' id='word_1_122' title='bbox 1413 1772 1663 1839; x_wconf 80' lang='grc' dir='ltr'>Σικελίας</span> 
     </span>
    </p>
   </div>
   <div class='ocr_carea' id='block_1_20' title="bbox 1789 586 3364 664">
    <p class='ocr_par' dir='ltr' id='par_1_20' title="bbox 1789 586 3364 664">
     <span class='ocr_line' id='line_1_20' title="bbox 1789 586 3364 664; baseline 0.011 -27"><span class='ocrx_word' id='word_1_123' title='bbox 1789 600 1909 639; x_wconf 84' lang='lat' dir='ltr'><strong>sarc</strong></span> <span class='ocrx_word' id='word_1_124' title='bbox 1934 586 2199 642; x_wconf 75' lang='lat' dir='ltr'><strong>hactenus</strong></span> <span class='ocrx_word' id='word_1_125' title='bbox 2229 591 2452 657; x_wconf 77' lang='lat' dir='ltr'><strong>eligunt,</strong></span> <span class='ocrx_word' id='word_1_126' title='bbox 2496 593 2963 664; x_wconf 79' lang='lat' dir='ltr'><strong>cxpeditiouisque</strong></span> <span class='ocrx_word' id='word_1_127' title='bbox 2992 610 3055 650; x_wconf 90' lang='lat' dir='ltr'><strong>ac</strong></span> <span class='ocrx_word' id='word_1_128' title='bbox 3082 599 3364 654; x_wconf 80' lang='lat' dir='ltr'><strong>excursio-</strong></span> 
     </span>
    </p>
   </div>
   <div class='ocr_carea' id='block_1_21' title="bbox 1788 678 3364 759">
    <p class='ocr_par' dir='ltr' id='par_1_21' title="bbox 1788 678 3364 759">
     <span class='ocr_line' id='line_1_21' title="bbox 1788 678 3364 759; baseline 0.01 -32"><span class='ocrx_word' id='word_1_129' title='bbox 1788 678 1872 729; x_wconf 83' lang='lat' dir='ltr'><strong>nis</strong></span> <span class='ocrx_word' id='word_1_130' title='bbox 1920 679 2136 731; x_wconf 82' lang='lat' dir='ltr'><strong>solvunt</strong></span> <span class='ocrx_word' id='word_1_131' title='bbox 2185 682 2547 748; x_wconf 85' lang='lat' dir='ltr'><strong>propositum.</strong></span> <span class='ocrx_word' id='word_1_132' title='bbox 2598 681 2827 739; x_wconf 83' lang='lat' dir='ltr'><strong>Navales</strong></span> <span class='ocrx_word' id='word_1_133' title='bbox 2869 696 3048 741; x_wconf 83' lang='lat' dir='ltr'><strong>tamen</strong></span> <span class='ocrx_word' id='word_1_134' title='bbox 3090 691 3260 759; x_wconf 74' lang='lat' dir='ltr'><strong>copia:</strong></span> <span class='ocrx_word' id='word_1_135' title='bbox 3298 704 3364 743; x_wconf 89' lang='lat' dir='ltr'><strong>ac</strong></span> 
     </span>
    </p>
   </div>
   <div class='ocr_carea' id='block_1_22' title="bbox 1784 768 3361 848">
    <p class='ocr_par' dir='ltr' id='par_1_22' title="bbox 1784 768 3361 848">
     <span class='ocr_line' id='line_1_22' title="bbox 1784 768 3361 848; baseline 0.01 -28"><span class='ocrx_word' id='word_1_136' title='bbox 1784 768 2050 822; x_wconf 76' lang='lat' dir='ltr'><strong>classiarii</strong></span> <span class='ocrx_word' id='word_1_137' title='bbox 2096 769 2339 840; x_wconf 74' lang='lat' dir='ltr'><strong>Byzantii</strong></span> <span class='ocrx_word' id='word_1_138' title='bbox 2370 775 2684 840; x_wconf 83' lang='lat' dir='ltr'><strong>manebant,</strong></span> <span class='ocrx_word' id='word_1_139' title='bbox 2716 786 2879 845; x_wconf 76' lang='lat' dir='ltr'><strong>atque</strong></span> <span class='ocrx_word' id='word_1_140' title='bbox 2916 780 3041 834; x_wconf 86' lang='lat' dir='ltr'><strong>huic</strong></span> <span class='ocrx_word' id='word_1_141' title='bbox 3065 782 3207 848; x_wconf 85' lang='lat' dir='ltr'><strong>quod</strong></span> <span class='ocrx_word' id='word_1_142' title='bbox 3247 782 3361 836; x_wconf 66' lang='lat' dir='ltr'><strong>disi</strong></span> 
     </span>
    </p>
   </div>
   <div class='ocr_carea' id='block_1_23' title="bbox 1783 860 2301 929">
    <p class='ocr_par' dir='ltr' id='par_1_23' title="bbox 1783 860 2301 929">
     <span class='ocr_line' id='line_1_23' title="bbox 1783 860 2301 929; baseline 0.01 -20"><span class='ocrx_word' id='word_1_143' title='bbox 1783 860 1928 929; x_wconf 79' lang='lat' dir='ltr'><strong>operi</strong></span> <span class='ocrx_word' id='word_1_144' title='bbox 1963 860 2301 915; x_wconf 71' lang='lat' dir='ltr'><strong>insistebant.</strong></span> 
     </span>
    </p>
   </div>
   <div class='ocr_carea' id='block_1_24' title="bbox 1851 1122 3359 1200">
    <p class='ocr_par' dir='ltr' id='par_1_24' title="bbox 1851 1122 3359 1200">
     <span class='ocr_line' id='line_1_24' title="bbox 1851 1122 3359 1200; baseline 0.008 -26"><span class='ocrx_word' id='word_1_145' title='bbox 1851 1122 1939 1175; x_wconf 84' lang='lat'><strong>69.</strong></span> <span class='ocrx_word' id='word_1_146' title='bbox 1989 1122 2215 1178; x_wconf 85' lang='lat' dir='ltr'><strong>Barbari</strong></span> <span class='ocrx_word' id='word_1_147' title='bbox 2250 1134 2433 1179; x_wconf 84' lang='lat' dir='ltr'><strong>autem</strong></span> <span class='ocrx_word' id='word_1_148' title='bbox 2464 1126 2942 1197; x_wconf 75' lang='lat' dir='ltr'><strong>Carthaginienses,</strong></span> <span class='ocrx_word' id='word_1_149' title='bbox 2980 1138 3206 1199; x_wconf 82' lang='lat' dir='ltr'><strong>propter</strong></span> <span class='ocrx_word' id='word_1_150' title='bbox 3245 1131 3359 1200; x_wconf 89' lang='lat' dir='ltr'><strong>jam</strong></span> 
     </span>
    </p>
   </div>
   <div class='ocr_carea' id='block_1_25' title="bbox 1778 1216 3359 1291">
    <p class='ocr_par' dir='ltr' id='par_1_25' title="bbox 1778 1216 3359 1291">
     <span class='ocr_line' id='line_1_25' title="bbox 1778 1216 3359 1291; baseline 0.007 -25"><span class='ocrx_word' id='word_1_151' title='bbox 1778 1226 2031 1281; x_wconf 85' lang='lat' dir='ltr'><strong>acceptas</strong></span> <span class='ocrx_word' id='word_1_152' title='bbox 2059 1216 2240 1269; x_wconf 81' lang='lat' dir='ltr'><strong>clades</strong></span> <span class='ocrx_word' id='word_1_153' title='bbox 2283 1218 2437 1271; x_wconf 86' lang='lat' dir='ltr'><strong>veriti</strong></span> <span class='ocrx_word' id='word_1_154' title='bbox 2474 1234 2541 1271; x_wconf 86' lang='lat' dir='ltr'><strong>ne</strong></span> <span class='ocrx_word' id='word_1_155' title='bbox 2568 1230 2621 1272; x_wconf 88' lang='lat' dir='ltr'><strong>ct</strong></span> <span class='ocrx_word' id='word_1_156' title='bbox 2650 1218 2701 1271; x_wconf 91' lang='lat' dir='ltr'><strong>in</strong></span> <span class='ocrx_word' id='word_1_157' title='bbox 2745 1234 2873 1273; x_wconf 87' lang='lat' dir='ltr'><strong>suas</strong></span> <span class='ocrx_word' id='word_1_158' title='bbox 2911 1221 3165 1291; x_wconf 80' lang='lat' dir='ltr'><strong>deinceps</strong></span> <span class='ocrx_word' id='word_1_159' title='bbox 3200 1224 3359 1277; x_wconf 89' lang='lat' dir='ltr'><strong>sedes</strong></span> 
     </span>
    </p>
   </div>
   <div class='ocr_carea' id='block_1_26' title="bbox 1776 1304 3359 1382">
    <p class='ocr_par' dir='ltr' id='par_1_26' title="bbox 1776 1304 3359 1382">
     <span class='ocr_line' id='line_1_26' title="bbox 1776 1304 3359 1382; baseline 0.008 -24"><span class='ocrx_word' id='word_1_160' title='bbox 1776 1304 2022 1359; x_wconf 82' lang='lat' dir='ltr'><strong>Romana</strong></span> <span class='ocrx_word' id='word_1_161' title='bbox 2074 1307 2263 1361; x_wconf 82' lang='lat' dir='ltr'><strong>classis</strong></span> <span class='ocrx_word' id='word_1_162' title='bbox 2309 1310 2557 1377; x_wconf 83' lang='lat' dir='ltr'><strong>trajicere</strong></span> <span class='ocrx_word' id='word_1_163' title='bbox 2607 1319 2877 1376; x_wconf 85' lang='lat' dir='ltr'><strong>tentaret,</strong></span> <span class='ocrx_word' id='word_1_164' title='bbox 2935 1327 3109 1382; x_wconf 81' lang='lat' dir='ltr'><strong>eaque</strong></span> <span class='ocrx_word' id='word_1_165' title='bbox 3149 1317 3359 1370; x_wconf 84' lang='lat' dir='ltr'><strong>ratione</strong></span> 
     </span>
    </p>
   </div>
   <div class='ocr_carea' id='block_1_27' title="bbox 1776 1398 3359 1465">
    <p class='ocr_par' dir='ltr' id='par_1_27' title="bbox 1776 1398 3359 1465">
     <span class='ocr_line' id='line_1_27' title="bbox 1776 1398 3359 1465; baseline 0.008 -16"><span class='ocrx_word' id='word_1_166' title='bbox 1776 1400 1961 1450; x_wconf 89' lang='lat' dir='ltr'><strong>multis</strong></span> <span class='ocrx_word' id='word_1_167' title='bbox 1993 1408 2047 1450; x_wconf 87' lang='lat' dir='ltr'><strong>et</strong></span> <span class='ocrx_word' id='word_1_168' title='bbox 2075 1398 2175 1465; x_wconf 84' lang='lat' dir='ltr'><strong>ipsi</strong></span> <span class='ocrx_word' id='word_1_169' title='bbox 2211 1402 2505 1454; x_wconf 79' lang='lat' dir='ltr'><strong>exstructis</strong></span> <span class='ocrx_word' id='word_1_170' title='bbox 2534 1402 2785 1458; x_wconf 86' lang='lat' dir='ltr'><strong>navibus.</strong></span> <span class='ocrx_word' id='word_1_171' title='bbox 2818 1419 2942 1457; x_wconf 90' lang='lat' dir='ltr'><strong>cum</strong></span> <span class='ocrx_word' id='word_1_172' title='bbox 2968 1416 3201 1461; x_wconf 80' lang='lat' dir='ltr'><strong>exeunte</strong></span> <span class='ocrx_word' id='word_1_173' title='bbox 3233 1422 3359 1461; x_wconf 87' lang='lat' dir='ltr'><strong>vere</strong></span> 
     </span>
    </p>
   </div>
   <div class='ocr_carea' id='block_1_28' title="bbox 1774 1491 3356 1563">
    <p class='ocr_par' dir='ltr' id='par_1_28' title="bbox 1774 1491 3356 1563">
     <span class='ocr_line' id='line_1_28' title="bbox 1774 1491 3356 1563; baseline 0.008 -22"><span class='ocrx_word' id='word_1_174' title='bbox 1774 1491 1946 1544; x_wconf 90' lang='lat' dir='ltr'><strong>nullas</strong></span> <span class='ocrx_word' id='word_1_175' title='bbox 2006 1492 2350 1556; x_wconf 79' lang='lat' dir='ltr'><strong>imperatoris</strong></span> <span class='ocrx_word' id='word_1_176' title='bbox 2397 1494 2578 1548; x_wconf 80' lang='lat' dir='ltr'><strong>exisse</strong></span> <span class='ocrx_word' id='word_1_177' title='bbox 2622 1496 2808 1563; x_wconf 85' lang='lat' dir='ltr'><strong>copias</strong></span> <span class='ocrx_word' id='word_1_178' title='bbox 2866 1496 3206 1560; x_wconf 81' lang='lat' dir='ltr'><strong>didicissent,</strong></span> <span class='ocrx_word' id='word_1_179' title='bbox 3252 1499 3356 1554; x_wconf 89' lang='lat' dir='ltr'><strong>rati</strong></span> 
     </span>
    </p>
   </div>
   <div class='ocr_carea' id='block_1_29' title="bbox 1772 1581 3356 1648">
    <p class='ocr_par' dir='ltr' id='par_1_29' title="bbox 1772 1581 3356 1648">
     <span class='ocr_line' id='line_1_29' title="bbox 1772 1581 3356 1648; baseline 0.007 -14"><span class='ocrx_word' id='word_1_180' title='bbox 1772 1581 1917 1635; x_wconf 89' lang='lat' dir='ltr'><strong>illius</strong></span> <span class='ocrx_word' id='word_1_181' title='bbox 1957 1584 2213 1637; x_wconf 85' lang='lat' dir='ltr'><strong>cohortes</strong></span> <span class='ocrx_word' id='word_1_182' title='bbox 2249 1584 2404 1638; x_wconf 87' lang='lat' dir='ltr'><strong>hellis</strong></span> <span class='ocrx_word' id='word_1_183' title='bbox 2442 1586 2565 1641; x_wconf 88' lang='lat' dir='ltr'><strong>aliis</strong></span> <span class='ocrx_word' id='word_1_184' title='bbox 2607 1587 2876 1648; x_wconf 85' lang='lat' dir='ltr'><strong>distineri,</strong></span> <span class='ocrx_word' id='word_1_185' title='bbox 2908 1587 3173 1643; x_wconf 79' lang='lat' dir='ltr'><strong>adversus</strong></span> <span class='ocrx_word' id='word_1_186' title='bbox 3216 1591 3356 1644; x_wconf 87' lang='lat' dir='ltr'><strong>Sici-</strong></span> 
     </span>
    </p>
   </div>
   <div class='ocr_carea' id='block_1_30' title="bbox 1770 1670 3355 1746">
    <p class='ocr_par' dir='ltr' id='par_1_30' title="bbox 1770 1670 3355 1746">
     <span class='ocr_line' id='line_1_30' title="bbox 1770 1670 3355 1746; baseline 0.008 -25"><span class='ocrx_word' id='word_1_187' title='bbox 1770 1670 1896 1725; x_wconf 79' lang='lat' dir='ltr'><strong>liam</strong></span> <span class='ocrx_word' id='word_1_188' title='bbox 1938 1689 2062 1725; x_wconf 90' lang='lat' dir='ltr'><strong>cum</strong></span> <span class='ocrx_word' id='word_1_189' title='bbox 2108 1675 2394 1729; x_wconf 73' lang='lat' dir='ltr'><strong>navalibus</strong></span> <span class='ocrx_word' id='word_1_190' title='bbox 2425 1677 2598 1743; x_wconf 91' lang='lat' dir='ltr'><strong>copiis</strong></span> <span class='ocrx_word' id='word_1_191' title='bbox 2644 1678 3082 1746; x_wconf 79' lang='lat' dir='ltr'><strong>proﬁciscuntur.</strong></span> <span class='ocrx_word' id='word_1_192' title='bbox 3128 1678 3355 1734; x_wconf 79' lang='lat' dir='ltr'><strong>Venien-</strong></span> 
     </span>
    </p>
   </div>
   <div class='ocr_carea' id='block_1_31' title="bbox 1771 1764 3353 1842">
    <p class='ocr_par' dir='ltr' id='par_1_31' title="bbox 1771 1764 3353 1842">
     <span class='ocr_line' id='line_1_31' title="bbox 1771 1764 3353 1842; baseline 0.007 -25"><span class='ocrx_word' id='word_1_193' title='bbox 1771 1774 1957 1832; x_wconf 83' lang='lat' dir='ltr'><strong>tesque</strong></span> <span class='ocrx_word' id='word_1_194' title='bbox 1988 1764 2052 1817; x_wconf 80' lang='lat' dir='ltr'><strong>ad</strong></span> <span class='ocrx_word' id='word_1_195' title='bbox 2076 1766 2197 1833; x_wconf 81' lang='lat' dir='ltr'><strong>ejus</strong></span> <span class='ocrx_word' id='word_1_196' title='bbox 2236 1768 2573 1836; x_wconf 86' lang='lat' dir='ltr'><strong>metmpolim</strong></span> <span class='ocrx_word' id='word_1_197' title='bbox 2609 1770 2825 1838; x_wconf 82' lang='lat' dir='ltr'><strong>(nempe</strong></span> <span class='ocrx_word' id='word_1_198' title='bbox 2860 1770 3181 1842; x_wconf 81' lang='lat' dir='ltr'><strong>Syracusas)</strong></span> <span class='ocrx_word' id='word_1_199' title='bbox 3210 1772 3353 1828; x_wconf 82' lang='lat' dir='ltr'><strong>vallo</strong></span> 
     </span>
    </p>
   </div>
   <div class='ocr_carea' id='block_1_32' title="bbox 82 1846 1653 1938">
    <p class='ocr_par' dir='ltr' id='par_1_32' title="bbox 82 1856 1653 1938">
     <span class='ocr_line' id='line_1_32' title="bbox 82 1856 1653 1938; baseline 0.009 -31"><span class='ocrx_word' id='word_1_200' title='bbox 82 1856 419 1926; x_wconf 66' lang='grc' dir='ltr'>ἐθάρρησαν.</span> <span class='ocrx_word' id='word_1_201' title='bbox 450 1859 705 1929; x_wconf 77' lang='grc' dir='ltr'>καὶπρὸς</span> <span class='ocrx_word' id='word_1_202' title='bbox 735 1863 835 1932; x_wconf 81' lang='grc' dir='ltr'>τὴν</span> <span class='ocrx_word' id='word_1_203' title='bbox 870 1864 1077 1935; x_wconf 81' lang='grc' dir='ltr'><strong>ταύτης</strong></span> <span class='ocrx_word' id='word_1_204' title='bbox 1111 1865 1359 1929; x_wconf 83' lang='grc' dir='ltr'>ἐλθόντες</span> <span class='ocrx_word' id='word_1_205' title='bbox 1391 1870 1653 1938; x_wconf 72' lang='grc' dir='ltr'>μητρόποι</span> 
     </span>
    </p>
   </div>
   <div class='ocr_carea' id='block_1_33' title="bbox 1755 1846 3352 1938">
    <p class='ocr_par' dir='ltr' id='par_1_33' title="bbox 1769 1854 3352 1933">
     <span class='ocr_line' id='line_1_33' title="bbox 1769 1854 3352 1933; baseline 0.008 -25"><span class='ocrx_word' id='word_1_206' title='bbox 1769 1870 1887 1908; x_wconf 88' lang='lat' dir='ltr'><strong>eam</strong></span> <span class='ocrx_word' id='word_1_207' title='bbox 1917 1854 2229 1921; x_wconf 80' lang='lat' dir='ltr'><strong>cinxerunt,</strong></span> <span class='ocrx_word' id='word_1_208' title='bbox 2264 1858 2407 1911; x_wconf 88' lang='lat' dir='ltr'><strong>circa</strong></span> <span class='ocrx_word' id='word_1_209' title='bbox 2429 1874 2547 1911; x_wconf 76' lang='lat' dir='ltr'><strong>eam</strong></span> <span class='ocrx_word' id='word_1_210' title='bbox 2575 1861 2749 1927; x_wconf 90' lang='lat' dir='ltr'><strong>posita</strong></span> <span class='ocrx_word' id='word_1_211' title='bbox 2784 1861 3099 1930; x_wconf 59' lang='lat' dir='ltr'><strong>diripivutes</strong></span> <span class='ocrx_word' id='word_1_212' title='bbox 3131 1880 3352 1933; x_wconf 84' lang='lat' dir='ltr'><strong>agrum-</strong></span> 
     </span>
    </p>
   </div>
   <div class='ocr_carea' id='block_1_34' title="bbox 82 1946 1665 2028">
    <p class='ocr_par' dir='ltr' id='par_1_34' title="bbox 82 1946 1665 2028">
     <span class='ocr_line' id='line_1_34' title="bbox 82 1946 1665 2028; baseline 0.011 -31"><span class='ocrx_word' id='word_1_213' title='bbox 82 1946 175 2006; x_wconf 85' lang='grc' dir='ltr'>λιν,</span> <span class='ocrx_word' id='word_1_214' title='bbox 206 1950 310 2011; x_wconf 82' lang='grc' dir='ltr'>τὰς</span> <span class='ocrx_word' id='word_1_215' title='bbox 355 1950 711 2019; x_wconf 76' lang='grc' dir='ltr'>Συρακούσας</span> <span class='ocrx_word' id='word_1_216' title='bbox 754 1956 916 2022; x_wconf 76' lang='grc' dir='ltr'>φημὶ,</span> <span class='ocrx_word' id='word_1_217' title='bbox 948 1955 1157 2027; x_wconf 89' lang='grc' dir='ltr'>ταύτην</span> <span class='ocrx_word' id='word_1_218' title='bbox 1183 1958 1537 2028; x_wconf 80' lang='grc' dir='ltr'><strong>ἐπολιόρκουν</strong></span> <span class='ocrx_word' id='word_1_219' title='bbox 1569 1963 1665 2015; x_wconf 71' lang='grc' dir='ltr'>καὶ</span> 
     </span>
    </p>
   </div>
   <div class='ocr_carea' id='block_1_35' title="bbox 82 2040 1666 2119">
    <p class='ocr_par' dir='ltr' id='par_1_35' title="bbox 82 2040 1666 2119">
     <span class='ocr_line' id='line_1_35' title="bbox 82 2040 1666 2119; baseline 0.01 -31"><span class='ocrx_word' id='word_1_220' title='bbox 82 2040 200 2107; x_wconf 76' lang='grc' dir='ltr'>περὶ</span> <span class='ocrx_word' id='word_1_221' title='bbox 220 2041 404 2112; x_wconf 73' lang='grc' dir='ltr'>αὐτὴν</span> <span class='ocrx_word' id='word_1_222' title='bbox 450 2042 733 2112; x_wconf 73' lang='grc' dir='ltr'>ἐληΐζοντο</span> <span class='ocrx_word' id='word_1_223' title='bbox 761 2046 855 2098; x_wconf 76' lang='grc' dir='ltr'><strong>καὶ</strong></span> <span class='ocrx_word' id='word_1_224' title='bbox 886 2046 1182 2117; x_wconf 82' lang='grc' dir='ltr'>κατεδῄουν</span> <span class='ocrx_word' id='word_1_225' title='bbox 1214 2048 1312 2119; x_wconf 85' lang='grc' dir='ltr'>τὴν</span> <span class='ocrx_word' id='word_1_226' title='bbox 1339 2047 1525 2119; x_wconf 84' lang='grc' dir='ltr'>χώραν</span> <span class='ocrx_word' id='word_1_227' title='bbox 1570 2054 1666 2105; x_wconf 79' lang='grc' dir='ltr'>καὶ</span> 
     </span>
    </p>
   </div>
   <div class='ocr_carea' id='block_1_36' title="bbox 81 2130 1663 2211">
    <p class='ocr_par' dir='ltr' id='par_1_36' title="bbox 81 2130 1663 2211">
     <span class='ocr_line' id='line_1_36' title="bbox 81 2130 1663 2211; baseline 0.009 -30"><span class='ocrx_word' id='word_1_228' title='bbox 81 2130 140 2182; x_wconf 71' lang='grc' dir='ltr'><strong>τά</strong></span> <span class='ocrx_word' id='word_1_229' title='bbox 160 2134 495 2200; x_wconf 71' lang='grc' dir='ltr'><strong>προάστεια.</strong></span> <span class='ocrx_word' id='word_1_230' title='bbox 521 2134 628 2187; x_wconf 83' lang='grc' dir='ltr'><strong>Τοῦ</strong></span> <span class='ocrx_word' id='word_1_231' title='bbox 659 2136 716 2188; x_wconf 85' lang='grc' dir='ltr'>δὲ</span> <span class='ocrx_word' id='word_1_232' title='bbox 746 2137 1057 2207; x_wconf 83' lang='grc' dir='ltr'>στρατηγοῦ</span> <span class='ocrx_word' id='word_1_233' title='bbox 1078 2140 1177 2208; x_wconf 84' lang='grc' dir='ltr'><strong>τῆς</strong></span> <span class='ocrx_word' id='word_1_234' title='bbox 1206 2139 1227 2168; x_wconf 76' lang='grc'><strong><em>⁸</em></strong></span> <span class='ocrx_word' id='word_1_235' title='bbox 1253 2139 1502 2203; x_wconf 78' lang='grc' dir='ltr'>Σικελίας</span> <span class='ocrx_word' id='word_1_236' title='bbox 1533 2140 1663 2211; x_wconf 82' lang='grc' dir='ltr'>δῆλα</span> 
     </span>
    </p>
   </div>
   <div class='ocr_carea' id='block_1_37' title="bbox 78 2221 1663 2303">
    <p class='ocr_par' dir='ltr' id='par_1_37' title="bbox 78 2221 1663 2303">
     <span class='ocr_line' id='line_1_37' title="bbox 78 2221 1663 2303; baseline 0.01 -31"><span class='ocrx_word' id='word_1_237' title='bbox 78 2221 241 2274; x_wconf 73' lang='grc' dir='ltr'>ταῦτα</span> <span class='ocrx_word' id='word_1_238' title='bbox 266 2224 346 2292; x_wconf 78' lang='grc' dir='ltr'>τῷ</span> <span class='ocrx_word' id='word_1_239' title='bbox 371 2224 588 2293; x_wconf 83' lang='grc' dir='ltr'>βασιλεί</span> <span class='ocrx_word' id='word_1_240' title='bbox 610 2230 1076 2299; x_wconf 80' lang='grc' dir='ltr'>καταστήσαντος,</span> <span class='ocrx_word' id='word_1_241' title='bbox 1107 2231 1309 2294; x_wconf 77' lang='grc' dir='ltr'>εὐθέως</span> <span class='ocrx_word' id='word_1_242' title='bbox 1342 2236 1375 2303; x_wconf 82' lang='grc' dir='ltr'><strong>ή</strong></span> <span class='ocrx_word' id='word_1_243' title='bbox 1404 2237 1540 2288; x_wconf 69' lang='grc' dir='ltr'>κατὰ</span> <span class='ocrx_word' id='word_1_244' title='bbox 1567 2238 1663 2291; x_wconf 83' lang='grc' dir='ltr'>Συ-</span> 
     </span>
    </p>
   </div>
   <div class='ocr_carea' id='block_1_38' title="bbox 79 2314 1663 2396">
    <p class='ocr_par' dir='ltr' id='par_1_38' title="bbox 79 2314 1663 2396">
     <span class='ocr_line' id='line_1_38' title="bbox 79 2314 1663 2396; baseline 0.011 -33"><span class='ocrx_word' id='word_1_245' title='bbox 79 2314 192 2381; x_wconf 77' lang='grc' dir='ltr'>ρίας</span> <span class='ocrx_word' id='word_1_246' title='bbox 238 2318 672 2384; x_wconf 76' lang='grc' dir='ltr'>εύτρεπισθεῖσα</span> <span class='ocrx_word' id='word_1_247' title='bbox 707 2318 939 2389; x_wconf 86' lang='grc' dir='ltr'>δύναμις</span> <span class='ocrx_word' id='word_1_248' title='bbox 989 2324 1123 2392; x_wconf 84' lang='grc' dir='ltr'>πρὸς</span> <span class='ocrx_word' id='word_1_249' title='bbox 1168 2324 1419 2378; x_wconf 80' lang='grc' dir='ltr'>Σικελίαν</span> <span class='ocrx_word' id='word_1_250' title='bbox 1454 2329 1663 2396; x_wconf 75' lang='grc' dir='ltr'>ἐκπέμ-</span> 
     </span>
    </p>
   </div>
   <div class='ocr_carea' id='block_1_39' title="bbox 78 2408 1660 2488">
    <p class='ocr_par' dir='ltr' id='par_1_39' title="bbox 78 2408 1660 2488">
     <span class='ocr_line' id='line_1_39' title="bbox 78 2408 1660 2488; baseline 0.01 -34"><span class='ocrx_word' id='word_1_251' title='bbox 78 2422 251 2467; x_wconf 80' lang='grc' dir='ltr'>πεται.</span> <span class='ocrx_word' id='word_1_252' title='bbox 290 2408 577 2477; x_wconf 80' lang='grc' dir='ltr'>Ἀδριανόν</span> <span class='ocrx_word' id='word_1_253' title='bbox 608 2428 730 2463; x_wconf 87' lang='grc' dir='ltr'>τινα</span> <span class='ocrx_word' id='word_1_254' title='bbox 763 2411 1039 2482; x_wconf 88' lang='grc' dir='ltr'>ναύαρχον</span> <span class='ocrx_word' id='word_1_255' title='bbox 1075 2413 1274 2484; x_wconf 82' lang='grc' dir='ltr'>ἔχουσα</span> <span class='ocrx_word' id='word_1_256' title='bbox 1304 2431 1318 2446; x_wconf 75' lang='grc' dir='ltr'>ο</span> <span class='ocrx_word' id='word_1_257' title='bbox 1350 2412 1505 2479; x_wconf 73' lang='grc' dir='ltr'>οὗτος</span> <span class='ocrx_word' id='word_1_258' title='bbox 1553 2420 1660 2488; x_wconf 77' lang='grc' dir='ltr'><strong>γάρ</strong></span> 
     </span>
    </p>
   </div>
   <div class='ocr_carea' id='block_1_40' title="bbox 77 2496 1658 2576">
    <p class='ocr_par' dir='ltr' id='par_1_40' title="bbox 77 2496 1658 2576">
     <span class='ocr_line' id='line_1_40' title="bbox 77 2496 1658 2576; baseline 0.009 -29"><span class='ocrx_word' id='word_1_259' title='bbox 77 2496 221 2565; x_wconf 71' lang='grc' dir='ltr'>ἔτυχε</span> <span class='ocrx_word' id='word_1_260' title='bbox 248 2499 378 2550; x_wconf 89' lang='grc' dir='ltr'>τότε</span> <span class='ocrx_word' id='word_1_261' title='bbox 414 2500 511 2568; x_wconf 79' lang='grc' dir='ltr'>τῆς</span> <span class='ocrx_word' id='word_1_262' title='bbox 532 2504 795 2569; x_wconf 72' lang='grc' dir='ltr'>ναυτικῆς</span> <span class='ocrx_word' id='word_1_263' title='bbox 823 2503 1104 2574; x_wconf 85' lang='grc' dir='ltr'>δυνάμεως</span> <span class='ocrx_word' id='word_1_264' title='bbox 1137 2506 1522 2576; x_wconf 81' lang='grc' dir='ltr'>ἐξηγούμενος.</span> <span class='ocrx_word' id='word_1_265' title='bbox 1564 2510 1658 2572; x_wconf 82' lang='grc' dir='ltr'>’ος</span> 
     </span>
    </p>
   </div>
   <div class='ocr_carea' id='block_1_41' title="bbox 76 2592 1655 2671">
    <p class='ocr_par' dir='ltr' id='par_1_41' title="bbox 76 2592 1655 2671">
     <span class='ocr_line' id='line_1_41' title="bbox 76 2592 1655 2671; baseline 0.008 -28"><span class='ocrx_word' id='word_1_266' title='bbox 76 2592 173 2643; x_wconf 75' lang='grc' dir='ltr'><strong>ἀπὸ</strong></span> <span class='ocrx_word' id='word_1_267' title='bbox 196 2593 299 2661; x_wconf 80' lang='grc' dir='ltr'>τῆς</span> <span class='ocrx_word' id='word_1_268' title='bbox 326 2593 601 2662; x_wconf 81' lang='grc' dir='ltr'>βασιλίδος</span> <span class='ocrx_word' id='word_1_269' title='bbox 632 2594 1085 2666; x_wconf 78' lang='grc' dir='ltr'>ἐξορμισάμενος,</span> <span class='ocrx_word' id='word_1_270' title='bbox 1128 2602 1459 2668; x_wconf 82' lang='grc' dir='ltr'>πνευμάτων</span> <span class='ocrx_word' id='word_1_271' title='bbox 1492 2602 1548 2655; x_wconf 77' lang='grc' dir='ltr'>δὲ</span> <span class='ocrx_word' id='word_1_272' title='bbox 1582 2605 1655 2671; x_wconf 79' lang='grc' dir='ltr'><strong>μὴ</strong></span> 
     </span>
    </p>
   </div>
   <div class='ocr_carea' id='block_1_42' title="bbox 76 2684 1657 2761">
    <p class='ocr_par' dir='ltr' id='par_1_42' title="bbox 76 2684 1657 2761">
     <span class='ocr_line' id='line_1_42' title="bbox 76 2684 1657 2761; baseline 0.008 -29"><span class='ocrx_word' id='word_1_273' title='bbox 76 2684 412 2752; x_wconf 74' lang='grc' dir='ltr'>εύμοιρὴσας</span> <span class='ocrx_word' id='word_1_274' title='bbox 450 2686 774 2754; x_wconf 77' lang='grc' dir='ltr'>ἐπιτηδείων</span> <span class='ocrx_word' id='word_1_275' title='bbox 802 2691 897 2739; x_wconf 77' lang='grc' dir='ltr'><strong>καὶ</strong></span> <span class='ocrx_word' id='word_1_276' title='bbox 937 2688 1148 2754; x_wconf 82' lang='grc' dir='ltr'>δεξιῶν,</span> <span class='ocrx_word' id='word_1_277' title='bbox 1191 2691 1347 2757; x_wconf 81' lang='grc' dir='ltr'>μόλις</span> <span class='ocrx_word' id='word_1_278' title='bbox 1390 2693 1657 2761; x_wconf 74' lang='grc' dir='ltr'>κατῆλθεν</span> 
     </span>
    </p>
   </div>
   <div class='ocr_carea' id='block_1_43' title="bbox 74 2774 1654 2851">
    <p class='ocr_par' dir='ltr' id='par_1_43' title="bbox 74 2774 1654 2851">
     <span class='ocr_line' id='line_1_43' title="bbox 74 2774 1654 2851; baseline 0.005 -24"><span class='ocrx_word' id='word_1_279' title='bbox 74 2774 191 2842; x_wconf 68' lang='grc' dir='ltr'>ἇλρι</span> <span class='ocrx_word' id='word_1_280' title='bbox 222 2776 667 2845; x_wconf 70' lang='grc' dir='ltr'>Πελοποννήσου,</span> <span class='ocrx_word' id='word_1_281' title='bbox 712 2781 767 2830; x_wconf 80' lang='grc' dir='ltr'>ὲν</span> <span class='ocrx_word' id='word_1_282' title='bbox 794 2779 1161 2851; x_wconf 78' lang='grc' dir='ltr'>Μονεμὸασίᾳ</span> <span class='ocrx_word' id='word_1_283' title='bbox 1196 2782 1251 2834; x_wconf 80' lang='grc' dir='ltr'>δὲ</span> <span class='ocrx_word' id='word_1_284' title='bbox 1284 2784 1341 2836; x_wconf 84' lang='grc' dir='ltr'>ὲν</span> <span class='ocrx_word' id='word_1_285' title='bbox 1366 2783 1445 2851; x_wconf 80' lang='grc' dir='ltr'><strong>τῷ</strong></span> <span class='ocrx_word' id='word_1_286' title='bbox 1474 2784 1654 2849; x_wconf 79' lang='grc' dir='ltr'>λιμένι</span> 
     </span>
    </p>
   </div>
   <div class='ocr_carea' id='block_1_44' title="bbox 72 2866 1656 2941">
    <p class='ocr_par' dir='ltr' id='par_1_44' title="bbox 72 2866 1656 2941">
     <span class='ocr_line' id='line_1_44' title="bbox 72 2866 1656 2941; baseline 0.006 -24"><span class='ocrx_word' id='word_1_287' title='bbox 72 2866 141 2934; x_wconf 75' lang='grc' dir='ltr'>τῷ</span> <span class='ocrx_word' id='word_1_288' title='bbox 170 2868 507 2938; x_wconf 75' lang='grc' dir='ltr'>καλουμένῳ</span> <span class='ocrx_word' id='word_1_289' title='bbox 548 2868 785 2940; x_wconf 87' lang='grc' dir='ltr'>Ἰἐρακος</span> <span class='ocrx_word' id='word_1_290' title='bbox 822 2873 1201 2941; x_wconf 80' lang='grc' dir='ltr'>προσορμίσας</span> <span class='ocrx_word' id='word_1_291' title='bbox 1235 2874 1335 2937; x_wconf 70' lang='grc' dir='ltr'><strong>τὰς</strong></span> <span class='ocrx_word' id='word_1_292' title='bbox 1370 2875 1501 2935; x_wconf 76' lang='grc' dir='ltr'>ναῦς</span> <span class='ocrx_word' id='word_1_293' title='bbox 1534 2877 1656 2926; x_wconf 76' lang='grc' dir='ltr'>ἐπί-</span> 
     </span>
    </p>
   </div>
   <div class='ocr_carea' id='block_1_45' title="bbox 72 2958 1655 3032">
    <p class='ocr_par' dir='ltr' id='par_1_45' title="bbox 72 2958 1655 3032">
     <span class='ocr_line' id='line_1_45' title="bbox 72 2958 1655 3032; baseline 0.005 -25"><span class='ocrx_word' id='word_1_294' title='bbox 72 2973 226 3025; x_wconf 69' lang='grc' dir='ltr'>φορον</span> <span class='ocrx_word' id='word_1_295' title='bbox 254 2958 485 3027; x_wconf 77' lang='grc' dir='ltr'>πνεῦμα</span> <span class='ocrx_word' id='word_1_296' title='bbox 518 2960 769 3028; x_wconf 80' lang='grc' dir='ltr'>ἀνέμενε,</span> <span class='ocrx_word' id='word_1_297' title='bbox 796 2961 1193 3032; x_wconf 80' lang='grc' dir='ltr'>ῥᾳθυμότερος,</span> <span class='ocrx_word' id='word_1_298' title='bbox 1232 2964 1304 3025; x_wconf 82' lang='grc' dir='ltr'>ὡς</span> <span class='ocrx_word' id='word_1_299' title='bbox 1339 2963 1536 3027; x_wconf 80' lang='grc' dir='ltr'>ἔοικεν,</span> <span class='ocrx_word' id='word_1_300' title='bbox 1581 2962 1655 3016; x_wconf 78' lang='grc' dir='ltr'><strong>ὢν</strong></span> 
     </span>
    </p>
   </div>
   <div class='ocr_carea' id='block_1_46' title="bbox 74 3050 1653 3125">
    <p class='ocr_par' dir='ltr' id='par_1_46' title="bbox 74 3050 1653 3125">
     <span class='ocr_line' id='line_1_46' title="bbox 74 3050 1653 3125; baseline 0.004 -25"><span class='ocrx_word' id='word_1_301' title='bbox 74 3053 154 3102; x_wconf 79' lang='grc' dir='ltr'><strong>καὶ</strong></span> <span class='ocrx_word' id='word_1_302' title='bbox 176 3050 255 3120; x_wconf 78' lang='grc' dir='ltr'>μὴ</span> <span class='ocrx_word' id='word_1_303' title='bbox 275 3050 423 3120; x_wconf 76' lang='grc' dir='ltr'>ἔχων</span> <span class='ocrx_word' id='word_1_304' title='bbox 449 3052 677 3115; x_wconf 73' lang='grc' dir='ltr'>ζέουσαν</span> <span class='ocrx_word' id='word_1_305' title='bbox 702 3057 801 3121; x_wconf 80' lang='grc' dir='ltr'>τὴν</span> <span class='ocrx_word' id='word_1_306' title='bbox 821 3054 1020 3121; x_wconf 73' lang='grc' dir='ltr'>ψυχὴν,</span> <span class='ocrx_word' id='word_1_307' title='bbox 1048 3054 1190 3107; x_wconf 82' lang='grc' dir='ltr'>ὦστέ</span> <span class='ocrx_word' id='word_1_308' title='bbox 1218 3058 1307 3107; x_wconf 82' lang='grc' dir='ltr'><strong>καὶ</strong></span> <span class='ocrx_word' id='word_1_309' title='bbox 1339 3056 1476 3125; x_wconf 79' lang='grc' dir='ltr'>πρὸς</span> <span class='ocrx_word' id='word_1_310' title='bbox 1498 3057 1653 3107; x_wconf 87' lang='grc' dir='ltr'>ἐναν-</span> 
     </span>
    </p>
   </div>
   <div class='ocr_carea' id='block_1_47' title="bbox 71 3143 1720 3245">
    <p class='ocr_par' dir='ltr' id='par_1_47' title="bbox 71 3143 1720 3245">
     <span class='ocr_line' id='line_1_47' title="bbox 71 3143 1720 3245; baseline 0.004 -51"><span class='ocrx_word' id='word_1_311' title='bbox 71 3145 151 3196; x_wconf 78' lang='grc' dir='ltr'><strong>τία</strong></span> <span class='ocrx_word' id='word_1_312' title='bbox 181 3143 637 3211; x_wconf 73' lang='grc' dir='ltr'>παραϐάλλεσθαι</span> <span class='ocrx_word' id='word_1_313' title='bbox 654 3144 941 3213; x_wconf 87' lang='grc' dir='ltr'>πνεύματα</span> <span class='ocrx_word' id='word_1_314' title='bbox 965 3147 1388 3215; x_wconf 67' lang='grc' dir='ltr'>κα¹ιδι⁹εὶρεσίας</span> <span class='ocrx_word' id='word_1_315' title='bbox 1415 3146 1499 3217; x_wconf 85' lang='grc' dir='ltr'><strong>[Ρ.</strong></span> <span class='ocrx_word' id='word_1_316' title='bbox 1528 3146 1648 3218; x_wconf 88' lang='lat' dir='ltr'><strong>l9l]</strong></span> <span class='ocrx_word' id='word_1_317' title='bbox 1678 3189 1720 3245; x_wconf 78' lang='lat' dir='ltr'><strong><em>C</em></strong></span> 
     </span>
    </p>
   </div>
   <div class='ocr_carea' id='block_1_48' title="bbox 72 3236 1650 3309">
    <p class='ocr_par' dir='ltr' id='par_1_48' title="bbox 72 3236 1650 3309">
     <span class='ocr_line' id='line_1_48' title="bbox 72 3236 1650 3309; baseline 0.003 -23"><span class='ocrx_word' id='word_1_318' title='bbox 72 3236 123 3286; x_wconf 80' lang='grc' dir='ltr'><strong>ἐν</strong></span> <span class='ocrx_word' id='word_1_319' title='bbox 155 3238 273 3298; x_wconf 80' lang='grc' dir='ltr'>ταῖς</span> <span class='ocrx_word' id='word_1_320' title='bbox 328 3236 425 3288; x_wconf 73' lang='grc' dir='ltr'><strong>διὰ</strong></span> <span class='ocrx_word' id='word_1_321' title='bbox 467 3239 638 3305; x_wconf 81' lang='grc' dir='ltr'>μέσου</span> <span class='ocrx_word' id='word_1_322' title='bbox 689 3238 952 3307; x_wconf 83' lang='grc' dir='ltr'>γαλήναις</span> <span class='ocrx_word' id='word_1_323' title='bbox 992 3240 1128 3308; x_wconf 77' lang='grc' dir='ltr'>πρὸς</span> <span class='ocrx_word' id='word_1_324' title='bbox 1178 3240 1237 3291; x_wconf 68' lang='grc' dir='ltr'><strong>τὸ</strong></span> <span class='ocrx_word' id='word_1_325' title='bbox 1289 3241 1650 3309; x_wconf 82' lang='grc' dir='ltr'>προκείμενον</span> 
     </span>
    </p>
   </div>
   <div class='ocr_carea' id='block_1_49' title="bbox 69 3326 1651 3401">
    <p class='ocr_par' dir='ltr' id='par_1_49' title="bbox 69 3326 1651 3401">
     <span class='ocr_line' id='line_1_49' title="bbox 69 3326 1651 3401; baseline 0.003 -22"><span class='ocrx_word' id='word_1_326' title='bbox 69 3326 515 3394; x_wconf 78' lang='grc' dir='ltr'>κατεπείτεσθαι.</span> <span class='ocrx_word' id='word_1_327' title='bbox 560 3328 687 3382; x_wconf 77' lang='grc' dir='ltr'><strong>Ἐπὶ</strong></span> <span class='ocrx_word' id='word_1_328' title='bbox 710 3330 843 3383; x_wconf 83' lang='grc' dir='ltr'>πολὺ</span> <span class='ocrx_word' id='word_1_329' title='bbox 887 3330 944 3385; x_wconf 80' lang='grc' dir='ltr'>δὲ</span> <span class='ocrx_word' id='word_1_330' title='bbox 984 3331 1457 3401; x_wconf 80' lang='grc' dir='ltr'>χρονοτριδοῦντος</span> <span class='ocrx_word' id='word_1_331' title='bbox 1484 3331 1651 3385; x_wconf 75' lang='grc' dir='ltr'>αὐτοῦ</span> 
     </span>
    </p>
   </div>
   <div class='ocr_carea' id='block_1_50' title="bbox 68 3418 1651 3490">
    <p class='ocr_par' dir='ltr' id='par_1_50' title="bbox 68 3418 1651 3490">
     <span class='ocr_line' id='line_1_50' title="bbox 68 3418 1651 3490; baseline 0.005 -24"><span class='ocrx_word' id='word_1_332' title='bbox 68 3419 198 3469; x_wconf 70' lang='grc' dir='ltr'>κατὰ</span> <span class='ocrx_word' id='word_1_333' title='bbox 229 3420 325 3471; x_wconf 67' lang='grc' dir='ltr'><strong>τὸν</strong></span> <span class='ocrx_word' id='word_1_334' title='bbox 351 3418 650 3488; x_wconf 73' lang='grc' dir='ltr'>εἰρημένον</span> <span class='ocrx_word' id='word_1_335' title='bbox 679 3419 892 3489; x_wconf 84' lang='grc' dir='ltr'>λιμένα,</span> <span class='ocrx_word' id='word_1_336' title='bbox 926 3421 1020 3474; x_wconf 69' lang='grc' dir='ltr'><strong>καὶ</strong></span> <span class='ocrx_word' id='word_1_337' title='bbox 1038 3421 1144 3473; x_wconf 84' lang='grc' dir='ltr'><strong>τῶν</strong></span> <span class='ocrx_word' id='word_1_338' title='bbox 1176 3421 1497 3490; x_wconf 81' lang='grc' dir='ltr'>Ἀγαρηνῶν</span> <span class='ocrx_word' id='word_1_339' title='bbox 1526 3438 1651 3489; x_wconf 79' lang='grc' dir='ltr'>σφο-</span> 
     </span>
    </p>
   </div>
   <div class='ocr_carea' id='block_1_51' title="bbox 66 3510 1653 3582">
    <p class='ocr_par' dir='ltr' id='par_1_51' title="bbox 66 3510 1653 3582">
     <span class='ocr_line' id='line_1_51' title="bbox 66 3510 1653 3582; baseline 0.001 -19"><span class='ocrx_word' id='word_1_340' title='bbox 66 3510 309 3581; x_wconf 80' lang='grc' dir='ltr'>δρότερον</span> <span class='ocrx_word' id='word_1_341' title='bbox 356 3514 428 3580; x_wconf 80' lang='grc' dir='ltr'>τῇ</span> <span class='ocrx_word' id='word_1_342' title='bbox 462 3512 754 3582; x_wconf 70' lang='grc' dir='ltr'>πολιορκία</span> <span class='ocrx_word' id='word_1_343' title='bbox 784 3513 1155 3582; x_wconf 74' lang='grc' dir='ltr'>ἐπικειμένων</span> <span class='ocrx_word' id='word_1_344' title='bbox 1194 3516 1288 3564; x_wconf 77' lang='grc' dir='ltr'><strong>καὶ</strong></span> <span class='ocrx_word' id='word_1_345' title='bbox 1336 3513 1518 3565; x_wconf 81' lang='grc' dir='ltr'>πᾶσαν</span> <span class='ocrx_word' id='word_1_346' title='bbox 1548 3531 1653 3582; x_wconf 85' lang='grc' dir='ltr'>μη-</span> 
     </span>
    </p>
   </div>
   <div class='ocr_carea' id='block_1_52' title="bbox 67 3602 1645 3673">
    <p class='ocr_par' dir='ltr' id='par_1_52' title="bbox 67 3602 1645 3673">
     <span class='ocr_line' id='line_1_52' title="bbox 67 3602 1645 3673; baseline 0.002 -20"><span class='ocrx_word' id='word_1_347' title='bbox 67 3603 220 3673; x_wconf 62' lang='grc' dir='ltr'>χανὴν</span> <span class='ocrx_word' id='word_1_348' title='bbox 253 3602 563 3655; x_wconf 78' lang='grc' dir='ltr'>κινούντων</span> <span class='ocrx_word' id='word_1_349' title='bbox 585 3604 677 3655; x_wconf 73' lang='grc' dir='ltr'><strong>καὶ</strong></span> <span class='ocrx_word' id='word_1_350' title='bbox 708 3602 1045 3657; x_wconf 85' lang='grc' dir='ltr'>σπευδόντων</span> <span class='ocrx_word' id='word_1_351' title='bbox 1087 3603 1194 3672; x_wconf 80' lang='grc' dir='ltr'><strong>πρὸ</strong></span> <span class='ocrx_word' id='word_1_352' title='bbox 1220 3602 1314 3655; x_wconf 74' lang='grc' dir='ltr'>τοῦ</span> <span class='ocrx_word' id='word_1_353' title='bbox 1353 3604 1645 3672; x_wconf 81' lang='grc' dir='ltr'>ἐπιστῆναι</span> 
     </span>
    </p>
   </div>
   <div class='ocr_carea' id='block_1_53' title="bbox 62 3692 1635 3763">
    <p class='ocr_par' dir='ltr' id='par_1_53' title="bbox 62 3692 1635 3763">
     <span class='ocr_line' id='line_1_53' title="bbox 62 3692 1635 3763; baseline 0 -18"><span class='ocrx_word' id='word_1_354' title='bbox 62 3695 163 3755; x_wconf 75' lang='grc' dir='ltr'>τοῖς</span> <span class='ocrx_word' id='word_1_355' title='bbox 196 3694 688 3763; x_wconf 78' lang='grc' dir='ltr'>πολιορκουμένοις</span> <span class='ocrx_word' id='word_1_356' title='bbox 739 3693 991 3763; x_wconf 83' lang='grc' dir='ltr'>βοήθειαν</span> <span class='ocrx_word' id='word_1_357' title='bbox 1020 3693 1218 3747; x_wconf 84' lang='grc' dir='ltr'>ἁνύσαι</span> <span class='ocrx_word' id='word_1_358' title='bbox 1252 3693 1311 3746; x_wconf 84' lang='grc' dir='ltr'><strong>τὸ</strong></span> <span class='ocrx_word' id='word_1_359' title='bbox 1342 3692 1635 3757; x_wconf 74' lang='grc' dir='ltr'>σπουδαζό-</span> 
     </span>
    </p>
   </div>
   <div class='ocr_carea' id='block_1_54' title="bbox 67 3785 1643 3856">
    <p class='ocr_par' dir='ltr' id='par_1_54' title="bbox 67 3785 1643 3856">
     <span class='ocr_line' id='line_1_54' title="bbox 67 3785 1643 3856; baseline 0.001 -18"><span class='ocrx_word' id='word_1_360' title='bbox 67 3801 235 3851; x_wconf 76' lang='grc' dir='ltr'>μενον,</span> <span class='ocrx_word' id='word_1_361' title='bbox 271 3785 481 3855; x_wconf 63' lang='grc' dir='ltr'>συνέϐη</span> <span class='ocrx_word' id='word_1_362' title='bbox 537 3787 638 3856; x_wconf 78' lang='grc' dir='ltr'><strong>τὴν</strong></span> <span class='ocrx_word' id='word_1_363' title='bbox 670 3786 830 3839; x_wconf 85' lang='grc' dir='ltr'>πόλιν</span> <span class='ocrx_word' id='word_1_364' title='bbox 860 3786 1002 3842; x_wconf 87' lang='grc' dir='ltr'>κατά</span> <span class='ocrx_word' id='word_1_365' title='bbox 1057 3785 1258 3856; x_wconf 84' lang='grc' dir='ltr'>κράτος</span> <span class='ocrx_word' id='word_1_366' title='bbox 1290 3786 1493 3842; x_wconf 81' lang='grc' dir='ltr'>ἁλῶναι</span> <span class='ocrx_word' id='word_1_367' title='bbox 1547 3787 1643 3840; x_wconf 82' lang='grc' dir='ltr'><strong>καὶ</strong></span> 
     </span>
    </p>
   </div>
   <div class='ocr_carea' id='block_1_55' title="bbox 61 3877 1639 3947">
    <p class='ocr_par' dir='ltr' id='par_1_55' title="bbox 61 3877 1639 3947">
     <span class='ocr_line' id='line_1_55' title="bbox 61 3877 1639 3947; baseline 0.001 -18"><span class='ocrx_word' id='word_1_368' title='bbox 61 3877 158 3930; x_wconf 75' lang='grc' dir='ltr'>τῶν</span> <span class='ocrx_word' id='word_1_369' title='bbox 188 3879 671 3947; x_wconf 71' lang='grc' dir='ltr'>ἐπιταττομένων</span> <span class='ocrx_word' id='word_1_370' title='bbox 708 3879 867 3947; x_wconf 75' lang='grc' dir='ltr'>φόνον</span> <span class='ocrx_word' id='word_1_371' title='bbox 894 3878 1146 3947; x_wconf 74' lang='grc' dir='ltr'>γενέσθαι</span> <span class='ocrx_word' id='word_1_372' title='bbox 1170 3879 1359 3939; x_wconf 79' lang='grc' dir='ltr'>πολὺν,</span> <span class='ocrx_word' id='word_1_373' title='bbox 1381 3878 1639 3947; x_wconf 76' lang='grc' dir='ltr'>ἐξανδρα-</span> 
     </span>
    </p>
   </div>
   <div class='ocr_carea' id='block_1_56' title="bbox 61 3968 1643 4041">
    <p class='ocr_par' dir='ltr' id='par_1_56' title="bbox 61 3968 1643 4041">
     <span class='ocr_line' id='line_1_56' title="bbox 61 3968 1643 4041; baseline 0 -18"><span class='ocrx_word' id='word_1_374' title='bbox 61 3968 381 4037; x_wconf 66' lang='grc' dir='ltr'>ποδισθῆναι</span> <span class='ocrx_word' id='word_1_375' title='bbox 411 3969 468 4022; x_wconf 73' lang='grc' dir='ltr'>δὲ</span> <span class='ocrx_word' id='word_1_376' title='bbox 487 3971 686 4027; x_wconf 72' lang='grc' dir='ltr'>,πᾶσαν</span> <span class='ocrx_word' id='word_1_377' title='bbox 711 3970 811 4041; x_wconf 78' lang='grc' dir='ltr'>τὴν</span> <span class='ocrx_word' id='word_1_378' title='bbox 853 3973 995 4025; x_wconf 85' lang='grc' dir='ltr'>κατά</span> <span class='ocrx_word' id='word_1_379' title='bbox 1024 3970 1086 4024; x_wconf 87' lang='grc' dir='ltr'>τὸ</span> <span class='ocrx_word' id='word_1_380' title='bbox 1118 3972 1254 4025; x_wconf 85' lang='grc' dir='ltr'>άστυ</span> <span class='ocrx_word' id='word_1_381' title='bbox 1287 3969 1497 4038; x_wconf 80' lang='grc' dir='ltr'>πληθὺν</span> <span class='ocrx_word' id='word_1_382' title='bbox 1549 3970 1643 4023; x_wconf 79' lang='grc' dir='ltr'>καὶ</span> 
     </span>
    </p>
   </div>
   <div class='ocr_carea' id='block_1_57' title="bbox 60 4060 1638 4132">
    <p class='ocr_par' dir='ltr' id='par_1_57' title="bbox 60 4060 1638 4132">
     <span class='ocr_line' id='line_1_57' title="bbox 60 4060 1638 4132; baseline 0.002 -22"><span class='ocrx_word' id='word_1_383' title='bbox 60 4061 139 4111; x_wconf 73' lang='grc' dir='ltr'><strong>τὸν</strong></span> <span class='ocrx_word' id='word_1_384' title='bbox 170 4064 230 4113; x_wconf 73' lang='grc' dir='ltr'><strong>ιν</strong></span> <span class='ocrx_word' id='word_1_385' title='bbox 254 4062 401 4131; x_wconf 76' lang='grc' dir='ltr'>αὐτῇ</span> <span class='ocrx_word' id='word_1_386' title='bbox 432 4060 661 4114; x_wconf 81' lang='grc' dir='ltr'>πλοῦτον</span> <span class='ocrx_word' id='word_1_387' title='bbox 682 4062 899 4132; x_wconf 76' lang='grc' dir='ltr'>λάφυρα</span> <span class='ocrx_word' id='word_1_388' title='bbox 924 4065 1035 4127; x_wconf 78' lang='grc' dir='ltr'>τοῖς</span> <span class='ocrx_word' id='word_1_389' title='bbox 1059 4062 1338 4132; x_wconf 80' lang='grc' dir='ltr'>πολεμίοις</span> <span class='ocrx_word' id='word_1_390' title='bbox 1362 4060 1638 4129; x_wconf 82' lang='grc' dir='ltr'>γενέσθαι,</span> 
     </span>
    </p>
   </div>
   <div class='ocr_carea' id='block_1_58' title="bbox 58 4152 1640 4226">
    <p class='ocr_par' dir='ltr' id='par_1_58' title="bbox 58 4152 1640 4226">
     <span class='ocr_line' id='line_1_58' title="bbox 58 4152 1640 4226; baseline 0.002 -24"><span class='ocrx_word' id='word_1_391' title='bbox 58 4153 480 4222; x_wconf 73' lang='grc' dir='ltr'>κατασκαφῆναι</span> <span class='ocrx_word' id='word_1_392' title='bbox 510 4152 567 4206; x_wconf 79' lang='grc' dir='ltr'>δὲ</span> <span class='ocrx_word' id='word_1_393' title='bbox 597 4152 695 4224; x_wconf 84' lang='grc' dir='ltr'>τὴν</span> <span class='ocrx_word' id='word_1_394' title='bbox 728 4154 883 4206; x_wconf 79' lang='grc' dir='ltr'>πόλιν</span> <span class='ocrx_word' id='word_1_395' title='bbox 920 4155 1016 4206; x_wconf 76' lang='grc' dir='ltr'><strong>καὶ</strong></span> <span class='ocrx_word' id='word_1_396' title='bbox 1055 4156 1189 4226; x_wconf 78' lang='grc' dir='ltr'>πυρὶ</span> <span class='ocrx_word' id='word_1_397' title='bbox 1235 4154 1458 4223; x_wconf 83' lang='grc' dir='ltr'>δοθῆναι</span> <span class='ocrx_word' id='word_1_398' title='bbox 1514 4154 1640 4216; x_wconf 76' lang='grc' dir='ltr'>τοὺς</span> 
     </span>
    </p>
   </div>
   <div class='ocr_carea' id='block_1_59' title="bbox 57 4243 1641 4319">
    <p class='ocr_par' dir='ltr' id='par_1_59' title="bbox 57 4243 1641 4319">
     <span class='ocr_line' id='line_1_59' title="bbox 57 4243 1641 4319; baseline 0.002 -26"><span class='ocrx_word' id='word_1_399' title='bbox 57 4243 109 4296; x_wconf 75' lang='grc' dir='ltr'><strong>ἐν</strong></span> <span class='ocrx_word' id='word_1_400' title='bbox 132 4246 270 4316; x_wconf 70' lang='grc' dir='ltr'>αὐτῇ</span> <span class='ocrx_word' id='word_1_401' title='bbox 305 4245 488 4307; x_wconf 81' lang='grc' dir='ltr'>θείους</span> <span class='ocrx_word' id='word_1_402' title='bbox 518 4247 697 4311; x_wconf 75' lang='grc' dir='ltr'>ναοὺς,</span> <span class='ocrx_word' id='word_1_403' title='bbox 748 4247 840 4300; x_wconf 77' lang='grc' dir='ltr'>καὶ</span> <span class='ocrx_word' id='word_1_404' title='bbox 882 4247 1129 4314; x_wconf 85' lang='grc' dir='ltr'>ὲρείπιον</span> <span class='ocrx_word' id='word_1_405' title='bbox 1165 4248 1503 4319; x_wconf 85' lang='grc' dir='ltr'>χρηματίσαι</span> <span class='ocrx_word' id='word_1_406' title='bbox 1540 4247 1641 4316; x_wconf 85' lang='grc' dir='ltr'><strong>τὴν</strong></span> 
     </span>
    </p>
   </div>
   <div class='ocr_carea' id='block_1_60' title="bbox 1767 1947 3351 2024">
    <p class='ocr_par' dir='ltr' id='par_1_60' title="bbox 1767 1947 3351 2024">
     <span class='ocr_line' id='line_1_60' title="bbox 1767 1947 3351 2024; baseline 0.008 -28"><span class='ocrx_word' id='word_1_407' title='bbox 1767 1961 1873 2014; x_wconf 87' lang='lat' dir='ltr'><strong>que</strong></span> <span class='ocrx_word' id='word_1_408' title='bbox 1897 1960 1961 2001; x_wconf 90' lang='lat' dir='ltr'><strong>ac</strong></span> <span class='ocrx_word' id='word_1_409' title='bbox 1994 1947 2305 2002; x_wconf 86' lang='lat' dir='ltr'><strong>suburbana</strong></span> <span class='ocrx_word' id='word_1_410' title='bbox 2339 1959 2638 2009; x_wconf 75' lang='lat' dir='ltr'><strong>vastantes.</strong></span> <span class='ocrx_word' id='word_1_411' title='bbox 2663 1948 2786 2006; x_wconf 72' lang='lat' dir='ltr'><strong>Haec</strong></span> <span class='ocrx_word' id='word_1_412' title='bbox 2820 1953 2985 2007; x_wconf 83' lang='lat' dir='ltr'><strong>simul</strong></span> <span class='ocrx_word' id='word_1_413' title='bbox 3015 1969 3079 2008; x_wconf 84' lang='lat' dir='ltr'><strong>ac</strong></span> <span class='ocrx_word' id='word_1_414' title='bbox 3115 1954 3351 2024; x_wconf 86' lang='lat' dir='ltr'><strong>impera-</strong></span> 
     </span>
    </p>
   </div>
   <div class='ocr_carea' id='block_1_61' title="bbox 1768 2038 3348 2118">
    <p class='ocr_par' dir='ltr' id='par_1_61' title="bbox 1768 2038 3348 2118">
     <span class='ocr_line' id='line_1_61' title="bbox 1768 2038 3348 2118; baseline 0.009 -28"><span class='ocrx_word' id='word_1_415' title='bbox 1768 2045 1852 2090; x_wconf 92' lang='lat' dir='ltr'><strong>tor</strong></span> <span class='ocrx_word' id='word_1_416' title='bbox 1897 2053 1925 2091; x_wconf 90' lang='lat' dir='ltr'><strong>a</strong></span> <span class='ocrx_word' id='word_1_417' title='bbox 1985 2038 2184 2093; x_wconf 76' lang='lat' dir='ltr'><strong>Sicilia:</strong></span> <span class='ocrx_word' id='word_1_418' title='bbox 2237 2054 2469 2108; x_wconf 68' lang='lat' dir='ltr'><strong>praetore</strong></span> <span class='ocrx_word' id='word_1_419' title='bbox 2513 2043 2815 2111; x_wconf 80' lang='lat' dir='ltr'><strong>signiﬁcata</strong></span> <span class='ocrx_word' id='word_1_420' title='bbox 2875 2049 3101 2116; x_wconf 87' lang='lat' dir='ltr'><strong>accepit,</strong></span> <span class='ocrx_word' id='word_1_421' title='bbox 3155 2050 3348 2118; x_wconf 86' lang='lat' dir='ltr'><strong>copias</strong></span> 
     </span>
    </p>
   </div>
   <div class='ocr_carea' id='block_1_62' title="bbox 1766 2128 3348 2203">
    <p class='ocr_par' dir='ltr' id='par_1_62' title="bbox 1766 2128 3348 2203">
     <span class='ocr_line' id='line_1_62' title="bbox 1766 2128 3348 2203; baseline 0.009 -21"><span class='ocrx_word' id='word_1_422' title='bbox 1766 2128 2030 2183; x_wconf 66' lang='lat' dir='ltr'><strong>adversus</strong></span> <span class='ocrx_word' id='word_1_423' title='bbox 2067 2131 2281 2201; x_wconf 80' lang='lat' dir='ltr'><strong>Syriam</strong></span> <span class='ocrx_word' id='word_1_424' title='bbox 2326 2133 2626 2193; x_wconf 83' lang='lat' dir='ltr'><strong>destinatas</strong></span> <span class='ocrx_word' id='word_1_425' title='bbox 2659 2136 2712 2187; x_wconf 92' lang='lat' dir='ltr'><strong>in</strong></span> <span class='ocrx_word' id='word_1_426' title='bbox 2752 2137 2995 2191; x_wconf 90' lang='lat' dir='ltr'><strong>Siciliam</strong></span> <span class='ocrx_word' id='word_1_427' title='bbox 3027 2140 3213 2203; x_wconf 86' lang='lat' dir='ltr'><strong>mittit,</strong></span> <span class='ocrx_word' id='word_1_428' title='bbox 3248 2158 3348 2196; x_wconf 86' lang='lat' dir='ltr'><strong>na-</strong></span> 
     </span>
    </p>
   </div>
   <div class='ocr_carea' id='block_1_63' title="bbox 1764 2223 3345 2292">
    <p class='ocr_par' dir='ltr' id='par_1_63' title="bbox 1764 2223 3345 2292">
     <span class='ocr_line' id='line_1_63' title="bbox 1764 2223 3345 2292; baseline 0.01 -19"><span class='ocrx_word' id='word_1_429' title='bbox 1764 2223 1966 2275; x_wconf 76' lang='lat' dir='ltr'><strong>varcbo</strong></span> <span class='ocrx_word' id='word_1_430' title='bbox 1999 2226 2235 2292; x_wconf 86' lang='lat' dir='ltr'><strong>quodam</strong></span> <span class='ocrx_word' id='word_1_431' title='bbox 2274 2224 2513 2281; x_wconf 81' lang='lat' dir='ltr'><strong>Adriano</strong></span> <span class='ocrx_word' id='word_1_432' title='bbox 2546 2246 2559 2281; x_wconf 90' lang='lat'><strong>:</strong></span> <span class='ocrx_word' id='word_1_433' title='bbox 2599 2228 2688 2281; x_wconf 89' lang='lat' dir='ltr'><strong>hic</strong></span> <span class='ocrx_word' id='word_1_434' title='bbox 2723 2230 2872 2283; x_wconf 89' lang='lat' dir='ltr'><strong>enim</strong></span> <span class='ocrx_word' id='word_1_435' title='bbox 2922 2232 3202 2287; x_wconf 73' lang='lat' dir='ltr'><strong>navalibus</strong></span> <span class='ocrx_word' id='word_1_436' title='bbox 3229 2243 3345 2289; x_wconf 87' lang='lat' dir='ltr'><strong>tum</strong></span> 
     </span>
    </p>
   </div>
   <div class='ocr_carea' id='block_1_64' title="bbox 1763 2313 3341 2393">
    <p class='ocr_par' dir='ltr' id='par_1_64' title="bbox 1763 2313 3341 2393">
     <span class='ocr_line' id='line_1_64' title="bbox 1763 2313 3341 2393; baseline 0.009 -28"><span class='ocrx_word' id='word_1_437' title='bbox 1763 2313 1936 2379; x_wconf 86' lang='lat' dir='ltr'><strong>copiis</strong></span> <span class='ocrx_word' id='word_1_438' title='bbox 1973 2324 2221 2381; x_wconf 68' lang='lat' dir='ltr'><strong>prteerat.</strong></span> <span class='ocrx_word' id='word_1_439' title='bbox 2260 2314 2489 2371; x_wconf 87' lang='lat' dir='ltr'><strong>Solvcus</strong></span> <span class='ocrx_word' id='word_1_440' title='bbox 2535 2317 2719 2386; x_wconf 85' lang='lat' dir='ltr'><strong>itaque</strong></span> <span class='ocrx_word' id='word_1_441' title='bbox 2748 2319 3021 2375; x_wconf 81' lang='lat' dir='ltr'><strong>Adrianus</strong></span> <span class='ocrx_word' id='word_1_442' title='bbox 3056 2322 3341 2393; x_wconf 80' lang='lat' dir='ltr'><strong>Byzantio,</strong></span> 
     </span>
    </p>
   </div>
   <div class='ocr_carea' id='block_1_65' title="bbox 1762 2402 3346 2472">
    <p class='ocr_par' dir='ltr' id='par_1_65' title="bbox 1762 2402 3346 2472">
     <span class='ocr_line' id='line_1_65' title="bbox 1762 2402 3346 2472; baseline 0.011 -20"><span class='ocrx_word' id='word_1_443' title='bbox 1762 2402 1924 2472; x_wconf 80' lang='lat'><strong>310</strong></span> <span class='ocrx_word' id='word_1_444' title='bbox 1951 2405 2095 2471; x_wconf 85' lang='lat' dir='ltr'><strong>quod</strong></span> <span class='ocrx_word' id='word_1_445' title='bbox 2130 2406 2304 2459; x_wconf 71' lang='lat' dir='ltr'><strong>ventis</strong></span> <span class='ocrx_word' id='word_1_446' title='bbox 2341 2408 2602 2461; x_wconf 89' lang='lat' dir='ltr'><strong>secundis</strong></span> <span class='ocrx_word' id='word_1_447' title='bbox 2642 2424 2702 2462; x_wconf 86' lang='lat' dir='ltr'><strong>ac</strong></span> <span class='ocrx_word' id='word_1_448' title='bbox 2732 2412 3039 2468; x_wconf 73' lang='lat' dir='ltr'><strong>commodis</strong></span> <span class='ocrx_word' id='word_1_449' title='bbox 3079 2414 3346 2470; x_wconf 79' lang='lat' dir='ltr'><strong>destitue—</strong></span> 
     </span>
    </p>
   </div>
   <div class='ocr_carea' id='block_1_66' title="bbox 1762 2498 3341 2577">
    <p class='ocr_par' dir='ltr' id='par_1_66' title="bbox 1762 2498 3341 2577">
     <span class='ocr_line' id='line_1_66' title="bbox 1762 2498 3341 2577; baseline 0.008 -26"><span class='ocrx_word' id='word_1_450' title='bbox 1762 2498 1956 2561; x_wconf 81' lang='lat' dir='ltr'><strong>batur,</strong></span> <span class='ocrx_word' id='word_1_451' title='bbox 2001 2502 2087 2555; x_wconf 73' lang='lat' dir='ltr'><strong>vix</strong></span> <span class='ocrx_word' id='word_1_452' title='bbox 2150 2502 2365 2555; x_wconf 78' lang='lat' dir='ltr'><strong>laudent</strong></span> <span class='ocrx_word' id='word_1_453' title='bbox 2427 2502 2491 2555; x_wconf 90' lang='lat' dir='ltr'><strong>ad</strong></span> <span class='ocrx_word' id='word_1_454' title='bbox 2562 2503 2992 2573; x_wconf 86' lang='lat' dir='ltr'><strong>Peloponnesum</strong></span> <span class='ocrx_word' id='word_1_455' title='bbox 3061 2511 3341 2577; x_wconf 82' lang='lat' dir='ltr'><strong>pervenit,</strong></span> 
     </span>
    </p>
   </div>
   <div class='ocr_carea' id='block_1_67' title="bbox 1761 2586 3340 2664">
    <p class='ocr_par' dir='ltr' id='par_1_67' title="bbox 1761 2586 3340 2664">
     <span class='ocr_line' id='line_1_67' title="bbox 1761 2586 3340 2664; baseline 0.008 -25"><span class='ocrx_word' id='word_1_456' title='bbox 1761 2586 2251 2655; x_wconf 74' lang='lat' dir='ltr'><strong>Monembasizeque</strong></span> <span class='ocrx_word' id='word_1_457' title='bbox 2301 2593 2351 2643; x_wconf 93' lang='lat' dir='ltr'><strong>iu</strong></span> <span class='ocrx_word' id='word_1_458' title='bbox 2400 2604 2584 2660; x_wconf 91' lang='lat' dir='ltr'><strong>portu,</strong></span> <span class='ocrx_word' id='word_1_459' title='bbox 2631 2608 2793 2660; x_wconf 90' lang='lat' dir='ltr'><strong>quem</strong></span> <span class='ocrx_word' id='word_1_460' title='bbox 2829 2594 3076 2651; x_wconf 81' lang='lat' dir='ltr'><strong>llicracis</strong></span> <span class='ocrx_word' id='word_1_461' title='bbox 3121 2608 3340 2664; x_wconf 82' lang='lat' dir='ltr'><strong>vocant,</strong></span> 
     </span>
    </p>
   </div>
   <div class='ocr_carea' id='block_1_68' title="bbox 1760 2678 3337 2755">
    <p class='ocr_par' dir='ltr' id='par_1_68' title="bbox 1760 2678 3337 2755">
     <span class='ocr_line' id='line_1_68' title="bbox 1760 2678 3337 2755; baseline 0.008 -26"><span class='ocrx_word' id='word_1_462' title='bbox 1760 2678 2003 2745; x_wconf 81' lang='lat' dir='ltr'><strong>appulsis</strong></span> <span class='ocrx_word' id='word_1_463' title='bbox 2038 2679 2266 2733; x_wconf 88' lang='lat' dir='ltr'><strong>navibus</strong></span> <span class='ocrx_word' id='word_1_464' title='bbox 2304 2681 2549 2748; x_wconf 86' lang='lat' dir='ltr'><strong>aspirare</strong></span> <span class='ocrx_word' id='word_1_465' title='bbox 2579 2682 2685 2737; x_wconf 82' lang='lat' dir='ltr'><strong>sibi</strong></span> <span class='ocrx_word' id='word_1_466' title='bbox 2732 2695 2922 2740; x_wconf 88' lang='lat' dir='ltr'><strong>ventos</strong></span> <span class='ocrx_word' id='word_1_467' title='bbox 2963 2688 3337 2755; x_wconf 78' lang='lat' dir='ltr'><strong>exspectabat,</strong></span> 
     </span>
    </p>
   </div>
   <div class='ocr_carea' id='block_1_69' title="bbox 1762 2770 3342 2838">
    <p class='ocr_par' dir='ltr' id='par_1_69' title="bbox 1762 2770 3342 2838">
     <span class='ocr_line' id='line_1_69' title="bbox 1762 2770 3342 2838; baseline 0.008 -17"><span class='ocrx_word' id='word_1_468' title='bbox 1762 2771 1924 2821; x_wconf 92' lang='lat' dir='ltr'><strong>homo</strong></span> <span class='ocrx_word' id='word_1_469' title='bbox 1950 2770 2187 2838; x_wconf 80' lang='lat' dir='ltr'><strong>segnior,</strong></span> <span class='ocrx_word' id='word_1_470' title='bbox 2225 2780 2282 2824; x_wconf 87' lang='lat' dir='ltr'><strong>ut</strong></span> <span class='ocrx_word' id='word_1_471' title='bbox 2310 2772 2546 2834; x_wconf 88' lang='lat' dir='ltr'><strong>videtur,</strong></span> <span class='ocrx_word' id='word_1_472' title='bbox 2584 2789 2685 2827; x_wconf 88' lang='lat' dir='ltr'><strong>nec</strong></span> <span class='ocrx_word' id='word_1_473' title='bbox 2724 2790 2820 2829; x_wconf 92' lang='lat' dir='ltr'><strong>cor</strong></span> <span class='ocrx_word' id='word_1_474' title='bbox 2855 2775 3194 2833; x_wconf 78' lang='lat' dir='ltr'><strong>ferventibus</strong></span> <span class='ocrx_word' id='word_1_475' title='bbox 3217 2796 3342 2833; x_wconf 86' lang='lat' dir='ltr'><strong>mu-</strong></span> 
     </span>
    </p>
   </div>
   <div class='ocr_carea' id='block_1_70' title="bbox 1760 2859 3340 2928">
    <p class='ocr_par' dir='ltr' id='par_1_70' title="bbox 1760 2859 3340 2928">
     <span class='ocr_line' id='line_1_70' title="bbox 1760 2859 3340 2928; baseline 0.008 -18"><span class='ocrx_word' id='word_1_476' title='bbox 1760 2859 1930 2911; x_wconf 88' lang='lat' dir='ltr'><strong>nitum</strong></span> <span class='ocrx_word' id='word_1_477' title='bbox 1983 2861 2267 2927; x_wconf 85' lang='lat' dir='ltr'><strong>spiritibus</strong></span> <span class='ocrx_word' id='word_1_478' title='bbox 2308 2877 2520 2928; x_wconf 79' lang='lat' dir='ltr'><strong>geretis,</strong></span> <span class='ocrx_word' id='word_1_479' title='bbox 2561 2872 2618 2917; x_wconf 92' lang='lat' dir='ltr'><strong>ut</strong></span> <span class='ocrx_word' id='word_1_480' title='bbox 2657 2866 2916 2919; x_wconf 85' lang='lat' dir='ltr'><strong>audacter</strong></span> <span class='ocrx_word' id='word_1_481' title='bbox 2941 2866 3104 2920; x_wconf 85' lang='lat' dir='ltr'><strong>etiam</strong></span> <span class='ocrx_word' id='word_1_482' title='bbox 3144 2867 3340 2923; x_wconf 84' lang='lat' dir='ltr'><strong>adver-</strong></span> 
     </span>
    </p>
   </div>
   <div class='ocr_carea' id='block_1_71' title="bbox 1757 2952 3337 3026">
    <p class='ocr_par' dir='ltr' id='par_1_71' title="bbox 1757 2952 3337 3026">
     <span class='ocr_line' id='line_1_71' title="bbox 1757 2952 3337 3026; baseline 0.007 -22"><span class='ocrx_word' id='word_1_483' title='bbox 1757 2952 2006 3005; x_wconf 86' lang='lat' dir='ltr'><strong>santibus</strong></span> <span class='ocrx_word' id='word_1_484' title='bbox 2030 2954 2204 3007; x_wconf 85' lang='lat' dir='ltr'><strong>ventis</strong></span> <span class='ocrx_word' id='word_1_485' title='bbox 2233 2954 2335 3006; x_wconf 88' lang='lat' dir='ltr'><strong>sibi</strong></span> <span class='ocrx_word' id='word_1_486' title='bbox 2357 2956 2745 3010; x_wconf 78' lang='lat' dir='ltr'><strong>canniteudum</strong></span> <span class='ocrx_word' id='word_1_487' title='bbox 2775 2966 3005 3026; x_wconf 82' lang='lat' dir='ltr'><strong>putaret,</strong></span> <span class='ocrx_word' id='word_1_488' title='bbox 3028 2974 3091 3013; x_wconf 90' lang='lat' dir='ltr'><strong>ac</strong></span> <span class='ocrx_word' id='word_1_489' title='bbox 3119 2960 3337 3015; x_wconf 87' lang='lat' dir='ltr'><strong>interim</strong></span> 
     </span>
    </p>
   </div>
   <div class='ocr_carea' id='block_1_72' title="bbox 1756 3042 3334 3116">
    <p class='ocr_par' dir='ltr' id='par_1_72' title="bbox 1756 3042 3334 3116">
     <span class='ocr_line' id='line_1_72' title="bbox 1756 3042 3334 3116; baseline 0.008 -25"><span class='ocrx_word' id='word_1_490' title='bbox 1756 3042 1882 3095; x_wconf 91' lang='lat' dir='ltr'><strong>dum</strong></span> <span class='ocrx_word' id='word_1_491' title='bbox 1907 3043 2259 3109; x_wconf 84' lang='lat' dir='ltr'><strong>tranquillum</strong></span> <span class='ocrx_word' id='word_1_492' title='bbox 2279 3051 2362 3096; x_wconf 88' lang='lat' dir='ltr'><strong>est</strong></span> <span class='ocrx_word' id='word_1_493' title='bbox 2387 3045 2664 3114; x_wconf 80' lang='lat' dir='ltr'><strong>nullisque</strong></span> <span class='ocrx_word' id='word_1_494' title='bbox 2698 3047 2871 3100; x_wconf 84' lang='lat' dir='ltr'><strong>ventis</strong></span> <span class='ocrx_word' id='word_1_495' title='bbox 2893 3063 3041 3102; x_wconf 90' lang='lat' dir='ltr'><strong>mare</strong></span> <span class='ocrx_word' id='word_1_496' title='bbox 3055 3047 3334 3116; x_wconf 81' lang='lat' dir='ltr'><strong>perﬂatur.</strong></span> 
     </span>
    </p>
   </div>
   <div class='ocr_carea' id='block_1_73' title="bbox 1756 3136 3333 3207">
    <p class='ocr_par' dir='ltr' id='par_1_73' title="bbox 1756 3136 3333 3207">
     <span class='ocr_line' id='line_1_73' title="bbox 1756 3136 3333 3207; baseline 0.007 -24"><span class='ocrx_word' id='word_1_497' title='bbox 1756 3149 1867 3201; x_wconf 89' lang='lat' dir='ltr'><strong>quo</strong></span> <span class='ocrx_word' id='word_1_498' title='bbox 1926 3136 2263 3202; x_wconf 88' lang='lat' dir='ltr'><strong>propositum</strong></span> <span class='ocrx_word' id='word_1_499' title='bbox 2294 3144 2380 3189; x_wconf 88' lang='lat' dir='ltr'><strong>est</strong></span> <span class='ocrx_word' id='word_1_500' title='bbox 2424 3137 2738 3207; x_wconf 77' lang='lat' dir='ltr'><strong>remigaudo</strong></span> <span class='ocrx_word' id='word_1_501' title='bbox 2790 3140 3138 3195; x_wconf 86' lang='lat' dir='ltr'><strong>contendere.</strong></span> <span class='ocrx_word' id='word_1_502' title='bbox 3196 3140 3333 3195; x_wconf 88' lang='lat' dir='ltr'><strong>Dum</strong></span> 
     </span>
    </p>
   </div>
   <div class='ocr_carea' id='block_1_74' title="bbox 1757 3227 3338 3297">
    <p class='ocr_par' dir='ltr' id='par_1_74' title="bbox 1757 3227 3338 3297">
     <span class='ocr_line' id='line_1_74' title="bbox 1757 3227 3338 3297; baseline 0.006 -20"><span class='ocrx_word' id='word_1_503' title='bbox 1757 3227 1938 3293; x_wconf 79' lang='lat' dir='ltr'><strong>itaque</strong></span> <span class='ocrx_word' id='word_1_504' title='bbox 1995 3227 2144 3279; x_wconf 86' lang='lat' dir='ltr'><strong>ineo</strong></span> <span class='ocrx_word' id='word_1_505' title='bbox 2191 3238 2346 3294; x_wconf 91' lang='lat' dir='ltr'><strong>portu</strong></span> <span class='ocrx_word' id='word_1_506' title='bbox 2410 3228 2685 3296; x_wconf 75' lang='lat' dir='ltr'><strong>longiores</strong></span> <span class='ocrx_word' id='word_1_507' title='bbox 2735 3230 2780 3284; x_wconf 91' lang='lat' dir='ltr'><strong>is</strong></span> <span class='ocrx_word' id='word_1_508' title='bbox 2826 3245 3009 3284; x_wconf 81' lang='lat' dir='ltr'><strong>moras</strong></span> <span class='ocrx_word' id='word_1_509' title='bbox 3044 3232 3231 3297; x_wconf 89' lang='lat' dir='ltr'><strong>nectit,</strong></span> <span class='ocrx_word' id='word_1_510' title='bbox 3282 3242 3338 3287; x_wconf 86' lang='lat' dir='ltr'><strong>et</strong></span> 
     </span>
    </p>
   </div>
   <div class='ocr_carea' id='block_1_75' title="bbox 1754 3316 3333 3391">
    <p class='ocr_par' dir='ltr' id='par_1_75' title="bbox 1754 3316 3333 3391">
     <span class='ocr_line' id='line_1_75' title="bbox 1754 3316 3333 3391; baseline 0.004 -22"><span class='ocrx_word' id='word_1_511' title='bbox 1754 3316 1988 3384; x_wconf 67' lang='lat' dir='ltr'><strong>Agnreui</strong></span> <span class='ocrx_word' id='word_1_512' title='bbox 2033 3319 2218 3369; x_wconf 87' lang='lat' dir='ltr'><strong>aerius</strong></span> <span class='ocrx_word' id='word_1_513' title='bbox 2266 3318 2570 3372; x_wconf 87' lang='lat' dir='ltr'><strong>obsidendo</strong></span> <span class='ocrx_word' id='word_1_514' title='bbox 2600 3329 2810 3390; x_wconf 74' lang='lat' dir='ltr'><strong>urgent,</strong></span> <span class='ocrx_word' id='word_1_515' title='bbox 2857 3321 3179 3391; x_wconf 89' lang='lat' dir='ltr'><strong>nullumque</strong></span> <span class='ocrx_word' id='word_1_516' title='bbox 3224 3339 3333 3377; x_wconf 89' lang='lat' dir='ltr'><strong>non</strong></span> 
     </span>
    </p>
   </div>
   <div class='ocr_carea' id='block_1_76' title="bbox 1754 3407 3333 3478">
    <p class='ocr_par' dir='ltr' id='par_1_76' title="bbox 1754 3407 3333 3478">
     <span class='ocr_line' id='line_1_76' title="bbox 1754 3407 3333 3478; baseline 0.005 -18"><span class='ocrx_word' id='word_1_517' title='bbox 1754 3417 1972 3460; x_wconf 84' lang='lat' dir='ltr'><strong>movent</strong></span> <span class='ocrx_word' id='word_1_518' title='bbox 2028 3407 2303 3476; x_wconf 81' lang='lat' dir='ltr'><strong>lapidem,</strong></span> <span class='ocrx_word' id='word_1_519' title='bbox 2358 3418 2412 3461; x_wconf 93' lang='lat' dir='ltr'><strong>ut</strong></span> <span class='ocrx_word' id='word_1_520' title='bbox 2478 3419 2771 3478; x_wconf 81' lang='lat' dir='ltr'><strong>antequam</strong></span> <span class='ocrx_word' id='word_1_521' title='bbox 2832 3413 3071 3467; x_wconf 73' lang='lat' dir='ltr'><strong>obsessis</strong></span> <span class='ocrx_word' id='word_1_522' title='bbox 3132 3416 3333 3469; x_wconf 77' lang='lat' dir='ltr'><strong>auxilia</strong></span> 
     </span>
    </p>
   </div>
   <div class='ocr_carea' id='block_1_77' title="bbox 1751 3501 3329 3574">
    <p class='ocr_par' dir='ltr' id='par_1_77' title="bbox 1751 3501 3329 3574">
     <span class='ocr_line' id='line_1_77' title="bbox 1751 3501 3329 3574; baseline 0.005 -21"><span class='ocrx_word' id='word_1_523' title='bbox 1751 3501 1969 3553; x_wconf 83' lang='lat' dir='ltr'><strong>\‘cniattt</strong></span> <span class='ocrx_word' id='word_1_524' title='bbox 1990 3516 2124 3569; x_wconf 87' lang='lat' dir='ltr'><strong>OptlS</strong></span> <span class='ocrx_word' id='word_1_525' title='bbox 2154 3510 2438 3571; x_wconf 84' lang='lat' dir='ltr'><strong>occeptum</strong></span> <span class='ocrx_word' id='word_1_526' title='bbox 2472 3502 2775 3570; x_wconf 77' lang='lat' dir='ltr'><strong>perﬁciant,</strong></span> <span class='ocrx_word' id='word_1_527' title='bbox 2804 3506 3027 3574; x_wconf 80' lang='lat' dir='ltr'><strong>contigit</strong></span> <span class='ocrx_word' id='word_1_528' title='bbox 3055 3505 3329 3561; x_wconf 88' lang='lat' dir='ltr'><strong>civitatem</strong></span> 
     </span>
    </p>
   </div>
   <div class='ocr_carea' id='block_1_78' title="bbox 1748 3592 3333 3663">
    <p class='ocr_par' dir='ltr' id='par_1_78' title="bbox 1748 3592 3333 3663">
     <span class='ocr_line' id='line_1_78' title="bbox 1748 3592 3333 3663; baseline 0.006 -19"><span class='ocrx_word' id='word_1_529' title='bbox 1748 3592 1799 3644; x_wconf 78' lang='lat' dir='ltr'><strong>vi</strong></span> <span class='ocrx_word' id='word_1_530' title='bbox 1837 3593 2114 3660; x_wconf 78' lang='lat' dir='ltr'><strong>armisque</strong></span> <span class='ocrx_word' id='word_1_531' title='bbox 2147 3592 2307 3661; x_wconf 86' lang='lat' dir='ltr'><strong>capi,</strong></span> <span class='ocrx_word' id='word_1_532' title='bbox 2358 3593 2639 3661; x_wconf 90' lang='lat' dir='ltr'><strong>multaque</strong></span> <span class='ocrx_word' id='word_1_533' title='bbox 2681 3595 3140 3663; x_wconf 68' lang='lat' dir='ltr'><strong>prmsidiariorum</strong></span> <span class='ocrx_word' id='word_1_534' title='bbox 3190 3595 3333 3652; x_wconf 77' lang='lat' dir='ltr'><strong>facta</strong></span> 
     </span>
    </p>
   </div>
   <div class='ocr_carea' id='block_1_79' title="bbox 1749 3685 3325 3754">
    <p class='ocr_par' dir='ltr' id='par_1_79' title="bbox 1749 3685 3325 3754">
     <span class='ocr_line' id='line_1_79' title="bbox 1749 3685 3325 3754; baseline 0.003 -15"><span class='ocrx_word' id='word_1_535' title='bbox 1749 3698 1925 3754; x_wconf 68' lang='lat' dir='ltr'><strong>sca-age</strong></span> <span class='ocrx_word' id='word_1_536' title='bbox 1955 3685 2350 3752; x_wconf 84' lang='lat' dir='ltr'><strong>oppidanorum</strong></span> <span class='ocrx_word' id='word_1_537' title='bbox 2388 3686 2676 3740; x_wconf 86' lang='lat' dir='ltr'><strong>multitudo</strong></span> <span class='ocrx_word' id='word_1_538' title='bbox 2706 3685 2887 3741; x_wconf 88' lang='lat' dir='ltr'><strong>omnis</strong></span> <span class='ocrx_word' id='word_1_539' title='bbox 2922 3687 2973 3741; x_wconf 90' lang='lat' dir='ltr'><strong>in</strong></span> <span class='ocrx_word' id='word_1_540' title='bbox 3005 3690 3325 3744; x_wconf 82' lang='lat' dir='ltr'><strong>servitutem</strong></span> 
     </span>
    </p>
   </div>
   <div class='ocr_carea' id='block_1_80' title="bbox 1749 3774 3327 3849">
    <p class='ocr_par' dir='ltr' id='par_1_80' title="bbox 1749 3774 3327 3849">
     <span class='ocr_line' id='line_1_80' title="bbox 1749 3774 3327 3849; baseline 0.004 -20"><span class='ocrx_word' id='word_1_541' title='bbox 1749 3776 1982 3832; x_wconf 76' lang='lat' dir='ltr'><strong>adducta</strong></span> <span class='ocrx_word' id='word_1_542' title='bbox 2031 3784 2134 3829; x_wconf 87' lang='lat' dir='ltr'><strong>est.</strong></span> <span class='ocrx_word' id='word_1_543' title='bbox 2191 3774 2322 3844; x_wconf 85' lang='lat' dir='ltr'><strong>Ejus</strong></span> <span class='ocrx_word' id='word_1_544' title='bbox 2379 3776 2565 3831; x_wconf 56' lang='lat' dir='ltr'><strong>multa:</strong></span> <span class='ocrx_word' id='word_1_545' title='bbox 2617 3777 2817 3831; x_wconf 69' lang='lat' dir='ltr'><strong>divitiae</strong></span> <span class='ocrx_word' id='word_1_546' title='bbox 2865 3778 3115 3834; x_wconf 86' lang='lat' dir='ltr'><strong>hostibus</strong></span> <span class='ocrx_word' id='word_1_547' title='bbox 3155 3781 3327 3849; x_wconf 87' lang='lat' dir='ltr'><strong>spolia</strong></span> 
     </span>
    </p>
   </div>
   <div class='ocr_carea' id='block_1_81' title="bbox 1748 3864 3328 3928">
    <p class='ocr_par' dir='ltr' id='par_1_81' title="bbox 1748 3864 3328 3928">
     <span class='ocr_line' id='line_1_81' title="bbox 1748 3864 3328 3928; baseline 0.004 -9"><span class='ocrx_word' id='word_1_548' title='bbox 1748 3881 1960 3920; x_wconf 80' lang='lat' dir='ltr'><strong>cessere</strong></span> <span class='ocrx_word' id='word_1_549' title='bbox 1994 3878 2007 3916; x_wconf 90' lang='lat'><strong>:</strong></span> <span class='ocrx_word' id='word_1_550' title='bbox 2052 3866 2181 3918; x_wconf 89' lang='lat' dir='ltr'><strong>urbs</strong></span> <span class='ocrx_word' id='word_1_551' title='bbox 2214 3864 2460 3919; x_wconf 80' lang='lat' dir='ltr'><strong>funditus</strong></span> <span class='ocrx_word' id='word_1_552' title='bbox 2508 3882 2696 3921; x_wconf 87' lang='lat' dir='ltr'><strong>eversa</strong></span> <span class='ocrx_word' id='word_1_553' title='bbox 2719 3906 2734 3928; x_wconf 88' lang='lat'><strong>.</strong></span> <span class='ocrx_word' id='word_1_554' title='bbox 2766 3883 2940 3923; x_wconf 66' lang='lat' dir='ltr'><strong>sacra:</strong></span> <span class='ocrx_word' id='word_1_555' title='bbox 2973 3869 3028 3923; x_wconf 92' lang='lat' dir='ltr'><strong>in</strong></span> <span class='ocrx_word' id='word_1_556' title='bbox 3075 3886 3136 3924; x_wconf 85' lang='lat' dir='ltr'><strong>ca</strong></span> <span class='ocrx_word' id='word_1_557' title='bbox 3182 3870 3328 3927; x_wconf 64' lang='lat' dir='ltr'><strong>aedes</strong></span> 
     </span>
    </p>
   </div>
   <div class='ocr_carea' id='block_1_82' title="bbox 1750 3954 3328 4029">
    <p class='ocr_par' dir='ltr' id='par_1_82' title="bbox 1750 3954 3328 4029">
     <span class='ocr_line' id='line_1_82' title="bbox 1750 3954 3328 4029; baseline 0.003 -19"><span class='ocrx_word' id='word_1_558' title='bbox 1750 3956 1873 4027; x_wconf 76' lang='lat' dir='ltr'><strong>igne</strong></span> <span class='ocrx_word' id='word_1_559' title='bbox 1905 3971 2202 4010; x_wconf 66' lang='lat' dir='ltr'><strong>succeusse.</strong></span> <span class='ocrx_word' id='word_1_560' title='bbox 2250 3954 2455 4011; x_wconf 81' lang='lat' dir='ltr'><strong>Civitas</strong></span> <span class='ocrx_word' id='word_1_561' title='bbox 2495 3956 2564 4011; x_wconf 89' lang='lat' dir='ltr'><strong>ad</strong></span> <span class='ocrx_word' id='word_1_562' title='bbox 2600 3973 2661 4011; x_wconf 88' lang='lat' dir='ltr'><strong>ea</strong></span> <span class='ocrx_word' id='word_1_563' title='bbox 2692 3967 2933 4027; x_wconf 85' lang='lat' dir='ltr'><strong>tempora</strong></span> <span class='ocrx_word' id='word_1_564' title='bbox 2965 3961 3224 4029; x_wconf 70' lang='lat' dir='ltr'><strong>praeclara</strong></span> <span class='ocrx_word' id='word_1_565' title='bbox 3262 3976 3328 4015; x_wconf 89' lang='lat' dir='ltr'><strong>ac</strong></span> 
     </span>
    </p>
   </div>
   <div class='ocr_carea' id='block_1_83' title="bbox 1749 4045 3323 4116">
    <p class='ocr_par' dir='ltr' id='par_1_83' title="bbox 1749 4045 3323 4116">
     <span class='ocr_line' id='line_1_83' title="bbox 1749 4045 3323 4116; baseline 0 -17"><span class='ocrx_word' id='word_1_566' title='bbox 1749 4046 1968 4108; x_wconf 87' lang='lat' dir='ltr'><strong>nobilis,</strong></span> <span class='ocrx_word' id='word_1_567' title='bbox 1996 4054 2050 4098; x_wconf 85' lang='lat' dir='ltr'><strong>et</strong></span> <span class='ocrx_word' id='word_1_568' title='bbox 2088 4059 2208 4111; x_wconf 66' lang='lat' dir='ltr'><strong>quae</strong></span> <span class='ocrx_word' id='word_1_569' title='bbox 2241 4045 2524 4116; x_wconf 84' lang='lat' dir='ltr'><strong>plerasque</strong></span> <span class='ocrx_word' id='word_1_570' title='bbox 2571 4046 2769 4113; x_wconf 68' lang='lat' dir='ltr'><strong>saepius</strong></span> <span class='ocrx_word' id='word_1_571' title='bbox 2811 4055 2922 4098; x_wconf 90' lang='lat' dir='ltr'><strong>tum</strong></span> <span class='ocrx_word' id='word_1_572' title='bbox 2960 4045 3176 4101; x_wconf 68' lang='lat' dir='ltr'><strong>Graacas</strong></span> <span class='ocrx_word' id='word_1_573' title='bbox 3210 4060 3323 4101; x_wconf 91' lang='lat' dir='ltr'><strong>tum</strong></span> 
     </span>
    </p>
   </div>
   <div class='ocr_carea' id='block_1_84' title="bbox 1746 4137 3322 4207">
    <p class='ocr_par' dir='ltr' id='par_1_84' title="bbox 1746 4137 3322 4207">
     <span class='ocr_line' id='line_1_84' title="bbox 1746 4137 3322 4207; baseline 0 -16"><span class='ocrx_word' id='word_1_574' title='bbox 1746 4138 2062 4191; x_wconf 81' lang='lat' dir='ltr'><strong>barbaricas</strong></span> <span class='ocrx_word' id='word_1_575' title='bbox 2113 4139 2300 4205; x_wconf 85' lang='lat' dir='ltr'><strong>copias</strong></span> <span class='ocrx_word' id='word_1_576' title='bbox 2352 4140 2523 4204; x_wconf 90' lang='lat' dir='ltr'><strong>ipsam</strong></span> <span class='ocrx_word' id='word_1_577' title='bbox 2583 4152 2871 4207; x_wconf 81' lang='lat' dir='ltr'><strong>aggressas</strong></span> <span class='ocrx_word' id='word_1_578' title='bbox 2916 4137 3322 4204; x_wconf 72' lang='lat' dir='ltr'><strong>debellaverat,</strong></span> 
     </span>
    </p>
   </div>
   <div class='ocr_carea' id='block_1_85' title="bbox 1749 4229 2679 4300">
    <p class='ocr_par' dir='ltr' id='par_1_85' title="bbox 1749 4229 2679 4300">
     <span class='ocr_line' id='line_1_85' title="bbox 1749 4229 2679 4300; baseline -0.004 -15"><span class='ocrx_word' id='word_1_579' title='bbox 1749 4229 2030 4300; x_wconf 86' lang='lat' dir='ltr'><strong>parietinis</strong></span> <span class='ocrx_word' id='word_1_580' title='bbox 2067 4230 2451 4282; x_wconf 86' lang='lat' dir='ltr'><strong>tantummodo</strong></span> <span class='ocrx_word' id='word_1_581' title='bbox 2490 4229 2679 4282; x_wconf 79' lang='lat' dir='ltr'><strong>claret.</strong></span> 
     </span>
    </p>
   </div>
   <div class='ocr_carea' id='block_1_86' title="bbox 59 4320 3321 4415">
    <p class='ocr_par' dir='ltr' id='par_1_86' title="bbox 59 4320 3321 4415">
     <span class='ocr_line' id='line_1_86' title="bbox 59 4320 3321 4415; baseline 0.001 -24"><span class='ocrx_word' id='word_1_582' title='bbox 59 4340 207 4411; x_wconf 71' lang='grc' dir='ltr'>μέχρι</span> <span class='ocrx_word' id='word_1_583' title='bbox 240 4341 369 4393; x_wconf 76' lang='grc' dir='ltr'>τότε</span> <span class='ocrx_word' id='word_1_584' title='bbox 404 4340 560 4392; x_wconf 81' lang='grc' dir='ltr'>πόλιν</span> <span class='ocrx_word' id='word_1_585' title='bbox 589 4343 860 4412; x_wconf 73' lang='grc' dir='ltr'>περιτρανῆ</span> <span class='ocrx_word' id='word_1_586' title='bbox 906 4343 1001 4396; x_wconf 75' lang='grc' dir='ltr'>καὶ</span> <span class='ocrx_word' id='word_1_587' title='bbox 1026 4344 1288 4415; x_wconf 77' lang='grc' dir='ltr'>λαμπρὰν</span> <span class='ocrx_word' id='word_1_588' title='bbox 1345 4346 1439 4397; x_wconf 79' lang='grc' dir='ltr'><strong>καὶ</strong></span> <span class='ocrx_word' id='word_1_589' title='bbox 1499 4338 1698 4399; x_wconf 76' lang='grc' dir='ltr'>πολλάς</span> <span class='ocrx_word' id='word_1_590' title='bbox 1737 4323 1999 4383; x_wconf 78' lang='grc' dir='ltr'>πολλάκις</span> <span class='ocrx_word' id='word_1_591' title='bbox 2039 4320 2355 4391; x_wconf 75' lang='grc' dir='ltr'>Ἑλληνικάς</span> <span class='ocrx_word' id='word_1_592' title='bbox 2406 4338 2465 4372; x_wconf 78' lang='grc' dir='ltr'>τε</span> <span class='ocrx_word' id='word_1_593' title='bbox 2527 4324 2622 4375; x_wconf 54' lang='grc' dir='ltr'>καὶ</span> <span class='ocrx_word' id='word_1_594' title='bbox 2669 4321 3008 4394; x_wconf 60' lang='grc' dir='ltr'><strong>βαρδαρικάς</strong></span> <span class='ocrx_word' id='word_1_595' title='bbox 3059 4322 3321 4393; x_wconf 75' lang='grc' dir='ltr'>δυνάμεις</span> 
     </span>
    </p>
   </div>
   <div class='ocr_carea' id='block_1_87' title="bbox 56 4432 1092 4503">
    <p class='ocr_par' dir='ltr' id='par_1_87' title="bbox 56 4432 1092 4503">
     <span class='ocr_line' id='line_1_87' title="bbox 56 4432 1092 4503; baseline 0.005 -18"><span class='ocrx_word' id='word_1_596' title='bbox 56 4434 131 4485; x_wconf 67' lang='grc' dir='ltr'>ἐπ’</span> <span class='ocrx_word' id='word_1_597' title='bbox 160 4435 338 4503; x_wconf 69' lang='grc' dir='ltr'>αὐτὴν</span> <span class='ocrx_word' id='word_1_598' title='bbox 367 4432 630 4497; x_wconf 79' lang='grc' dir='ltr'>ἐλθούσας</span> <span class='ocrx_word' id='word_1_599' title='bbox 656 4436 1092 4491; x_wconf 78' lang='grc' dir='ltr'>καταϐαλοῦσαν.</span> 
     </span>
    </p>
   </div>
   <div class='ocr_carea' id='block_1_88' title="bbox 114 4525 1653 4602">
    <p class='ocr_par' dir='ltr' id='par_1_88' title="bbox 114 4531 1638 4602">
     <span class='ocr_line' id='line_1_88' title="bbox 114 4531 1638 4602; baseline 0 -18"><span class='ocrx_word' id='word_1_600' title='bbox 114 4533 175 4586; x_wconf 89' lang='grc' dir='ltr'><strong>ο’.</strong></span> <span class='ocrx_word' id='word_1_601' title='bbox 200 4531 317 4584; x_wconf 82' lang='grc' dir='ltr'><strong>τοῦ</strong></span> <span class='ocrx_word' id='word_1_602' title='bbox 336 4531 395 4582; x_wconf 79' lang='grc' dir='ltr'>δὲ</span> <span class='ocrx_word' id='word_1_603' title='bbox 429 4532 733 4598; x_wconf 74' lang='grc' dir='ltr'>συμϐάντος</span> <span class='ocrx_word' id='word_1_604' title='bbox 754 4532 1004 4602; x_wconf 79' lang='grc' dir='ltr'>αἴσθησις</span> <span class='ocrx_word' id='word_1_605' title='bbox 1039 4533 1147 4587; x_wconf 78' lang='grc' dir='ltr'><strong>ἀπὸ</strong></span> <span class='ocrx_word' id='word_1_606' title='bbox 1176 4534 1434 4601; x_wconf 73' lang='grc' dir='ltr'>τοιαύτης</span> <span class='ocrx_word' id='word_1_607' title='bbox 1461 4534 1638 4595; x_wconf 80' lang='grc' dir='ltr'>αἰτίας</span> 
     </span>
    </p>
   </div>
   <div class='ocr_carea' id='block_1_89' title="bbox 1755 4525 3319 4602">
    <p class='ocr_par' dir='ltr' id='par_1_89' title="bbox 1815 4525 3319 4585">
     <span class='ocr_line' id='line_1_89' title="bbox 1815 4525 3319 4585; baseline 0.005 -7"><span class='ocrx_word' id='word_1_608' title='bbox 1815 4526 2016 4580; x_wconf 83' lang='lat' dir='ltr'><strong>70.Res</strong></span> <span class='ocrx_word' id='word_1_609' title='bbox 2036 4526 2274 4579; x_wconf 85' lang='lat' dir='ltr'><strong>Adriano</strong></span> <span class='ocrx_word' id='word_1_610' title='bbox 2294 4525 2347 4577; x_wconf 92' lang='lat' dir='ltr'><strong>in</strong></span> <span class='ocrx_word' id='word_1_611' title='bbox 2369 4526 2513 4579; x_wconf 89' lang='lat' dir='ltr'><strong>hunc</strong></span> <span class='ocrx_word' id='word_1_612' title='bbox 2530 4526 2749 4580; x_wconf 87' lang='lat' dir='ltr'><strong>modum</strong></span> <span class='ocrx_word' id='word_1_613' title='bbox 2771 4527 3027 4583; x_wconf 89' lang='lat' dir='ltr'><strong>innotuit:</strong></span> <span class='ocrx_word' id='word_1_614' title='bbox 3048 4527 3142 4584; x_wconf 89' lang='lat' dir='ltr'><strong>Est</strong></span> <span class='ocrx_word' id='word_1_615' title='bbox 3165 4529 3319 4585; x_wconf 87' lang='lat' dir='ltr'><strong>locus</strong></span> 
     </span>
    </p>
   </div>
   <div class='ocr_carea' id='block_1_90' title="bbox 55 4622 1634 4693">
    <p class='ocr_par' dir='ltr' id='par_1_90' title="bbox 55 4622 1634 4693">
     <span class='ocr_line' id='line_1_90' title="bbox 55 4622 1634 4693; baseline 0.002 -20"><span class='ocrx_word' id='word_1_616' title='bbox 55 4624 252 4689; x_wconf 74' lang='grc' dir='ltr'>γίνεται</span> <span class='ocrx_word' id='word_1_617' title='bbox 279 4624 363 4692; x_wconf 86' lang='grc' dir='ltr'>τῷ</span> <span class='ocrx_word' id='word_1_618' title='bbox 405 4622 702 4693; x_wconf 67' lang='grc' dir='ltr'><strong>Ἀδριανῷ⁸</strong></span> <span class='ocrx_word' id='word_1_619' title='bbox 739 4626 915 4686; x_wconf 77' lang='grc' dir='ltr'>Τόπος</span> <span class='ocrx_word' id='word_1_620' title='bbox 936 4625 1017 4687; x_wconf 85' lang='grc' dir='ltr'><strong>τίς</strong></span> <span class='ocrx_word' id='word_1_621' title='bbox 1048 4628 1165 4678; x_wconf 84' lang='grc' dir='ltr'>ἐστι</span> <span class='ocrx_word' id='word_1_622' title='bbox 1194 4629 1334 4679; x_wconf 78' lang='grc' dir='ltr'>κατὰ</span> <span class='ocrx_word' id='word_1_623' title='bbox 1360 4626 1634 4678; x_wconf 83' lang='grc' dir='ltr'>Πελοπόν-</span> 
     </span>
    </p>
   </div>
   <div class='ocr_carea' id='block_1_91' title="bbox 54 4716 1632 4790">
    <p class='ocr_par' dir='ltr' id='par_1_91' title="bbox 54 4716 1632 4790">
     <span class='ocr_line' id='line_1_91' title="bbox 54 4716 1632 4790; baseline 0 -19"><span class='ocrx_word' id='word_1_624' title='bbox 54 4734 207 4784; x_wconf 76' lang='grc' dir='ltr'>νησον</span> <span class='ocrx_word' id='word_1_625' title='bbox 237 4719 306 4770; x_wconf 77' lang='grc' dir='ltr'><strong>οὐ</strong></span> <span class='ocrx_word' id='word_1_626' title='bbox 348 4716 567 4787; x_wconf 83' lang='grc' dir='ltr'>μακράν</span> <span class='ocrx_word' id='word_1_627' title='bbox 594 4717 982 4785; x_wconf 76' lang='grc' dir='ltr'>Μονεμδασίας</span> <span class='ocrx_word' id='word_1_628' title='bbox 1014 4718 1338 4788; x_wconf 73' lang='grc' dir='ltr'>διεστηκώς,</span> <span class='ocrx_word' id='word_1_629' title='bbox 1369 4719 1489 4772; x_wconf 85' lang='grc' dir='ltr'>καθ’</span> <span class='ocrx_word' id='word_1_630' title='bbox 1521 4721 1586 4790; x_wconf 74' lang='grc' dir='ltr'>ἢν</span> <span class='ocrx_word' id='word_1_631' title='bbox 1611 4720 1632 4751; x_wconf 82' lang='grc'><strong><em>⁸</em></strong></span> 
     </span>
    </p>
   </div>
   <div class='ocr_carea' id='block_1_92' title="bbox 54 4807 1631 4881">
    <p class='ocr_par' dir='ltr' id='par_1_92' title="bbox 54 4807 1631 4881">
     <span class='ocr_line' id='line_1_92' title="bbox 54 4807 1631 4881; baseline 0.002 -21"><span class='ocrx_word' id='word_1_632' title='bbox 54 4810 78 4860; x_wconf 71' lang='grc' dir='ltr'>ὁ</span> <span class='ocrx_word' id='word_1_633' title='bbox 103 4809 416 4880; x_wconf 77' lang='grc' dir='ltr'>Ῥωμαϊκὸς</span> <span class='ocrx_word' id='word_1_634' title='bbox 447 4808 629 4871; x_wconf 89' lang='grc' dir='ltr'>στόλος</span> <span class='ocrx_word' id='word_1_635' title='bbox 655 4807 926 4879; x_wconf 73' lang='grc' dir='ltr'>ηὐλίζετο,</span> <span class='ocrx_word' id='word_1_636' title='bbox 963 4810 1120 4874; x_wconf 75' lang='grc' dir='ltr'>Ἕλος</span> <span class='ocrx_word' id='word_1_637' title='bbox 1150 4812 1631 4881; x_wconf 75' lang='grc' dir='ltr'>προσαγορευόμε-</span> 
     </span>
    </p>
   </div>
   <div class='ocr_carea' id='block_1_93' title="bbox 52 4901 1631 4974">
    <p class='ocr_par' dir='ltr' id='par_1_93' title="bbox 52 4901 1631 4974">
     <span class='ocr_line' id='line_1_93' title="bbox 52 4901 1631 4974; baseline 0.003 -21"><span class='ocrx_word' id='word_1_638' title='bbox 52 4917 148 4963; x_wconf 78' lang='grc' dir='ltr'>νος,</span> <span class='ocrx_word' id='word_1_639' title='bbox 208 4901 327 4954; x_wconf 76' lang='grc' dir='ltr'>άπὺ</span> <span class='ocrx_word' id='word_1_640' title='bbox 351 4902 455 4969; x_wconf 77' lang='grc' dir='ltr'>τῆς</span> <span class='ocrx_word' id='word_1_641' title='bbox 483 4903 613 4967; x_wconf 85' lang='grc' dir='ltr'>περὶ</span> <span class='ocrx_word' id='word_1_642' title='bbox 660 4901 826 4955; x_wconf 74' lang='grc' dir='ltr'>αὑτὸν</span> <span class='ocrx_word' id='word_1_643' title='bbox 870 4901 1092 4965; x_wconf 83' lang='grc' dir='ltr'>δασείας</span> <span class='ocrx_word' id='word_1_644' title='bbox 1141 4904 1236 4956; x_wconf 76' lang='grc' dir='ltr'>καὶ</span> <span class='ocrx_word' id='word_1_645' title='bbox 1289 4904 1631 4974; x_wconf 80' lang='grc' dir='ltr'>συνηρεφοῦς</span> 
     </span>
    </p>
   </div>
   <div class='ocr_carea' id='block_1_94' title="bbox 54 4992 1631 5067">
    <p class='ocr_par' dir='ltr' id='par_1_94' title="bbox 54 4992 1631 5067">
     <span class='ocr_line' id='line_1_94' title="bbox 54 4992 1631 5067; baseline 0.003 -22"><span class='ocrx_word' id='word_1_646' title='bbox 54 4992 175 5059; x_wconf 71' lang='grc' dir='ltr'>ὕλης</span> <span class='ocrx_word' id='word_1_647' title='bbox 197 4994 265 5045; x_wconf 77' lang='grc' dir='ltr'>τὸ</span> <span class='ocrx_word' id='word_1_648' title='bbox 299 4993 477 5061; x_wconf 75' lang='grc' dir='ltr'>δνομα</span> <span class='ocrx_word' id='word_1_649' title='bbox 504 4992 953 5062; x_wconf 77' lang='grc' dir='ltr'>κληρωσάμενος.</span> <span class='ocrx_word' id='word_1_650' title='bbox 998 4995 1086 5047; x_wconf 82' lang='grc' dir='ltr'><strong>Ἐν</strong></span> <span class='ocrx_word' id='word_1_651' title='bbox 1116 4995 1291 5067; x_wconf 83' lang='grc' dir='ltr'>τούτῳ</span> <span class='ocrx_word' id='word_1_652' title='bbox 1319 4998 1497 5048; x_wconf 86' lang='grc' dir='ltr'>τοίνυν</span> <span class='ocrx_word' id='word_1_653' title='bbox 1516 4997 1631 5050; x_wconf 82' lang='grc' dir='ltr'>δαι-</span> 
     </span>
    </p>
   </div>
   <div class='ocr_carea' id='block_1_95' title="bbox 55 5086 1630 5160">
    <p class='ocr_par' dir='ltr' id='par_1_95' title="bbox 55 5086 1630 5160">
     <span class='ocr_line' id='line_1_95' title="bbox 55 5086 1630 5160; baseline 0.003 -21"><span class='ocrx_word' id='word_1_654' title='bbox 55 5090 202 5152; x_wconf 73' lang='grc' dir='ltr'>μονία</span> <span class='ocrx_word' id='word_1_655' title='bbox 248 5103 341 5149; x_wconf 83' lang='grc' dir='ltr'><strong>τις</strong></span> <span class='ocrx_word' id='word_1_656' title='bbox 384 5086 652 5155; x_wconf 74' lang='grc' dir='ltr'>ἐφήδρευε</span> <span class='ocrx_word' id='word_1_657' title='bbox 687 5087 937 5158; x_wconf 87' lang='grc' dir='ltr'>δύναμις,</span> <span class='ocrx_word' id='word_1_658' title='bbox 967 5089 1000 5160; x_wconf 75' lang='grc' dir='ltr'><strong>ἡ</strong></span> <span class='ocrx_word' id='word_1_659' title='bbox 1036 5089 1130 5142; x_wconf 81' lang='grc' dir='ltr'><strong>καὶ</strong></span> <span class='ocrx_word' id='word_1_660' title='bbox 1155 5089 1259 5142; x_wconf 86' lang='grc' dir='ltr'>ὑπὸ</span> <span class='ocrx_word' id='word_1_661' title='bbox 1311 5092 1417 5142; x_wconf 88' lang='grc' dir='ltr'><strong>τῶν</strong></span> <span class='ocrx_word' id='word_1_662' title='bbox 1450 5092 1630 5143; x_wconf 82' lang='grc' dir='ltr'>ἐκεῖσε</span> 
     </span>
    </p>
   </div>
   <div class='ocr_carea' id='block_1_96' title="bbox 52 5179 1631 5251">
    <p class='ocr_par' dir='ltr' id='par_1_96' title="bbox 52 5179 1631 5251">
     <span class='ocr_line' id='line_1_96' title="bbox 52 5179 1631 5251; baseline 0.003 -22"><span class='ocrx_word' id='word_1_663' title='bbox 52 5180 322 5246; x_wconf 75' lang='grc' dir='ltr'>νεμόντων</span> <span class='ocrx_word' id='word_1_664' title='bbox 379 5180 659 5247; x_wconf 84' lang='grc' dir='ltr'>ποιμένων</span> <span class='ocrx_word' id='word_1_665' title='bbox 711 5179 975 5243; x_wconf 84' lang='grc' dir='ltr'>πολλάκις</span> <span class='ocrx_word' id='word_1_666' title='bbox 1021 5180 1408 5251; x_wconf 85' lang='grc' dir='ltr'>ἐθεραπεύετο,</span> <span class='ocrx_word' id='word_1_667' title='bbox 1447 5182 1523 5244; x_wconf 84' lang='grc' dir='ltr'>ὡς</span> <span class='ocrx_word' id='word_1_668' title='bbox 1563 5183 1631 5235; x_wconf 83' lang='grc' dir='ltr'><strong>ἂν</strong></span> 
     </span>
    </p>
   </div>
   <div class='ocr_carea' id='block_1_97' title="bbox 50 5271 1631 5343">
    <p class='ocr_par' dir='ltr' id='par_1_97' title="bbox 50 5271 1631 5343">
     <span class='ocr_line' id='line_1_97' title="bbox 50 5271 1631 5343; baseline 0.003 -21"><span class='ocrx_word' id='word_1_669' title='bbox 50 5273 198 5342; x_wconf 71' lang='grc' dir='ltr'>ἀτινῆ</span> <span class='ocrx_word' id='word_1_670' title='bbox 228 5271 401 5342; x_wconf 77' lang='grc' dir='ltr'>δῆθεν</span> <span class='ocrx_word' id='word_1_671' title='bbox 434 5273 498 5325; x_wconf 79' lang='grc' dir='ltr'><strong>ἐκ</strong></span> <span class='ocrx_word' id='word_1_672' title='bbox 550 5271 758 5325; x_wconf 87' lang='grc' dir='ltr'>τούτων</span> <span class='ocrx_word' id='word_1_673' title='bbox 788 5273 857 5325; x_wconf 83' lang='grc' dir='ltr'><strong>τά</strong></span> <span class='ocrx_word' id='word_1_674' title='bbox 911 5274 1185 5341; x_wconf 89' lang='grc' dir='ltr'>νεμόμενα</span> <span class='ocrx_word' id='word_1_675' title='bbox 1219 5274 1631 5343; x_wconf 84' lang='grc' dir='ltr'>διαφυλάττοιτο</span> 
     </span>
    </p>
   </div>
   <div class='ocr_carea' id='block_1_98' title="bbox 53 5357 1625 5435">
    <p class='ocr_par' dir='ltr' id='par_1_98' title="bbox 53 5357 1625 5435">
     <span class='ocr_line' id='line_1_98' title="bbox 53 5357 1625 5435; baseline 0.003 -22"><span class='ocrx_word' id='word_1_676' title='bbox 53 5362 365 5434; x_wconf 74' lang='grc' dir='ltr'>θρέμματα.</span> <span class='ocrx_word' id='word_1_677' title='bbox 392 5357 661 5416; x_wconf 75' lang='grc' dir='ltr'>Ὦντινων</span> <span class='ocrx_word' id='word_1_678' title='bbox 686 5364 958 5434; x_wconf 81' lang='grc' dir='ltr'>δαιμόνων</span> <span class='ocrx_word' id='word_1_679' title='bbox 992 5366 1155 5417; x_wconf 77' lang='grc' dir='ltr'>οἱονεὶ</span> <span class='ocrx_word' id='word_1_680' title='bbox 1194 5366 1331 5435; x_wconf 83' lang='grc' dir='ltr'>πρὸς</span> <span class='ocrx_word' id='word_1_681' title='bbox 1361 5366 1625 5435; x_wconf 85' lang='grc' dir='ltr'>ἀλλήλους</span> 
     </span>
    </p>
   </div>
   <div class='ocr_carea' id='block_1_99' title="bbox 49 5453 1625 5525">
    <p class='ocr_par' dir='ltr' id='par_1_99' title="bbox 49 5453 1625 5525">
     <span class='ocr_line' id='line_1_99' title="bbox 49 5453 1625 5525; baseline 0.004 -22"><span class='ocrx_word' id='word_1_682' title='bbox 49 5453 444 5523; x_wconf 75' lang='grc' dir='ltr'>διαλεγομένων</span> <span class='ocrx_word' id='word_1_683' title='bbox 473 5454 569 5506; x_wconf 78' lang='grc' dir='ltr'>καὶ</span> <span class='ocrx_word' id='word_1_684' title='bbox 593 5455 989 5523; x_wconf 80' lang='grc' dir='ltr'>ὲπιχαιρόντων</span> <span class='ocrx_word' id='word_1_685' title='bbox 1008 5455 1247 5525; x_wconf 74' lang='grc' dir='ltr'>ἥκουσαν</span> <span class='ocrx_word' id='word_1_686' title='bbox 1270 5458 1318 5509; x_wconf 84' lang='grc' dir='ltr'><strong>οἱ</strong></span> <span class='ocrx_word' id='word_1_687' title='bbox 1351 5459 1531 5525; x_wconf 85' lang='grc' dir='ltr'>νομεῖς</span> <span class='ocrx_word' id='word_1_688' title='bbox 1548 5457 1625 5519; x_wconf 86' lang='grc' dir='ltr'>ὠς</span> 
     </span>
    </p>
   </div>
   <div class='ocr_carea' id='block_1_100' title="bbox 48 5546 1623 5619">
    <p class='ocr_par' dir='ltr' id='par_1_100' title="bbox 48 5546 1623 5619">
     <span class='ocr_line' id='line_1_100' title="bbox 48 5546 1623 5619; baseline 0.001 -22"><span class='ocrx_word' id='word_1_689' title='bbox 48 5546 179 5598; x_wconf 63' lang='grc' dir='ltr'>ἑάλω</span> <span class='ocrx_word' id='word_1_690' title='bbox 203 5550 273 5615; x_wconf 83' lang='grc' dir='ltr'>τῇ</span> <span class='ocrx_word' id='word_1_691' title='bbox 308 5546 437 5614; x_wconf 84' lang='grc' dir='ltr'>χθὲς</span> <span class='ocrx_word' id='word_1_692' title='bbox 465 5547 649 5617; x_wconf 71' lang='grc' dir='ltr'>ἡμέρα</span> <span class='ocrx_word' id='word_1_693' title='bbox 673 5547 994 5616; x_wconf 86' lang='grc' dir='ltr'>Συράκουσα</span> <span class='ocrx_word' id='word_1_694' title='bbox 1030 5549 1120 5600; x_wconf 80' lang='grc' dir='ltr'>καὶ</span> <span class='ocrx_word' id='word_1_695' title='bbox 1151 5549 1216 5601; x_wconf 72' lang='grc' dir='ltr'>τὰ</span> <span class='ocrx_word' id='word_1_696' title='bbox 1240 5549 1297 5599; x_wconf 87' lang='grc' dir='ltr'><strong>ἐν</strong></span> <span class='ocrx_word' id='word_1_697' title='bbox 1324 5548 1461 5619; x_wconf 79' lang='grc' dir='ltr'>αὐτῇ</span> <span class='ocrx_word' id='word_1_698' title='bbox 1487 5549 1623 5602; x_wconf 86' lang='grc' dir='ltr'>πάν-</span> 
     </span>
    </p>
   </div>
   <div class='ocr_carea' id='block_1_101' title="bbox 47 5638 1624 5713">
    <p class='ocr_par' dir='ltr' id='par_1_101' title="bbox 47 5638 1624 5713">
     <span class='ocr_line' id='line_1_101' title="bbox 47 5638 1624 5713; baseline 0.003 -26"><span class='ocrx_word' id='word_1_699' title='bbox 47 5652 107 5688; x_wconf 79' lang='grc' dir='ltr'><strong>τα</strong></span> <span class='ocrx_word' id='word_1_700' title='bbox 136 5640 523 5693; x_wconf 75' lang='grc' dir='ltr'>κατέακαπται</span> <span class='ocrx_word' id='word_1_701' title='bbox 571 5638 666 5691; x_wconf 76' lang='grc' dir='ltr'><strong>καὶ</strong></span> <span class='ocrx_word' id='word_1_702' title='bbox 695 5639 829 5711; x_wconf 72' lang='grc' dir='ltr'>πυρὶ</span> <span class='ocrx_word' id='word_1_703' title='bbox 859 5640 1241 5713; x_wconf 77' lang='grc' dir='ltr'>παραδέδοται.</span> <span class='ocrx_word' id='word_1_704' title='bbox 1276 5640 1458 5710; x_wconf 80' lang='grc' dir='ltr'>Ἀπερ</span> <span class='ocrx_word' id='word_1_705' title='bbox 1487 5639 1624 5711; x_wconf 82' lang='grc' dir='ltr'>πρός</span> 
     </span>
    </p>
   </div>
   <div class='ocr_carea' id='block_1_102' title="bbox 1744 4616 3313 4691">
    <p class='ocr_par' dir='ltr' id='par_1_102' title="bbox 1744 4616 3313 4691">
     <span class='ocr_line' id='line_1_102' title="bbox 1744 4616 3313 4691; baseline 0.003 -19"><span class='ocrx_word' id='word_1_706' title='bbox 1744 4620 1795 4672; x_wconf 90' lang='lat' dir='ltr'><strong>in</strong></span> <span class='ocrx_word' id='word_1_707' title='bbox 1827 4616 2204 4688; x_wconf 88' lang='lat' dir='ltr'><strong>Pel0pouueso</strong></span> <span class='ocrx_word' id='word_1_708' title='bbox 2232 4617 2373 4670; x_wconf 91' lang='lat' dir='ltr'><strong>haud</strong></span> <span class='ocrx_word' id='word_1_709' title='bbox 2418 4621 2605 4683; x_wconf 76' lang='lat' dir='ltr'><strong>procul</strong></span> <span class='ocrx_word' id='word_1_710' title='bbox 2634 4619 3022 4684; x_wconf 84' lang='lat' dir='ltr'><strong>Moueinbasia,</strong></span> <span class='ocrx_word' id='word_1_711' title='bbox 3056 4623 3121 4676; x_wconf 93' lang='lat' dir='ltr'><strong>ad</strong></span> <span class='ocrx_word' id='word_1_712' title='bbox 3150 4638 3313 4691; x_wconf 89' lang='lat' dir='ltr'><strong>quam</strong></span> 
     </span>
    </p>
   </div>
   <div class='ocr_carea' id='block_1_103' title="bbox 1742 4711 3315 4779">
    <p class='ocr_par' dir='ltr' id='par_1_103' title="bbox 1742 4711 3315 4779">
     <span class='ocr_line' id='line_1_103' title="bbox 1742 4711 3315 4779; baseline 0.003 -13"><span class='ocrx_word' id='word_1_713' title='bbox 1742 4712 1985 4766; x_wconf 74' lang='lat' dir='ltr'><strong>Romana</strong></span> <span class='ocrx_word' id='word_1_714' title='bbox 2006 4712 2199 4766; x_wconf 84' lang='lat' dir='ltr'><strong>classis</strong></span> <span class='ocrx_word' id='word_1_715' title='bbox 2223 4711 2511 4765; x_wconf 86' lang='lat' dir='ltr'><strong>stationem</strong></span> <span class='ocrx_word' id='word_1_716' title='bbox 2546 4722 2850 4779; x_wconf 76' lang='lat' dir='ltr'><strong>acceperat.</strong></span> <span class='ocrx_word' id='word_1_717' title='bbox 2896 4712 3063 4768; x_wconf 88' lang='lat' dir='ltr'><strong>llelus</strong></span> <span class='ocrx_word' id='word_1_718' title='bbox 3092 4716 3315 4771; x_wconf 85' lang='lat' dir='ltr'><strong>nomine</strong></span> 
     </span>
    </p>
   </div>
   <div class='ocr_carea' id='block_1_104' title="bbox 1738 4804 3311 4876">
    <p class='ocr_par' dir='ltr' id='par_1_104' title="bbox 1738 4804 3311 4876">
     <span class='ocr_line' id='line_1_104' title="bbox 1738 4804 3311 4876; baseline 0.003 -17"><span class='ocrx_word' id='word_1_719' title='bbox 1738 4820 1767 4859; x_wconf 87' lang='lat' dir='ltr'><strong>a</strong></span> <span class='ocrx_word' id='word_1_720' title='bbox 1798 4806 1947 4859; x_wconf 72' lang='lat' dir='ltr'><strong>silva:</strong></span> <span class='ocrx_word' id='word_1_721' title='bbox 1969 4820 2132 4874; x_wconf 88' lang='lat' dir='ltr'><strong>prope</strong></span> <span class='ocrx_word' id='word_1_722' title='bbox 2149 4805 2443 4858; x_wconf 86' lang='lat' dir='ltr'><strong>ambientis</strong></span> <span class='ocrx_word' id='word_1_723' title='bbox 2461 4804 2838 4859; x_wconf 87' lang='lat' dir='ltr'><strong>condensitate</strong></span> <span class='ocrx_word' id='word_1_724' title='bbox 2856 4820 2921 4860; x_wconf 84' lang='lat' dir='ltr'><strong>ac</strong></span> <span class='ocrx_word' id='word_1_725' title='bbox 2938 4808 3227 4876; x_wconf 83' lang='lat' dir='ltr'><strong>opacitate.</strong></span> <span class='ocrx_word' id='word_1_726' title='bbox 3253 4810 3311 4863; x_wconf 90' lang='lat' dir='ltr'><strong>ln</strong></span> 
     </span>
    </p>
   </div>
   <div class='ocr_carea' id='block_1_105' title="bbox 1738 4898 3313 4968">
    <p class='ocr_par' dir='ltr' id='par_1_105' title="bbox 1738 4898 3313 4968">
     <span class='ocr_line' id='line_1_105' title="bbox 1738 4898 3313 4968; baseline 0.001 -15"><span class='ocrx_word' id='word_1_727' title='bbox 1738 4914 1803 4953; x_wconf 89' lang='lat' dir='ltr'><strong>eo</strong></span> <span class='ocrx_word' id='word_1_728' title='bbox 1856 4900 2160 4954; x_wconf 69' lang='lat' dir='ltr'><strong>daaniouum</strong></span> <span class='ocrx_word' id='word_1_729' title='bbox 2206 4900 2290 4952; x_wconf 84' lang='lat' dir='ltr'><strong>vis</strong></span> <span class='ocrx_word' id='word_1_730' title='bbox 2336 4902 2580 4965; x_wconf 62' lang='lat' dir='ltr'><strong>Quaedam</strong></span> <span class='ocrx_word' id='word_1_731' title='bbox 2626 4898 2919 4960; x_wconf 82' lang='lat' dir='ltr'><strong>insederat,</strong></span> <span class='ocrx_word' id='word_1_732' title='bbox 2960 4914 3121 4968; x_wconf 88' lang='lat' dir='ltr'><strong>quam</strong></span> <span class='ocrx_word' id='word_1_733' title='bbox 3167 4900 3313 4955; x_wconf 85' lang='lat' dir='ltr'><strong>haud</strong></span> 
     </span>
    </p>
   </div>
   <div class='ocr_carea' id='block_1_106' title="bbox 1737 4987 3312 5060">
    <p class='ocr_par' dir='ltr' id='par_1_106' title="bbox 1737 4987 3312 5060">
     <span class='ocr_line' id='line_1_106' title="bbox 1737 4987 3312 5060; baseline 0.003 -18"><span class='ocrx_word' id='word_1_734' title='bbox 1737 5005 1860 5043; x_wconf 89' lang='lat' dir='ltr'><strong>raro</strong></span> <span class='ocrx_word' id='word_1_735' title='bbox 1879 4998 2121 5058; x_wconf 84' lang='lat' dir='ltr'><strong>pastores</strong></span> <span class='ocrx_word' id='word_1_736' title='bbox 2148 4988 2415 5056; x_wconf 88' lang='lat' dir='ltr'><strong>obsequio</strong></span> <span class='ocrx_word' id='word_1_737' title='bbox 2431 4988 2692 5055; x_wconf 87' lang='lat' dir='ltr'><strong>cultuque</strong></span> <span class='ocrx_word' id='word_1_738' title='bbox 2714 4987 3070 5053; x_wconf 78' lang='lat' dir='ltr'><strong>deliuiebant,</strong></span> <span class='ocrx_word' id='word_1_739' title='bbox 3091 5000 3148 5043; x_wconf 93' lang='lat' dir='ltr'><strong>ut</strong></span> <span class='ocrx_word' id='word_1_740' title='bbox 3174 5007 3312 5060; x_wconf 78' lang='lat' dir='ltr'><strong>quas</strong></span> 
     </span>
    </p>
   </div>
   <div class='ocr_carea' id='block_1_107' title="bbox 1727 5079 3311 5152">
    <p class='ocr_par' dir='ltr' id='par_1_107' title="bbox 1727 5079 3311 5152">
     <span class='ocr_line' id='line_1_107' title="bbox 1727 5079 3311 5152; baseline 0.002 -19"><span class='ocrx_word' id='word_1_741' title='bbox 1727 5081 1884 5152; x_wconf 76' lang='lat'><strong>311</strong></span> <span class='ocrx_word' id='word_1_742' title='bbox 1914 5081 2210 5148; x_wconf 85' lang='lat' dir='ltr'><strong>pascebant</strong></span> <span class='ocrx_word' id='word_1_743' title='bbox 2232 5079 2486 5149; x_wconf 77' lang='lat' dir='ltr'><strong>pecudes,</strong></span> <span class='ocrx_word' id='word_1_744' title='bbox 2515 5080 2583 5132; x_wconf 89' lang='lat' dir='ltr'><strong>ab</strong></span> <span class='ocrx_word' id='word_1_745' title='bbox 2602 5079 2682 5134; x_wconf 90' lang='lat' dir='ltr'><strong>eis</strong></span> <span class='ocrx_word' id='word_1_746' title='bbox 2706 5080 2901 5134; x_wconf 72' lang='lat' dir='ltr'><strong>illaesas</strong></span> <span class='ocrx_word' id='word_1_747' title='bbox 2924 5096 2987 5134; x_wconf 84' lang='lat' dir='ltr'><strong>ac</strong></span> <span class='ocrx_word' id='word_1_748' title='bbox 3007 5080 3311 5136; x_wconf 89' lang='lat' dir='ltr'><strong>incolumes</strong></span> 
     </span>
    </p>
   </div>
   <div class='ocr_carea' id='block_1_108' title="bbox 1730 5172 3309 5245">
    <p class='ocr_par' dir='ltr' id='par_1_108' title="bbox 1730 5172 3309 5245">
     <span class='ocr_line' id='line_1_108' title="bbox 1730 5172 3309 5245; baseline -0.001 -19"><span class='ocrx_word' id='word_1_749' title='bbox 1730 5182 2070 5245; x_wconf 66' lang='lat' dir='ltr'><strong>praestarent.</strong></span> <span class='ocrx_word' id='word_1_750' title='bbox 2106 5172 2216 5228; x_wconf 84' lang='lat' dir='ltr'><strong>llos</strong></span> <span class='ocrx_word' id='word_1_751' title='bbox 2270 5174 2345 5227; x_wconf 91' lang='lat' dir='ltr'><strong>illi</strong></span> <span class='ocrx_word' id='word_1_752' title='bbox 2376 5173 2652 5227; x_wconf 66' lang='lat' dir='ltr'><strong>daemones</strong></span> <span class='ocrx_word' id='word_1_753' title='bbox 2678 5172 2826 5226; x_wconf 88' lang='lat' dir='ltr'><strong>velut</strong></span> <span class='ocrx_word' id='word_1_754' title='bbox 2873 5172 3015 5226; x_wconf 88' lang='lat' dir='ltr'><strong>inter</strong></span> <span class='ocrx_word' id='word_1_755' title='bbox 3045 5188 3105 5227; x_wconf 85' lang='lat' dir='ltr'><strong>se</strong></span> <span class='ocrx_word' id='word_1_756' title='bbox 3135 5173 3309 5227; x_wconf 85' lang='lat' dir='ltr'><strong>collo-</strong></span> 
     </span>
    </p>
   </div>
   <div class='ocr_carea' id='block_1_109' title="bbox 1728 5265 3307 5337">
    <p class='ocr_par' dir='ltr' id='par_1_109' title="bbox 1728 5265 3307 5337">
     <span class='ocr_line' id='line_1_109' title="bbox 1728 5265 3307 5337; baseline -0.001 -16"><span class='ocrx_word' id='word_1_757' title='bbox 1728 5277 1958 5337; x_wconf 85' lang='lat' dir='ltr'><strong>quentes</strong></span> <span class='ocrx_word' id='word_1_758' title='bbox 1975 5282 2039 5321; x_wconf 92' lang='lat' dir='ltr'><strong>ac</strong></span> <span class='ocrx_word' id='word_1_759' title='bbox 2059 5268 2400 5336; x_wconf 82' lang='lat' dir='ltr'><strong>gratulantes</strong></span> <span class='ocrx_word' id='word_1_760' title='bbox 2425 5265 2745 5327; x_wconf 87' lang='lat' dir='ltr'><strong>audierunt,</strong></span> <span class='ocrx_word' id='word_1_761' title='bbox 2776 5265 2933 5334; x_wconf 87' lang='lat' dir='ltr'><strong>quasi</strong></span> <span class='ocrx_word' id='word_1_762' title='bbox 2953 5265 3126 5334; x_wconf 89' lang='lat' dir='ltr'><strong>pridie</strong></span> <span class='ocrx_word' id='word_1_763' title='bbox 3147 5277 3307 5335; x_wconf 87' lang='lat' dir='ltr'><strong>capta</strong></span> 
     </span>
    </p>
   </div>
   <div class='ocr_carea' id='block_1_110' title="bbox 1732 5359 3305 5429">
    <p class='ocr_par' dir='ltr' id='par_1_110' title="bbox 1732 5359 3305 5429">
     <span class='ocr_line' id='line_1_110' title="bbox 1732 5359 3305 5429; baseline 0 -16"><span class='ocrx_word' id='word_1_764' title='bbox 1732 5360 1867 5414; x_wconf 90' lang='lat' dir='ltr'><strong>urbe</strong></span> <span class='ocrx_word' id='word_1_765' title='bbox 1912 5360 2255 5429; x_wconf 77' lang='lat' dir='ltr'><strong>Syracusana</strong></span> <span class='ocrx_word' id='word_1_766' title='bbox 2294 5360 2613 5429; x_wconf 87' lang='lat' dir='ltr'><strong>cunctisque</strong></span> <span class='ocrx_word' id='word_1_767' title='bbox 2648 5360 2702 5413; x_wconf 92' lang='lat' dir='ltr'><strong>in</strong></span> <span class='ocrx_word' id='word_1_768' title='bbox 2742 5374 2807 5413; x_wconf 90' lang='lat' dir='ltr'><strong>ea</strong></span> <span class='ocrx_word' id='word_1_769' title='bbox 2845 5359 3055 5414; x_wconf 88' lang='lat' dir='ltr'><strong>eversis</strong></span> <span class='ocrx_word' id='word_1_770' title='bbox 3084 5374 3147 5413; x_wconf 87' lang='lat' dir='ltr'><strong>ac</strong></span> <span class='ocrx_word' id='word_1_771' title='bbox 3193 5359 3305 5427; x_wconf 86' lang='lat' dir='ltr'><strong>igni</strong></span> 
     </span>
    </p>
   </div>
   <div class='ocr_carea' id='block_1_111' title="bbox 1732 5451 3302 5523">
    <p class='ocr_par' dir='ltr' id='par_1_111' title="bbox 1732 5451 3302 5523">
     <span class='ocr_line' id='line_1_111' title="bbox 1732 5451 3302 5523; baseline -0.001 -16"><span class='ocrx_word' id='word_1_772' title='bbox 1732 5454 1969 5507; x_wconf 88' lang='lat' dir='ltr'><strong>traditis.</strong></span> <span class='ocrx_word' id='word_1_773' title='bbox 2028 5451 2153 5508; x_wconf 56' lang='lat' dir='ltr'><strong>Haec</strong></span> <span class='ocrx_word' id='word_1_774' title='bbox 2220 5461 2467 5523; x_wconf 76' lang='lat' dir='ltr'><strong>pastores</strong></span> <span class='ocrx_word' id='word_1_775' title='bbox 2525 5452 2653 5505; x_wconf 93' lang='lat' dir='ltr'><strong>dum</strong></span> <span class='ocrx_word' id='word_1_776' title='bbox 2698 5453 2973 5507; x_wconf 87' lang='lat' dir='ltr'><strong>nonnullis</strong></span> <span class='ocrx_word' id='word_1_777' title='bbox 3031 5452 3302 5521; x_wconf 63' lang='lat' dir='ltr'><strong>referunt,</strong></span> 
     </span>
    </p>
   </div>
   <div class='ocr_carea' id='block_1_112' title="bbox 1732 5545 3303 5617">
    <p class='ocr_par' dir='ltr' id='par_1_112' title="bbox 1732 5545 3303 5617">
     <span class='ocr_line' id='line_1_112' title="bbox 1732 5545 3303 5617; baseline 0 -17"><span class='ocrx_word' id='word_1_778' title='bbox 1732 5548 1978 5615; x_wconf 86' lang='lat' dir='ltr'><strong>pervenit</strong></span> <span class='ocrx_word' id='word_1_779' title='bbox 2023 5548 2263 5601; x_wconf 89' lang='lat' dir='ltr'><strong>narratio</strong></span> <span class='ocrx_word' id='word_1_780' title='bbox 2293 5546 2359 5600; x_wconf 87' lang='lat' dir='ltr'><strong>ad</strong></span> <span class='ocrx_word' id='word_1_781' title='bbox 2407 5548 2585 5617; x_wconf 92' lang='lat' dir='ltr'><strong>ipsum</strong></span> <span class='ocrx_word' id='word_1_782' title='bbox 2614 5546 2937 5600; x_wconf 78' lang='lat' dir='ltr'><strong>Adriauum.</strong></span> <span class='ocrx_word' id='word_1_783' title='bbox 2996 5545 3303 5600; x_wconf 72' lang='lat' dir='ltr'><strong>Aecci-sitis</strong></span> 
     </span>
    </p>
   </div>
   <div class='ocr_carea' id='block_1_113' title="bbox 1730 5638 3298 5712">
    <p class='ocr_par' dir='ltr' id='par_1_113' title="bbox 1730 5638 3298 5712">
     <span class='ocr_line' id='line_1_113' title="bbox 1730 5638 3298 5712; baseline -0.001 -17"><span class='ocrx_word' id='word_1_784' title='bbox 1730 5656 1860 5695; x_wconf 76' lang='lat' dir='ltr'><strong>Vero</strong></span> <span class='ocrx_word' id='word_1_785' title='bbox 1904 5641 2034 5709; x_wconf 91' lang='lat' dir='ltr'><strong>ipsis</strong></span> <span class='ocrx_word' id='word_1_786' title='bbox 2067 5642 2398 5712; x_wconf 87' lang='lat' dir='ltr'><strong>pastoribus,</strong></span> <span class='ocrx_word' id='word_1_787' title='bbox 2433 5655 2610 5710; x_wconf 84' lang='lat' dir='ltr'><strong>exque</strong></span> <span class='ocrx_word' id='word_1_788' title='bbox 2660 5640 2767 5694; x_wconf 79' lang='lat' dir='ltr'><strong>illis</strong></span> <span class='ocrx_word' id='word_1_789' title='bbox 2796 5638 3084 5708; x_wconf 78' lang='lat' dir='ltr'><strong>diligenter</strong></span> <span class='ocrx_word' id='word_1_790' title='bbox 3115 5654 3178 5693; x_wconf 85' lang='lat' dir='ltr'><strong>ac</strong></span> <span class='ocrx_word' id='word_1_791' title='bbox 3201 5653 3298 5693; x_wconf 81' lang='lat' dir='ltr'><strong>cu-</strong></span> 
     </span>
    </p>
   </div>
   <div class='ocr_carea' id='block_1_114' title="bbox 1322 5730 2001 5790">
    <p class='ocr_par' dir='ltr' id='par_1_114' title="bbox 1322 5730 2001 5790">
     <span class='ocr_line' id='line_1_114' title="bbox 1322 5730 2001 5790; baseline 0.004 -4"><span class='ocrx_word' id='word_1_792' title='bbox 1322 5730 1558 5787; x_wconf 65' lang='lat' dir='ltr'><strong>V&#39;ARIIE</strong></span> <span class='ocrx_word' id='word_1_793' title='bbox 1594 5731 2001 5790; x_wconf 74' lang='lat' dir='ltr'><strong>LECTIONES.</strong></span> 
     </span>
    </p>
   </div>
   <div class='ocr_carea' id='block_1_115' title="bbox 144 5824 814 5890">
    <p class='ocr_par' dir='ltr' id='par_1_115' title="bbox 144 5824 814 5890">
     <span class='ocr_line' id='line_1_115' title="bbox 144 5824 814 5890; baseline 0.003 -11"><span class='ocrx_word' id='word_1_794' title='bbox 144 5824 163 5855; x_wconf 83' lang='lat'>&#39;</span> <span class='ocrx_word' id='word_1_795' title='bbox 195 5824 295 5890; x_wconf 74' lang='grc' dir='ltr'>τῆς</span> <span class='ocrx_word' id='word_1_796' title='bbox 321 5840 431 5880; x_wconf 84' lang='lat' dir='ltr'><strong>om.</strong></span> <span class='ocrx_word' id='word_1_797' title='bbox 471 5826 539 5882; x_wconf 73' lang='grc' dir='ltr'>Α.</span> <span class='ocrx_word' id='word_1_798' title='bbox 614 5827 637 5859; x_wconf 85' lang='grc'><strong>⁹</strong></span> <span class='ocrx_word' id='word_1_799' title='bbox 666 5825 724 5879; x_wconf 77' lang='grc' dir='ltr'>ὃν</span> <span class='ocrx_word' id='word_1_800' title='bbox 747 5827 814 5881; x_wconf 82' lang='grc' dir='ltr'>Α.</span> 
     </span>
    </p>
   </div>
  </div>
