4154 6446
138 404 239 468 329

1233 420 1381 478 LIB.
1424 424 1488 480 V.
1526 448 1573 455 -
1626 424 2318 487 BAhlLlUSMACEDU.

3294 438 3396 495 330

138 518 434 588 θρησκείαν
478 521 746 577 ἑλκόντων
788 531 1291 599 προσεπαγόμενον.
1331 534 1583 596 Ἐνωθεὶς
1617 536 1694 586 οὒκ.

1814 539 1960 590 diuis
1997 539 2333 611 oiiiitopera.
2360 542 2640 596 Continuo
2672 543 2818 594 enim
2849 542 3162 598 Amantiam
3200 544 3394 595 urbem

133 611 159 659 ὁ
183 609 494 680 Νικηφόρος
524 615 645 675 ταῖς
674 615 814 684 μετὰ
864 617 1140 685 Στεφάνου
1163 622 1202 651 ⁸⁷
1232 624 1494 694 δυνάμεσι
1546 629 1715 680 πολλὰ

133 702 223 753 καὶ
254 704 528 766 συνέσεως
559 705 694 775 ἔργα
730 710 822 760 καὶ
855 710 1160 781 πολεμικῆς
1198 717 1420 786 ἀνδρίας
1450 722 1545 771 καὶ
1590 736 1714 785 γεν-

132 796 412 864 ναιότητος
454 798 796 865 ἀπεδείξατο.
835 803 947 873 Τήν
971 821 1031 857 τε
1073 809 1180 877 γὰρ
1226 809 1382 861 πόλιν
1419 811 1715 880 ’Λμαντίας

130 884 289 947 εὐθὺς
305 888 660 957 ἐχειρώσατο,
683 893 810 955 τοὺς
830 896 1292 967 ἀντιταξαμένους
1313 902 1542 971 ἐχθροὺς
1566 905 1715 974 φόνῳ

129 976 305 1046 πολλῶ
326 979 695 1050 τρεψάμενος.
734 986 825 1038 καὶ
861 987 924 1039 τὸ
958 990 1195 1059 κάστρον
1248 993 1276 1044 ὂ
1319 994 1539 1065 Τρόπας
1578 1014 1713 1048 κατ-

124 1070 441 1139 ωνομάζετο
460 1075 553 1126 καὶ
575 1077 636 1127 τὸ
650 1077 748 1146 τῆς
781 1079 971 1147 ’Δγίας
985 1084 1283 1155 Σευηρίνης
1300 1087 1437 1158 πρὸς
1460 1090 1558 1159 τὴν
1582 1107 1714 1158 προ-

123 1161 288 1232 τέραν
306 1164 629 1220 δεσποτείαν
652 1171 753 1237 τῆς
784 1171 1104 1246 Ῥωμαῖκῆς
1135 1180 1310 1248 ἀρχῆς
1347 1182 1709 1251 μετηγάγετο,

122 1438 287 1490 αὐτὸν
312 1443 546 1509 στρατὸν
567 1444 761 1513 ίκανῆς
796 1448 1066 1517 ὠφελείας
1089 1452 1373 1523 ἐνέπλησε.
1407 1458 1514 1508 Καὶ
1536 1458 1708 1511 ταῦτα

126 1528 246 1595 μὲν,
272 1531 431 1591 ἒωςδ
461 1534 520 1584 ἐν
556 1532 870 1602 βασιλεῦσιν
916 1541 1160 1609 ἀοίδιμος
1200 1545 1297 1612 ἔζη
1330 1547 1628 1611 Βασὲλειος,
1679 1555 1709 1603 ὁ

119 1620 256 1689 ἀνὴρ
311 1626 732 1694 κατεπράξατο·
792 1630 861 1681 τά
917 1632 974 1685 δὲ
1041 1633 1294 1688 λείποντα
1362 1640 1707 1708 προσέθηκεν

120 1710 347 1782 ὕστερον
378 1716 471 1767 ἐπὶ
498 1716 591 1768 τοῦ
624 1721 933 1787 πραοτάτου
965 1726 1062 1777 καὶ
1090 1728 1406 1793 σοφωτάτου
1441 1729 1707 1797 βασιλέως

118 1806 379 1862 ἁπάντων
405 1810 449 1839 ’⁸
478 1811 707 1876 Λέοντος
736 1814 831 1866 τού
881 1817 1091 1869 ἐκείνου
1146 1820 1189 1850 ¹⁹
1233 1821 1368 1873 υίοῦ.
1427 1822 1489 1873 Εἰ
1544 1823 1600 1875 δὲ
1628 1826 1703 1893 μὴ

1821 632 1984 697 cepit.
2020 634 2187 688 multa
2236 643 2418 705 strage
2464 634 2602 688 fusis
2636 633 2947 705 fugatisque
2972 637 3263 698 hostibus;
3312 651 3395 687 ar-

1819 737 2046 790 cemque
2074 723 2281 793 Tropas
2304 734 2359 778 et
2390 735 2633 780 sanctam
2665 725 2977 778 Scin-rinam
3008 728 3073 780 ad
3104 728 3395 795 pristinum

1820 815 2029 881 imperii
2068 815 2295 871 Romani
2339 818 2641 870 dominium
2688 818 2941 875 reduxit:
2980 819 3211 888 aliisque
3259 834 3369 887 pra‘

1818 906 1903 960 liis
1963 924 2027 963 ac
2082 909 2531 963 dimicationibus
2578 910 2949 975 Agarcnorum
3004 912 3177 963 victor
3238 912 3391 969 exiit,

1816 1008 1977 1067 atque
2006 1015 2194 1053 eorum
2226 1001 2415 1069 spoliis
2458 1000 2696 1066 abunde,
2726 1016 2889 1069 quem
2920 1002 3154 1055 ducebat
3183 1001 3389 1054 exerci-

1818 1100 1953 1152 tum,
1986 1094 2250 1144 recreavit
2306 1102 2471 1161 atque
2516 1092 2730 1145 ditavit.
2799 1093 2864 1146 Et
2905 1092 3020 1146 haec
3064 1092 3285 1158 quidem
3339 1095 3391 1145 in

1813 1182 1951 1233 vivis
1973 1190 2165 1248 agcltte
2193 1184 2405 1252 inclytae
2428 1182 2707 1237 memoriae
2725 1181 2924 1236 Basilio
2955 1184 3286 1251 imperatore
3310 1182 3392 1235 vir

1813 1272 1903 1325 ille
1942 1274 2137 1340 gessit;
2181 1276 2391 1343 reliqua
2421 1275 2526 1329 sub
2556 1274 2854 1329 mitissimo
2872 1276 3388 1345 sapientissimoque

1815 1363 1997 1417 Leone
2044 1366 2373 1433 imperatore
2423 1366 2543 1433 ejus
2582 1365 2692 1420 ﬁlio
2742 1375 2931 1435 postea
2984 1365 3205 1434 adjecit.
3274 1364 3386 1419 Etsi

1812 1464 1992 1509 autem
2046 1470 2155 1509 non
2191 1456 2315 1511 aliae
2368 1456 2492 1510 aliis
2548 1467 2795 1526 tempore
2844 1456 3142 1526 conjuncto
3195 1471 3390 1526 pugna:

1810 1548 2169 1612 exstiterunt,
2201 1547 2427 1617 perinde
2457 1562 2519 1601 ac
2551 1548 2673 1602 illas
2698 1548 2922 1617 digessit
2953 1548 3200 1603 instituta
3234 1547 3392 1601 nobis

1810 1639 2048 1691 narratio
2079 1655 2093 1704 ;
2131 1640 2273 1707 quod
2304 1648 2485 1692 tamen
2512 1640 2946 1709 uniuscujusque
2966 1647 3131 1708 gesta:
3148 1638 3224 1691 rei
3246 1653 3388 1708 prm-

1808 1727 2031 1796 stitique
2061 1727 2322 1782 facinoris
2360 1738 2613 1783 exactum
2636 1738 2851 1795 tempus
2892 1730 3201 1799 ignoretur,
3263 1744 3390 1799 pro-

1815 1830 1999 1890 pterea
2024 1835 2135 1873 uno
2163 1821 2353 1874 ordine
2371 1822 2583 1890 singula
2609 1822 3025 1891 coniungentes,
3054 1823 3130 1876 uti
3156 1821 3387 1894 professi

118 1899 463 1967 συνημμέναι
491 1904 606 1964 τοῖς
648 1907 862 1974 χρόνοις
887 1908 1147 1978 ἀλλήλαις
1173 1911 1229 1963 αί
1260 1913 1433 1981 μάχαι
1481 1883 1694 1984 ἐτύγχα·

1809 1883 2051 1975 eramus,
2084 1911 2485 1981 disposuimus.
2538 1912 2614 1963 Ac
2643 1911 2865 1981 quidem
2904 1913 3045 1967 bello
3079 1922 3232 1981 gesta
3270 1923 3386 1968 tum

116 2006 222 2053 νον,
244 1988 333 2059 IP.
362 1991 689 2065 193]ῶσπερ
715 1993 808 2051 οὖν
839 2000 871 2068 ή
903 1999 1178 2070 διήγησις,
1212 2004 1329 2056 ἀλλ’
1354 2008 1504 2075 ὅμως
1525 2010 1643 2060 ἐπεὶ
1658 2010 1705 2039 ’°

112 2077 404 2151 δέκάστης
460 2085 719 2154 πράξεως
776 2090 1013 2161 ἀκριϐὴς
1065 2096 1315 2161 ἠγνοεῖτο
1348 2097 1559 2166 χρόνος,
1613 2098 1703 2151 διὰ

112 2168 270 2222 τοῦτο
327 2174 459 2241 μίαν
517 2178 659 2231 κατὰ
711 2178 810 2251 τὴν
869 2182 1205 2251 ἐπαγγελίαν
1274 2186 1427 2254 τάξιν
1486 2190 1705 2252 ἐδέξατο

114 2260 348 2319 ἃπαντα.
388 2268 497 2319 Καὶ
524 2269 594 2321 τὰ
632 2271 730 2340 μὲν
782 2274 839 2326 ἐν
875 2274 1134 2345 πολέμοις
1162 2279 1207 2309 ²¹
1241 2283 1703 2351 καταπραχθέντα

1813 2017 1907 2073 per
1929 2003 2166 2071 seipsum
2200 2012 2314 2056 tum
2347 2016 2441 2072 per
2470 2002 2675 2071 legatos
2710 2001 2912 2057 Basilio
2941 2001 3106 2073 315
3151 2003 3387 2072 impera-

1811 2096 1938 2160 tori,
1972 2107 2118 2149 terra
2164 2110 2319 2163 atque
2341 2103 2395 2147 et
2438 2095 2597 2159 mari,
2633 2095 2684 2148 in
2715 2095 2937 2149 Oriente
2970 2105 3024 2149 et
3068 2094 3387 2157 Occidente,

1809 2203 2152 2258 quaecunque
2183 2188 2236 2239 in
2274 2186 2521 2241 notitiam
2567 2200 2743 2240 meam
2791 2196 3085 2250 venerunt,
3124 2186 3236 2241 inec
3277 2184 3390 2238 fere

1809 2298 1872 2335 ac
1904 2282 2026 2333 talia
2056 2291 2202 2333 sunt.

112 2354 195 2406 διά
215 2372 276 2407 τε
300 2358 555 2411 σύτοῦ¹¹⁶
587 2366 683 2414 καὶ
702 2362 792 2417 διὰ
820 2365 929 2418 τῶν
947 2367 1377 2441 ὑποστρατήγων
1410 2373 1671 2445 Βασιλεὲῳ
1702 2377 1776 2429 τέ’-3
1810 2374 2037 2444 βασιλεῖ,
2073 2375 2173 2426 ὅσα
2197 2377 2276 2435 εἰς
2301 2374 2439 2444 ἐμὴν
2477 2374 2713 2441 ἔφθασεν
2733 2374 2903 2425 ἐλθεῖν
2933 2374 3102 2443 ἀκοὴν
3127 2413 3141 2438 ν
3176 2374 3263 2427 ad
3327 2379 3386 2423 τε

112 2450 206 2516 τῆς
230 2447 406 2518 ξηρᾶς
435 2453 529 2503 καὶ
580 2455 754 2524 ὑγράς
806 2459 948 2510 κατά
1012 2460 1302 2529 Ἀνατολὴν
1356 2466 1449 2518 καὶ
1500 2467 1679 2534 Λύσιν.
1723 2468 1947 2520 τοιαῦτα
1978 2469 2069 2517 καὶ
2094 2467 2337 2520 τοσαῦτα
2368 2468 2690 2536 ἐτύγχανεν.

177 2537 275 2607 οβ’.
308 2540 433 2612 Χρὴ
467 2542 525 2595 δὲ
577 2543 733 2607 αὖθις
764 2546 854 2599 τὸν
896 2546 1053 2616 λόγον
1083 2552 1417 2624 ἀναδραμεῖν
1461 2557 1554 2609 ἐπὶ
1583 2558 1684 2618 τὰς

113 2631 341 2721 πράξεις
374 2633 593 2697 ἐκείνας
620 2630 696 2690 ὧν
722 2638 1025 2709 αὐτουργὸς
1052 2644 1080 2695 ὁ
1108 2643 1367 2713 βασιλεὺς
1390 2650 1697 2721 ἐχρημάτι-

110 2720 218 2787 ζεν,
254 2726 354 2776 καὶ
392 2725 763 2797 διηγήσασθαι
794 2731 839 2763 ’³
867 2734 1019 2797 ὅπως
1063 2735 1149 2788 ἀεὶ
1197 2738 1309 2801 τοῖς
1353 2720 1555 2804 κοινοῖς
1611 2745 1695 2794 ὲν-

116 2814 524 2885 ασχολούμενος
580 2820 871 2890 πράγμασι
900 2828 996 2877 καὶ
1020 2826 1071 2859 ⁸³
1114 2828 1256 2898 πρὸς
1278 2831 1381 2900 τὴν
1423 2835 1696 2905 κοσμικὴν

108 2905 439 2975 ἐπιμέλειαν
485 2913 794 2981 τεταμένην
834 2914 974 2985 ἔχων
1012 2918 1282 2988 διηνεκῶς
1322 2922 1421 2993 τὴν
1456 2925 1697 2979 διάνοιαν

105 2995 296 3049 ἀλλοτε
329 2997 433 3067 μὲν
466 3000 533 3052 τὰ.
564 3003 699 3072 πρὸς
723 3004 785 3058 τὸ
819 3006 936 3060 δέον
963 3012 1029 3081 τῇ
1062 3010 1295 3083 ἔμφρονι
1326 3019 1698 3089 μεταχειρίσει

106 3089 482 3159 κατηύθυνεν,
510 3093 700 3148 ἄλλοτε
740 3098 797 3150 δὲ
829 3099 930 3169 τὴν
960 3102 1131 3174 ἀκοὴν
1163 3105 1407 3161 ὑπετίθει
1456 3112 1550 3161 καὶ
1581 3114 1699 3164 ἐπι-

107 3180 288 3249 μελῶς
322 3184 572 3253 ἠκροᾶτο
611 3189 903 3259 ἱστορικῶν
927 3208 988 3244 τε
1025 3193 1385 3264 διηγημάτων
1416 3199 1508 3253 καὶ
1542 3202 1694 3254 πολι-

1880 2559 1967 2611 7‘2.
2004 2557 2273 2611 Recurrat
2303 2572 2467 2627 porro
2497 2558 2677 2611 oratio
2701 2572 2927 2612 necesse
2952 2556 3127 2612 estad
3162 2572 3257 2613 eas
3290 2572 3386 2611 ac-

1808 2650 1983 2704 tiones
2016 2665 2250 2719 quarum
2277 2650 2394 2719 ipse
2416 2664 2513 2718 per
2553 2664 2610 2704 se
2651 2650 2947 2718 imperator
2985 2658 3179 2703 auctor
3217 2660 3387 2703 exsti-

1805 2739 1905 2802 tit;
1958 2747 2253 2808 narretque
2298 2738 2759 2809 quemadmodum
2793 2739 2882 2794 ille
2904 2738 3137 2809 publicis
3170 2754 3386 2807 semper

1806 2833 1968 2885 rebus
1993 2847 2211 2895 vacans,
2246 2834 2411 2901 inque
2443 2834 2628 2888 mundi
2653 2848 2839 2887 curam
2863 2834 3122 2888 continue
3137 2834 3382 2887 animum

1805 2925 2074 2977 intentum
2109 2925 2334 2987 habens,
2356 2925 2519 2980 modo
2542 2926 2759 2995 quidem
2782 2926 3035 2993 prudenti
3056 2926 3383 2981 tractatione

1807 3014 1874 3068 ad
1928 3015 2143 3070 honesti
2177 3016 2431 3086 aequique
2483 3016 2646 3071 ﬁnem
2701 3017 2978 3086 dirigeret,
3032 3018 3198 3072 modo
3251 3034 3383 3073 vero

1806 3122 1993 3160 aurem
2030 3110 2474 3164 accommodaret
2515 3109 2837 3180 audiretque
2862 3111 3055 3167 sedulo
3083 3110 3380 3170 historicas

1807 3202 2149 3256 narrationes
2191 3209 2243 3255 et
2276 3202 2494 3270 politica
2537 3203 2861 3257 documenta
2904 3206 3251 3275 moralesque
3293 3206 3381 3260 in-

102 3272 273 3325 τικῶν
304 3277 795 3346 παραγγελμάτων
826 3285 923 3335 καὶ
946 3285 1156 3353 ἠθικῶν
1183 3289 1573 3359 παιδευμάτων
1601 3298 1694 3347 καὶ

1805 3291 2151 3354 structiones,
2190 3294 2412 3347 Patrum
2444 3294 2682 3365 denique
2716 3310 2782 3349 ac
2819 3296 3081 3365 spiritalia
3121 3272 3381 3353 adhorta-

102 3367 395 3434 πατρικῶν
424 3385 487 3421 τε
546 3370 644 3422 καὶ
696 3378 1088 3445 πνευματικῶν
1136 3381 1561 3450 νουθετημάτων
1602 3388 1697 3437 καὶ

101 3456 469 3526 εἰσηγήσεων,
523 3457 714 3513 ἄλλοτε
762 3461 821 3514 δὲ
871 3466 967 3517 καὶ
1012 3466 1113 3535 τὴν
1144 3469 1304 3539 χεῖρα
1350 3472 1489 3541 πρὸς
1527 3473 1620 3524 τὸν
1650 3474 1696 3505 ³⁵

98 3551 380 3617 γραφικδν
431 3551 751 3617 ἐξεπαίδευε
801 3558 894 3609 καὶ
944 3559 1250 3630 κατηύθυνε
1291 3563 1557 3635 κάλαμον,
1600 3570 1691 3620 καὶ

99 3639 193 3691 νῦν
232 3641 337 3709 μὲν
391 3645 721 3714 στρατηγῶν
758 3663 817 3698 τε
869 3650 963 3701 καὶ
1013 3653 1438 3725 αὐτοκρατόρων
1480 3658 1690 3729 ἀνδρῶν

101 3728 206 3799 ἧῦη
238 3731 338 3784 καὶ
374 3731 526 3801 βίους
552 3736 646 3786 καὶ
676 3738 1076 3809 μεταχειρίσεις
1108 3744 1452 3813 πραγμάτων
1476 3728 1693 3803 καὶποο

96 3822 364 3891 λεμικοὺς
412 3825 632 3891 ἀγῶνας
678 3827 1026 3900 διηρευνᾶτο,
1074 3836 1168 3887 καὶ
1217 3840 1573 3903 ἀνασκοπῶν,
1627 3843 1693 3896 τὰ

96 3914 379 3981 κράτιστα
414 3915 622 3972 τούτων
664 3921 761 3972 καὶ
796 3923 1167 3994 ἐπαινούμενα
1204 3927 1584 3999 ἐκλεγόμενος,
1614 3936 1693 3997 εἰς

96 4007 315 4070 οἰκείας
340 4008 574 4078 πράξεις
594 4012 893 4078 ἐσπούδαζε
913 4016 1013 4086 τὴν
1033 4018 1265 4088 μίμησιν
1278 4023 1689 4088 κατατίθεσθαι,

104 4098 195 4149 νῦν
227 4099 291 4152 δὲ
314 4100 432 4153 τῶν
459 4103 518 4154 ἐν
544 4105 612 4173 τῇ
646 4104 789 4159 κατὰ
814 4106 945 4160 Θεὸν
973 4110 1170 4181 ἀρίστῃ
1199 4114 1444 4186 πολιτείᾳ
1469 4117 1691 4187 διαπρε-

93 4192 323 4259 tiva
343 4194 558 4265 ἀνδρῶν
584 4199 711 4261 τοὺς
736 4198 883 4267 βίους
906 4202 1181 4271 ἐπιμελῶς
1199 4208 1630 4277 καταμανθάνων
1645 4214 1688 4244 Ia

95 4286 189 4336 καὶ
210 4286 312 4349 τὰς
338 4286 572 4354 ἀλόγους
594 4289 773 4359 ὁρμὰς
794 4293 892 4359 τῆς
921 4292 1099 4363 ψυχῆς
1122 4299 1504 4366 περιέκοπτεν,
1529 4303 1688 4357 αὐτὸν

94 4375 295 4429 ἑαυτοῦ
323 4377 599 4430 δεικνύειν
627 4379 825 4433 ἐθέλων
851 4382 957 4451 πρὸ
984 4386 1092 4437 τῶν
1111 4387 1267 4449 ἐκτὸς
1287 4390 1684 4460 αὐτοκράτορα,

95 4471 189 4520 καὶ
243 4469 457 4538 πολλὴν
503 4471 756 4524 ἐντεῦθεν
788 4474 835 4505 ³⁸
882 4476 1199 4547 ἐκαρποῦτο
1245 4481 1558 4548 ὠφείλειαν.
1596 4486 1687 4537 Διὸ

96 4560 188 4611 καὶ
231 4561 365 4623 τοὺς
404 4560 489 4615 ἔτι
533 4562 611 4632 τῷ
650 4563 750 4633 βίῳ
782 4567 1070 4636 περιόντας
1110 4571 1221 4623 τῶν
1267 4575 1556 4642 μακαρίων
1586 4577 1683 4629 ἀνα

1800 3393 1981 3436 menta
2016 3393 2071 3437 et
2110 3384 2556 3451 admonitiones;
2604 3388 2771 3442 modo
2808 3388 2972 3443 etiam
3028 3404 3253 3445 manum
3311 3392 3377 3444 a-l

1799 3475 2151 3531 scribendum
2202 3478 2447 3533 erudiret
2494 3479 2879 3550 calamumque
2943 3482 3229 3551 dirigeret;
3314 3500 3377 3538 ac

1797 3568 1960 3622 modo
2000 3570 2220 3639 quidem
2263 3580 2558 3641 praetorum
2618 3587 2679 3626 ac
2738 3575 3131 3644 imperatorum
3197 3593 3376 3632 mores

1796 3659 2045 3730 vitasque
2072 3669 2129 3714 et
2154 3676 2337 3717 rerum
2394 3666 2771 3734 aggressiones
2830 3667 3134 3739 bellicaque
3196 3680 3374 3725 certa-

1795 3752 1942 3805 mina
1985 3752 2196 3808 rimans
2240 3768 2304 3808 ac
2337 3755 2663 3825 dispiciens,
2700 3773 2767 3813 ex
2809 3758 2889 3813 eis
2914 3762 3371 3828 praestantissima

1795 3842 2126 3913 laudemque
2158 3846 2421 3902 habentia
2453 3850 2689 3921 seligens
2716 3853 2769 3906 in
2798 3866 2927 3906 suas
2961 3854 3206 3909 actiones
3248 3856 3376 3911 imi-

1796 3932 2061 3987 tationem
2101 3935 2398 3993 transferre
2418 3939 2697 4006 studeret;
2729 3941 2889 3995 modo
2915 3950 3098 3996 autem
3130 3944 3370 3998 virorum

1794 4024 1886 4093 qui
1909 4026 2114 4094 optima
2148 4030 2270 4082 vita:
2291 4030 2580 4101 disciplina
2616 4032 2869 4102 religiosa
2914 4034 3113 4103 pietate
3138 4038 3369 4091 claruis-

1792 4124 1917 4171 sent
1932 4116 2074 4169 vitas
2094 4115 2386 4187 diligenter
2400 4120 2760 4189 perdisceret,
2782 4122 3064 4192 animique
3080 4126 3369 4193 appetitio-

1792 4227 1889 4266 nes
1911 4226 1941 4264 a
1974 4211 2189 4265 ratione
2212 4212 2571 4267 abhorrentes
2603 4214 2968 4281 exscinderet,
2994 4217 3171 4286 ipsum
3199 4234 3259 4273 se
3282 4221 3366 4273 sui

1791 4307 1971 4375 potius
1989 4322 2152 4375 quam
2176 4307 2523 4362 subditorum
2547 4308 2931 4378 imperatorem
2958 4325 3253 4381 regemque
3275 4328 3370 4367 ex-

1792 4397 1976 4450 hibere
1990 4406 2267 4467 satagens,
2284 4397 2515 4465 indeque
2532 4399 2757 4452 multam
2780 4399 2947 4453 animi
2970 4401 3258 4456 utilitatem
3276 4419 3369 4472 pa-

1790 4489 2312 4558 rarct.Quaproptcr
2335 4493 2496 4543 etiam
2519 4490 2708 4544 beatos
2733 4492 2877 4545 viros
2901 4493 3076 4546 adhuc
3097 4497 3366 4563 supersti-

1792 4591 1892 4643 tes,
1914 4584 2117 4650 quique
2139 4582 2191 4634 in
2213 4592 2430 4636 terrena
2454 4584 2553 4636 hac
2572 4585 2677 4636 vita
2702 4584 2834 4636 nihil
2860 4593 3132 4640 terrenum
3156 4589 3365 4643 haben-

93 4649 258 4718 δρῶν,
304 4651 418 4703 τῶν
450 4653 551 4722 τὴν
601 4654 763 4707 ἆῦλον
817 4657 1094 4712 πολιτείαν
1148 4662 1459 4727 διαζῶντων
1509 4670 1565 4721 ἐν
1611 4672 1676 4738 τῇ

1800 4684 1896 4727 tem
1920 4677 2080 4727 vitam
2104 4676 2415 4738 instituant,
2438 4691 2500 4729 ac
2518 4676 2609 4744 qui
2636 4677 2691 4730 in
2727 4677 2898 4731 cados
2924 4678 3049 4733 vitae
3074 4681 3364 4752 snaz315

94 4742 286 4795 εὐώδει
317 4743 497 4815 ταύτῃ
544 4745 656 4817 ζωῇ
700 4749 793 4800 καὶ
841 4750 1146 4823 πολίτευμα
1200 4756 1589 4826 μεταθεμένων
1620 4764 1678 4813 ἐν

92 4836 369 4905 οὐρανοῖς,
420 4839 712 4909 γνωρίζειν
758 4846 852 4895 καὶ
906 4845 1264 4916 ἐντυγχάνειν
1317 4851 1412 4903 καὶ
1468 4854 1677 4922 ὁμιλεῖν

90 4928 333 4982 ἐποιεῖτο
370 4929 415 4961 ⁸⁷
445 4932 571 5001 περὶ
600 4933 797 4986 πολλοῦ
829 4936 922 4987 καὶ
962 4938 1020 4989 ἐν
1049 4940 1263 5012 μεγάλῃ
1296 4946 1541 5013 φροντίδι
1570 4948 1677 5000 ἐτί-

89 5020 232 5073 θετο.
286 5022 427 5074 Ὑπὸ
464 5023 521 5075 δὲ
550 5025 649 5093 τῆς
681 5026 822 5094 ἄγαν
844 5028 1131 5093 εύλαῦείας
1158 5035 1204 5065 ³⁸
1228 5035 1289 5086 ού
1322 5036 1460 5103 πρὸς
1484 5039 1679 5092 ἑαυτὸν

86 5111 289 5172 αὐτοὺς
327 5113 735 5181 μετεστέλλετο,
761 5118 876 5170 ἀλλ’
907 5121 1063 5173 οὐδὲν
1087 5122 1180 5177 τὸν
1206 5124 1484 5194 βασιλικὸν
1510 5131 1673 5198 ὄγκον

84 5203 376 5273 τιθέμενος
414 5205 630 5271 ἐϐάδιζε
658 5209 794 5278 πρὸς
824 5213 1045 5278 αὐτοὺς,
1078 5218 1174 5268 καὶ
1223 5220 1331 5271 τῶν
1362 5222 1537 5290 εὐχῶν
1576 5226 1673 5276 αὑ-

83 5293 189 5347 τῶν
248 5295 650 5367 μετελάγχανε,
688 5302 781 5356 καί
825 5323 941 5368 πως
969 5311 1089 5369 ταῖς
1116 5311 1162 5341 "
1208 5308 1267 5374 ἐξ
1308 5314 1490 5367 αὐτῶν
1520 5316 1671 5368 εύλο-

86 5382 235 5447 γίαις
288 5385 659 5455 ἐστεφανοῦτο
712 5391 805 5444 καὶ
852 5394 988 5465 πρὸς
1033 5398 1123 5450 τὸν
1180 5399 1321 5454 θεῖον
1355 5406 1671 5473 ἐστηρίζετο

85 5473 252 5539 φόϐον
284 5478 384 5531 καὶ
410 5480 547 5532 ποὸ·
589 5482 661 5535 τὰ
690 5484 783 5537 τοῦ
833 5486 968 5541 ὕδεοῦ
1012 5490 1360 5550 δικαιώματα
1395 5500 1667 5569 κατηυθύ-

1786 4764 2025 4820 rationes
2056 4780 2120 4819 ac
2151 4767 2543 4836 municipatum
2566 4770 2962 4834 transtulerint,
2992 4781 3219 4827 nosseet
3240 4790 3363 4829 cum

1780 4858 1860 4912 eis
1888 4858 2142 4927 congredi
2178 4874 2242 4912 ac
2274 4873 2583 4913 sermonem
2623 4860 2855 4915 miscere
2900 4862 3072 4930 pluris
3098 4862 3358 4933 faciebat,

1782 4953 2009 5020 ejusque
2036 4952 2113 5005 rei
2149 4967 2340 5020 magna
2377 4953 2659 5006 tenebatur
2688 4968 2855 5019 cura;
2885 4969 2995 5023 qua
3032 4965 3217 5012 tamen
3246 4960 3360 5013 sin-

1784 5043 1957 5112 gulart
1996 5044 2048 5097 in
2077 5058 2170 5096 eos
2195 5045 2392 5111 pietate
2420 5044 2734 5110 ducebatur,
2766 5061 2873 5099 non
2894 5061 2989 5101 eos
3004 5048 3068 5101 ad
3098 5064 3156 5103 se
3178 5065 3362 5105 accer-

1782 5135 1955 5193 sebat,
2001 5133 2091 5188 sed
2130 5137 2306 5203 posita
2362 5146 2652 5204 spretaque
2718 5138 3003 5206 majestate
3038 5140 3253 5210 imperii
3295 5159 3357 5198 so

1783 5226 1897 5294 ipse
1917 5225 1984 5279 ad
2007 5226 2127 5280 illos
2151 5226 2487 5291 conferebat,
2532 5230 2600 5282 ab
2633 5229 2821 5297 eisque
2857 5232 3108 5299 precibus
3154 5236 3355 5305 impar-

1780 5319 2039 5381 tiehatur,
2081 5332 2386 5388 eorumque
2437 5321 2909 5378 benedictiooihus
2964 5327 3113 5380 velut
3150 5342 3353 5383 corona

1778 5411 2116 5479 cingebatur,
2168 5413 2463 5482 dn‘inoque
2509 5415 2703 5468 timore
2730 5416 3158 5472 confirmabatur
3205 5430 3259 5474 et
3287 5424 3354 5475 ad

1780 5502 2316 5568 Deijustiticationcs
2363 5503 2721 5573 dirigebatur,
2773 5506 3011 5577 hincque
3055 5525 3268 5579 semper
3300 5512 3351 5563 in

1402 5635 1629 5691 VARUE
1668 5638 2066 5697 LECTIONI‘S.

141 5701 195 5779 _"
227 5703 512 5779 Στέφανον
544 5714 614 5763 Α.

360 5781 433 5853 _"
460 5779 765 5853 διηγήσεως
789 5792 853 5842 Α.
959 5774 1258 5851 "auium.
1285 5802 1347 5853 Α.

81 5838 123 5871 ι’
144 5842 319 5900 ἐποίει
355 5845 419 5904 Ρ.
498 5838 545 5883 ’ί
563 5838 853 5922 ὶόλαδέῖᾶέ
885 5862 948 5914 οὐ

368 5941 645 6008 Ρλτιιοι..
700 5948 817 6011 Gn.
866 5952 1032 6017 CIX.

694 5714 739 5744 in
766 5719 1019 5803 ἅξτάντῳν
1055 5741 1163 5779 nm.
1202 5727 1260 5781 Ρ,
1341 5731 1385 5760 η
1408 5732 1642 5801 ἐκείνου.
1669 5737 1873 5789 οἰκείου
1905 5737 1963 5789 ί).
2042 5740 2110 5803 re;
2137 5740 2257 5788 ἐπίοι
2308 5752 2393 5789 om
2476 5741 2538 5791 Λ-

1456 5804 1499 5832 ”⁵
1524 5804 1584 5855 τὸ
1614 5805 1721 5859 ΛΡ.

1262 5870 1304 5899 ⁸⁵
1344 5874 1463 5934 ταῖς
1485 5889 1594 5927 om.
1630 5877 1694 5929 Α.

2618 5741 2661 5770 ²¹
2711 5740 2935 5809 πολέμῳ
2967 5740 3020 5793 Ρ.
3124 5745 3190 5775 ⁸⁸⁸
3221 5746 3347 5797 ἐαυ-

1836 5810 1878 5839 ¹³
1908 5810 2315 5875 κατεμάνυανεβ
2352 5808 2389 5859 l‘
2527 5812 2569 5841 "
2597 5808 2859 5865 ἐντεῦθεν
2884 5813 3124 5884 φυχικὴν
3168 5815 3233 5867 ἐκ
3285 5815 3349 5873 Ρ.

2898 5974 2964 6034 11
