4154 6446
756 405 860 468 331

1833 401 2337 461 ΤΠΕΟΡΗΛΝΕΒ
2368 402 2924 463 CUN'l'lNUATUS.

3920 403 4022 465 332

759 524 854 576 ille
883 529 1188 574 manentem
1232 518 1494 572 virtutum
1539 517 1954 585 quaternionem
1988 527 2104 569 erat
2131 516 2332 569 videre.

2444 535 2580 572 νετο.
2620 519 2726 570 Καὶ
2750 518 2858 572 ἀπὸ
2889 519 3077 571 τούτου
3129 516 3395 588 διηνεκῶς
3433 517 3855 588 ἑνδιαιτωμένην
3887 535 4000 588 παρ

763 613 1188 668 Admirationem
1227 610 1461 665 habebat
1505 609 1792 679 prudentia
1842 607 2153 662 fortitudini
2197 622 2328 661 con-

755 707 965 770 juncta,
999 701 1478 771 temperantiaeque
1508 714 1692 754 comes
1717 698 1928 769 justitia
1955 715 1971 764 ;
2023 711 2330 766 cunctaque

760 815 812 850 ιη
867 796 1062 850 melius
1102 791 1486 862 proﬁciebant.
1538 789 1782 844 Dixisses
1824 790 2119 842 humanam
2167 790 2328 842 vitam

757 887 1040 956 antiquam
1094 899 1290 938 rursus
1322 881 1601 950 recepisse
1624 880 1835 935 ordinis
1880 879 2329 948 tranquillitatem

754 996 817 1032 ac
850 976 1319 1038 constitutionem,
1347 989 1471 1028 cum
1500 984 1555 1027 et
1588 973 1702 1041 ipse
1742 973 1795 1024 in
1848 985 1968 1024 eam
2003 971 2205 1040 jugiter
2234 983 2331 1021 eu-

756 1062 872 1121 raiu
905 1067 1267 1126 incumberet,
1291 1073 1350 1118 ut
1372 1063 1574 1117 subditi
1596 1062 1805 1132 placida
1830 1063 2016 1129 quiete
2034 1058 2333 1128 gauderent

755 1177 855 1214 nec
904 1161 1194 1230 quisquam
1236 1157 1405 1210 alium
1454 1155 1654 1223 injuria
1717 1155 1821 1206 ulla
1863 1153 2126 1216 violaret;
2184 1150 2331 1215 iique

753 1267 892 1320 quos
933 1249 1175 1320 quotidie
1225 1246 1540 1317 reipublica:
1594 1245 1952 1314 magistratus
2006 1242 2335 1313 prazﬁciebat

752 1343 1089 1413 diligentiam
1127 1348 1394 1412 ponerent
1421 1348 1483 1392 ut
1504 1337 1717 1392 domini
1751 1337 1981 1406 herique
2006 1335 2332 1388 :emularen-

754 1447 840 1488 tur
871 1448 997 1501 erga
1029 1432 1200 1485 Deum
1233 1429 1497 1498 pietatem
1529 1443 1770 1499 ergaque
1790 1429 2105 1481 sacerdotes
2127 1434 2181 1478 et
2212 1439 2334 1478 mo-

754 1526 960 1579 nachos
991 1523 1382 1587 reverentiam,
1411 1537 1537 1590 erga
1571 1535 1762 1576 omnes
1801 1518 2039 1587 denique
2061 1517 2329 1586 justitiam

751 1626 804 1671 ct
831 1617 1164 1686 aequitatem.
1214 1615 1365 1669 Illius
1393 1616 1538 1668 enim
1574 1622 1902 1681 praeceptum
1934 1620 2052 1664 erat
2073 1619 2127 1663 et
2160 1609 2333 1663 docu-

756 1716 1020 1771 mentum,
1058 1714 1114 1758 ut
1162 1720 1252 1757 nec
1283 1703 1457 1771 major
1491 1701 1746 1754 minorem
1773 1716 1866 1770 per
1908 1699 2195 1767 potentiam
2241 1712 2332 1763 op-

753 1801 1016 1866 primeret,
1050 1812 1140 1848 nec
1173 1793 1559 1860 prtecellentem
1607 1806 1799 1861 egenus
1836 1789 2130 1842 maledictis
2164 1790 2333 1840 inces-

2433 609 2583 681 αύτῷ
2643 612 2743 677 τὴν
2797 609 2908 660 τῶν
2943 610 3156 677 ἀρετῶν
3207 609 3456 679 ὑπῆρχεν
3507 611 3639 680 ὁρᾷν
3686 612 4012 680 τετραιτὺν,

2435 699 2521 772 [Ρ.
2557 699 2683 772 194]
2719 700 2814 752 καὶ
2865 698 3214 768 ἐθαυμάζετο
3257 698 3425 753 αὐτοῦ
3463 700 3602 769 μετὰ
3632 699 3732 769 τῆς
3790 701 4015 771 ἀνδρίας

2433 791 2494 844 τὸ
2528 793 2787 861 φρόνημα
2837 791 2930 843 καὶ
2979 791 3118 860 μετὰ
3147 790 3247 859 τῆς
3280 790 3638 860 σωφροσύνης
3681 791 3744 842 τὸ
3780 790 4014 851 δίκαιον.

2436 886 2528 937 καὶ
2557 885 2736 937 πάντα
2777 879 2891 953 εἶχε
2922 883 3020 953 τὴν
3053 883 3190 954 πρὸς
3236 884 3297 935 τὸ
3328 884 3577 953 κρεῖττον
3616 882 3880 935 ἐπίδοσιν.
3907 882 4016 936 Καὶ

2435 978 2609 1030 ἐδόκει
2643 972 2803 1042 αὖθις
2846 978 2874 1028 ὁ
2905 976 3019 1046 βίος
3053 976 3146 1028 ἐπὶ
3178 976 3274 1043 τῆς
3310 974 3545 1043 ἀρχαίας
3577 974 3831 1041 γενέσθαι
3862 975 4017 1025 εὐτα-

2436 1067 2554 1131 ξίας
2583 1068 2628 1098 ³⁸
2649 1068 2742 1120 καὶ
2777 1068 3185 1128 καταστάσεως,
3213 1065 3378 1119 αὐτοῦ
3401 1083 3455 1118 τε
3483 1064 3705 1134 διηνεκῆ
3738 1066 4018 1137 κεκττομέο

2437 1175 2526 1210 νου
2557 1159 2815 1227 πρόνοιαν
2841 1160 2982 1228 ὑπὲρ
3003 1159 3097 1212 τοῦ
3125 1158 3406 1212 εὐσταθεῖν
3429 1159 3488 1212 τὸ
3517 1158 3761 1226 ὑπήκοον
3792 1159 3887 1209 καὶ
3914 1157 4020 1209 ὑπὸ

2438 1252 2668 1320 μηδενὸς
2707 1251 2912 1321 μηδένα
2939 1251 3364 1322 ἐπηρεάζεσθαι,
3400 1251 3493 1304 καὶ
3534 1251 3642 1305 τῶν
3674 1251 3752 1312 εἰς
3791 1250 3891 1311 τὰς
3919 1251 4018 1317 άρο

2435 1342 2534 1411 χάς
2570 1341 3026 1412 προϐαλλομένων
3055 1343 3316 1395 ἑκάστοτε
3365 1341 3649 1411 μιμεῖσθαι
3682 1340 4018 1402 σπουδαζόν-

2436 1450 2542 1485 των
2569 1431 2669 1502 τὴν
2697 1432 3034 1501 Δεσποτικὴν
3063 1430 3160 1483 καὶ⁵
3186 1431 3313 1499 περὶ
3337 1433 3398 1482 τδ
3417 1430 3574 1482 Θείον
3607 1428 3895 1480 εὐλάϐειαν
3926 1428 4020 1477 καὶ

2436 1523 2573 1592 πρὸς
2605 1523 2731 1586 τοὺς
2767 1524 2933 1593 ίερεῖς
2965 1523 3058 1575 καὶ
3093 1521 3428 1590 μονάζοντας
3457 1521 3592 1574 αἱδὼ
3633 1521 3727 1572 καὶ
3757 1521 3850 1571 τὸν
3884 1519 4021 1588 πρὸς

2435 1613 2560 1677 τοὺς
2595 1614 2833 1684 πένητας
2878 1613 3027 1665 ἔλεον
3061 1613 3154 1666 καὶ
3183 1612 3282 1684 τὴν
3314 1611 3451 1681 πρὸς
3500 1614 3710 1674 πάντας
3739 1610 4020 1663 δικαιοσύ-

2435 1721 2532 1771 νην
2565 1705 2654 1756 καὶ
2690 1702 2933 1771 ἰσότητα.
2976 1702 3218 1755 Ἐκείνου
3243 1701 3349 1772 γὰρ
3372 1697 3439 1771 ἦν
3466 1700 3653 1770 ἐντολὴ
3679 1702 3772 1752 καὶ
3802 1719 3874 1752 πα
3887 1700 4023 1768 ράγ-

2436 1797 2618 1866 γελμα
2651 1796 2730 1858 τὸ,
2775 1795 2930 1864 μήτε
2959 1796 3067 1848 τὸν
3094 1794 3316 1863 ἥττονα
3347 1794 3466 1848 ὑπὸ
3495 1793 3598 1847 τοῦ
3623 1791 3895 1862 μείζονος
3917 1808 4022 1844 κα-

752 1898 883 1941 ecret
929 1897 1019 1941 aut
1048 1886 1245 1940 crimen
1280 1884 1360 1938 illi
1390 1884 1696 1945 itttentaret,
1729 1882 1819 1934 sed
1856 1881 1947 1933 ille
1977 1894 2256 1946 pauperem
2280 1887 2335 1930 ut

2441 1888 2992 1942 ταδυναστεύεσθαι
3019 1887 3173 1956 μήτε
3206 1887 3314 1939 τὸν
3349 1885 3723 1954 ὑπερέχοντα
3753 1885 3872 1939 ὑπὸ
3913 1885 4023 1937 τοῦ

755 1982 974 2044 fratrem
1005 1977 1124 2029 sinu
1149 1974 1582 2042 complecteretur
1630 1987 1692 2025 ac
1748 1971 1965 2039 foveret,
2015 1971 2161 2039 isque
2201 1984 2336 2035 pra:-

754 2071 1021 2125 ccllenlem
1047 2078 1298 2136 tanquam
1332 2082 1661 2120 communem
1709 2077 1912 2132 patrem
1935 2073 1982 2118 et
2022 2073 2335 2118 servatorem

754 2165 1097 2226 benedicerct,
1125 2177 1287 2230 exque
1340 2161 1517 2213 animo
1577 2159 1774 2227 absque
1809 2158 1952 2211 omni
1982 2157 2104 2211 dolo
2130 2159 2264 2210 bona
2289 2155 2337 2207 ei

753 2264 1058 2326 precaretur
1095 2253 1260 2323 316
1285 2269 1317 2304 a
1351 2252 1597 2306 Domino.
1653 2249 1743 2304 Sic
1785 2266 1914 2304 vero
1973 2264 2333 2319 componens,

753 2348 1060 2419 divinaeque
1111 2342 1466 2414 providentia:
1489 2357 1620 2396 suas
1661 2342 1779 2410 ipse
1813 2356 1978 2396 curas
2010 2350 2333 2404 annectens,

754 2455 942 2493 eorum
969 2452 1090 2507 quae
1120 2434 1279 2489 ollicii
1305 2449 1368 2488 ac
1413 2433 1797 2487 convenientia
1826 2442 2014 2487 essent
2045 2439 2213 2485 multa
2244 2447 2336 2500 pa~

756 2534 863 2586 iam
899 2531 953 2584 in
1005 2529 1215 2584 somnis
1245 2527 1578 2590 docebatur;
1610 2534 1664 2580 et
1696 2540 1819 2579 cum
1848 2526 2044 2596 plenus
2075 2541 2334 2580 curarum

756 2639 814 2678 se
844 2623 897 2676 in
917 2622 1115 2677 Icelum
1141 2617 1438 2682 conferret,
1463 2618 1772 2688 anxiusque
1799 2619 2075 2688 negotium
2110 2617 2333 2688 aliquod

755 2715 822 2767 ad
859 2728 969 2767 rem
997 2725 1346 2767 communem
1384 2718 1642 2778 spectans
1671 2709 1858 2763 animo
1891 2708 2156 2773 volveret,
2190 2708 2334 2762 haud

757 2820 883 2859 raro
917 2805 971 2858 in
1001 2802 1214 2858 somnis
1238 2810 1494 2857 eventum
1524 2801 1809 2864 cernebat.
1834 2801 2088 2870 bonaque
2122 2817 2216 2871 spe
2251 2816 2337 2856 re-

757 2896 1032 2952 focillatus
1056 2894 1247 2948 turbas
1278 2891 1448 2948 animi
1482 2892 1726 2948 sedabat.
1747 2893 2054 2963 Mirumque
2087 2907 2196 2947 non
2231 2902 2334 2957 est,

755 3004 851 3044 cos
881 2989 973 3057 qui
1004 2985 1150 3042 haud
1185 3001 1346 3042 secus
1372 2999 1436 3039 ac
1472 2999 1533 3039 re
1564 3000 1744 3049 saera,
1775 2993 2048 3055 potestate
2076 3001 2240 3054 quam
2283 2984 2334 3037 in

757 3079 919 3134 terris
952 3077 1224 3140 obtinent,
1265 3075 1347 3131 sic
1397 3074 1790 3146 defunguntur,
1828 3077 2187 3146 divinumque
2209 3092 2335 3131 vere

758 3170 1124 3226 ministerium
1159 3170 1212 3224 in
1242 3170 1328 3224 his
1357 3169 1592 3223 terrenis
1618 3169 1768 3224 circa
1800 3183 1902 3227 nos
1929 3179 2333 3239 exsequuntur,

763 3279 930 3337 atque
969 3267 1036 3322 ad
1061 3264 1154 3322 Dei
1201 3265 1535 3331 exemplum,
1573 3261 1756 3333 quoad
1779 3264 1926 3327 licet,
1976 3260 2338 3318 similitudine

758 3358 1028 3413 eﬁ‘ormati
1079 3364 1230 3420 sunt,
1259 3371 1289 3410 a
1348 3354 1702 3410 Providentia
1728 3355 1955 3410 excitari
1997 3365 2050 3410 et
2085 3355 2152 3408 ad
2186 3353 2338 3408 utilia

761 3450 919 3520 dirigi
945 3459 1110 3520 atque
1129 3447 1312 3503 futura
1344 3448 1664 3519 praedoceri.

830 3768 922 3824 7'5.
955 3763 1115 3834 Quod
1155 3778 1286 3820 vero
1315 3761 1424 3817 alio
1454 3759 1639 3817 ferens
1678 3758 1949 3816 orationis
1972 3759 2206 3829 impetus
2237 3772 2340 3813 suo

762 3861 1008 3917 enarrari
1034 3869 1281 3926 tempore
1307 3853 1451 3909 haud
1503 3852 1773 3924 permisit,
1811 3851 1900 3906 hic
1920 3851 2048 3915 loci,
2090 3865 2216 3904 cum
2249 3865 2338 3902 re-

764 3969 886 4008 rum
917 3952 994 4008 illi
1022 3949 1160 4005 bello
1190 3956 1466 4018 gestarum
1495 3945 1657 4000 ﬁnem
1675 3945 1934 4013 deinceps
1957 3943 2198 3997 narratio
2239 3941 2339 3994 ha-

763 4046 911 4112 beat,
937 4057 1119 4114 opera:
1174 4041 1412 4110 pretium
1440 4036 1603 4093 fuerit
1638 4037 1846 4105 scripto
1874 4036 2223 4106 consignare.
2284 4032 2338 4086 ld

765 4148 891 4187 vero
924 4139 1007 4186 est
1029 4144 1219 4187 eorum
1248 4128 1556 4182 recordatio
1581 4140 1643 4182 ac
1675 4126 2071 4190 remuneratio,
2095 4126 2188 4193 qui
2217 4139 2340 4179 mu-

765 4222 910 4278 neris
930 4220 1135 4290 aliquid
1171 4235 1234 4273 ac
1265 4219 1512 4288 obsequii
1545 4219 1598 4272 in
1639 4219 2025 4286 imperatorem
2051 4217 2105 4272 in
2138 4215 2338 4270 minori

763 4315 942 4369 adhuc
973 4312 1194 4367 fortuna
1223 4311 1582 4365 constitutum
1631 4309 1957 4363 humaniore
1999 4322 2164 4363 sensu
2207 4321 2341 4362 con-

762 4407 1051 4469 tulissent;
1111 4403 1261 4473 quod
1315 4403 1443 4456 item
1479 4402 1615 4455 nihil
1645 4402 1849 4457 oblitus
1879 4410 1969 4457 est
2019 4417 2209 4456 eorum
2246 4401 2338 4469 qui

763 4493 833 4552 ab
851 4498 983 4562 'illo,
1013 4495 1143 4550 dum
1160 4496 1410 4549 altiorem
1448 4494 1674 4563 gradum
1714 4493 2152 4556 conscendisset,
2215 4508 2340 4560 gra-

2438 1977 2686 2042 έι·δεοῦς
2707 1977 3112 2043 λοιδορεῖσθαι
3153 1976 3190 2044 ἣ
3217 1975 3667 2040 διαϐάλλεσθαι,
3693 1975 3831 2029 ἀλλ’
3864 1975 4022 2027 ἐκεῖ·

2437 2071 2547 2122 νόν
2577 2086 2641 2122 τε
2679 2069 2759 2134 ὡς
2810 2068 3081 2136 ἀδελφὸν
3107 2068 3528 2136 ἁγκιιλίζεσθαι
3577 2067 3676 2118 καὶ
3717 2066 4025 2130 περιέπειν

2438 2161 2544 2214 τὸν
2579 2161 2832 2227 πένητα,
2887 2161 2982 2212 καί
3023 2159 3241 2213 τοῦτον
3289 2160 3369 2225 ὡς
3405 2159 3614 2212 κοινὸν
3668 2158 3892 2227 πατέρα
3920 2159 4022 2210 καί

2438 2251 2681 2320 σωτῆρα
2741 2251 2849 2304 τὸν
2899 2255 3273 2320 ὑπερέχοντα
3325 2249 3602 2318 εὐλογεῖν
3638 2250 3737 2302 καί
3788 2249 4025 2314 ἀδόλως

2437 2344 2598 2410 αὐτῷ
2650 2345 2722 2398 τὰ
2773 2345 2962 2413 ἀγαθὰ
3002 2343 3164 2411 παρὰ
3217 2344 3323 2397 τοῦ
3366 2344 3588 2411 Κυρίου
3633 2343 4021 2409 ἐπεύχεσθαι.

2437 2439 2595 2494 Οὕτω
2619 2438 2674 2491 δὲ
2697 2439 2787 2490 τὸν
2813 2437 2926 2507 βίον
2955 2436 3122 2490 αὑτοῦ
3153 2435 3433 2506 ῥυθμίζων
3459 2437 3554 2488 καὶ
3572 2435 3673 2504 τῆς
3703 2435 3856 2496 θείας
3887 2449 4026 2503 προ-

2436 2532 2583 2596 νοίας
2613 2533 2715 2599 τὴν
2748 2531 2958 2584 οἰκείαν
2987 2531 3231 2597 ὲξαρτῶν
3271 2529 3442 2582 πολλὰ
3475 2530 3586 2582 τῶν
3619 2529 3847 2582 δεόντων
3881 2528 4025 2580 κατὰ

2436 2626 2561 2688 τοὺς
2584 2625 2786 2687 ὖπνους
2808 2623 3055 2692 ἐναργῶς
3101 2623 3412 2677 ὲδιδάσκετο
3433 2637 3447 2651 ·
3494 2623 3589 2674 καὶ
3614 2623 3741 2674 ὅταν
3783 2621 4026 2690 ἔμφρον·

2435 2735 2518 2779 τις
2544 2717 2585 2748 ³¹
2622 2716 2715 2769 ἐπὶ
2743 2714 2844 2787 τὴν
2883 2716 3073 2784 κοίτην
3100 2715 3186 2786 ᾔει
3219 2716 3313 2768 καὶ
3345 2713 3472 2785 περί
3511 2731 3656 2776 τινος
3684 2713 3794 2766 τῶν
3825 2713 4026 2764 κοινῶν

2437 2805 2708 2875 ἐσφάδαζε
2750 2805 3058 2877 μεριμνῶν,
3103 2804 3367 2868 πολλάκις
3400 2805 3532 2872 ὄναρ
3575 2802 3724 2872 ἑώρα
3753 2802 3814 2854 τὸ
3853 2801 4025 2870 ἐκϐη-

2440 2898 2668 2969 σόμενον
2697 2899 2792 2950 καὶ
2823 2897 2913 2950 ἐπ’
2951 2896 3166 2961 ἐλπίδος
3198 2897 3411 2964 ἐγίνετο
3444 2895 3656 2965 ἀγαθῆς
3686 2895 3782 2947 καὶ
3802 2894 3896 2945 τὸν
3924 2894 4027 2958 τῆς

2436 2989 2616 3060 ψυχῆς
2675 2988 2999 3042 κατέστελλε
3047 2987 3297 3057 θόρυϐον.
3349 2986 3459 3039 Καὶ
3511 2986 3663 3038 οὐδὲν
3711 2985 4025 3052 θαυμαστὸν

2435 3082 2563 3143 τοὺς
2592 3079 2934 3150 λειτουργίαν
2973 3079 3162 3147 ὥσπερ
3193 3077 3315 3130 τινὰ
3345 3077 3445 3146 τὴν
3480 3075 3574 3128 ἐπὶ
3605 3075 3708 3144 τῆς
3733 3076 3835 3144 γῆς
3866 3074 4026 3138 ἐξου-

2441 3172 2564 3226 σίαν
2616 3171 2879 3235 άνύοντας
2910 3171 2954 3202 ⁸²
2995 3170 3090 3222 καὶ
3128 3170 3229 3237 τὴν
3261 3168 3410 3221 θείαν
3444 3167 3522 3235 τῷ
3575 3166 3690 3220 δντι
3743 3166 4028 3219 διακονίαν

2442 3262 2801 3324 ὲκτελοῦντας
2853 3263 2912 3314 ὲν
2943 3263 3058 3325 τοῖς
3109 3260 3262 3314 κάτω
3289 3259 3418 3328 περὶ
3460 3259 3629 3328 ημᾶς,
3663 3257 3761 3310 καὶ
3801 3257 3941 3326 πρὸς
3966 3257 4029 3310 τὸ

2442 3357 2691 3426 κρεῖττον
2741 3352 3212 3426 ἀφωμοιωμένους
3253 3350 3609 3421 παράδειγμα
3659 3348 3753 3401 τὸν
3793 3348 4028 3401 δυνατὸν

2439 3450 2665 3520 τρόπον,
2729 3448 2835 3501 ὑπὸ
2889 3447 2990 3516 τῆς
3040 3445 3306 3516 Προνοίας
3354 3441 3879 3514 παραθαρρύνεσθαι
3931 3444 4028 3493 καὶ

2441 3539 2577 3608 πρὸς
2607 3537 2668 3591 τὸ
2711 3535 2992 3608 συμφέρον
3027 3534 3305 3588 ἰθύνεσθαι
3357 3533 3455 3586 καὶ
3483 3531 3552 3584 τά
3600 3531 3863 3601 μέλλοντα
3891 3547 4030 3600 προ-

2439 3629 2811 3683 διδάσκεσθαι.

2511 3762 2612 3832 ογ’.
2664 3763 2806 3816 ’Δλλ⁹
2841 3762 2979 3833 ὅπερ
3009 3763 3043 3833 ἠ
3077 3761 3224 3833 ῥύμη
3256 3761 3350 3814 τοῦ
3393 3761 3553 3828 λόγου
3590 3760 3907 3830 παρήνεγκε
3933 3761 4030 3827 φέ-

2444 3875 2612 3929 ρουσα
2642 3858 2735 3910 καὶ
2765 3857 2908 3911 κατὰ
2937 3856 3030 3909 τὸν
3079 3858 3280 3909 οἰκεῖον
3310 3854 3542 3926 ῥηθῆναι
3578 3853 3769 3923 καιρὸν
3801 3854 3902 3905 οὐκ
3931 3855 4033 3905 ἑπ-

2440 3950 2687 4022 έτρεψεν,
2743 3949 2981 4002 ἐνταῦθα
3009 3949 3110 4019 ἤδη
3169 3947 3306 4017 μετὰ
3343 3949 3404 3999 τὸ
3440 3945 3697 4015 σχολάσαι
3724 3945 3834 3998 τῶν
3864 3945 4030 3996 πολε-

2445 4042 2622 4112 μικῶν
2673 4041 2900 4110 ἀγώνων
2954 4041 3046 4093 τὸν
3094 4040 3251 4106 λόγον
3305 4040 3398 4091 καὶ
3459 4038 3567 4090 τῶν
3623 4037 3942 4104 πολεμικῶν
3988 4037 4032 4066 ³⁸

2440 4135 2773 4206 άρηγήσεων
2798 4134 2965 4187 καλὸν
2989 4131 3436 4201 ἀναγράψασθαι.
3465 4132 3625 4198 Λέγω
3651 4129 3707 4182 δὶ
3737 4129 3800 4181 τὸ
3824 4130 3869 4161 ³⁵
3897 4129 4034 4198 περὶ

2439 4228 2538 4297 τὴν
2579 4228 2801 4297 μνήμην
2851 4225 2946 4278 καὶ
2995 4223 3232 4294 ἀμοιϐὴν
3275 4223 3383 4276 τῶν
3441 4225 3499 4276 ὲν
3535 4225 3599 4292 τῇ
3637 4221 3882 4274 ἐλάττονι
3947 4221 4031 4273 ἔτι

2443 4318 2585 4390 τύχῃ
2636 4317 2764 4370 ὄντα
2823 4316 3283 4387 θεραπευσάντων
3323 4316 3412 4369 τὸν
3445 4315 3692 4385 βασιλέα,
3729 4316 3822 4367 καὶ
3860 4315 3922 4367 τὸ
3956 4315 4032 4385 μὴ

2444 4410 2800 4464 ἐπιλαθέσθαι
2848 4409 3031 4462 αὐτῶν
3082 4408 3468 4479 αἰτησαμένων
3506 4409 3564 4461 ὲν
3603 4410 3667 4477 τῇ
3712 4408 3809 4477 τῆς
3854 4407 4034 4476 τύχης

2444 4502 2815 4573 λαμπρότητι.
2844 4497 3083 4556 Οὗτοιδὲ
3129 4497 3271 4572 ἦσαν
3298 4502 3328 4551 ὁ
3366 4500 3462 4553 τοῦ
3504 4499 3691 4568 Ἀγίου
3727 4499 4033 4568 Διομήδους

765 4591 966 4642 tiarum
992 4585 1193 4655 aliquid
1213 4586 1516 4655 petiissent.
1535 4584 1599 4639 lli
1621 4594 1770 4639 erant
1799 4583 2140 4639 S.Diomedis
2158 4599 2337 4638 mona«

2448 4567 2548 4666 τῆξ
2581 4567 2748 4666 μονῆς
2790 4594 3069 4664 προεστὼς
3108 4567 3202 4647 καὶ
3239 4595 3272 4662 ἡ
3318 4595 3383 4646 ὲκ
3421 4592 3503 4660 [ρ.
3541 4591 3664 4663 195]
3696 4567 4036 4661 Πελοποννή-

765 4680 916 4733 sterii
948 4677 1240 4748 praefectus
1268 4687 1628 4745 matronaque
1648 4677 2046 4746 Peloponnesia
2085 4675 2338 4741 Danelis;

765 4783 999 4839 quorum
1030 4784 1155 4838 spes
1177 4769 1336 4838 longe
1363 4770 1665 4838 majoribus
1689 4771 1848 4825 bonis
1864 4771 2196 4825 cumulavit.
2233 4770 2344 4828 Ma.-

765 4877 931 4931 guum
949 4862 1093 4916 enim
1115 4871 1404 4933 martyrem
1426 4860 1736 4917 Diomedem
1756 4872 1869 4917 tum
1888 4863 2132 4919 donariis
2145 4866 2345 4931 pretio-

765 4958 980 5014 sistum
1001 4955 1263 5011 librorum
1301 4957 1458 5026 copia
1487 4958 1732 5021 donavit,
1763 4959 2196 5029 pignoribusque
2217 4960 2342 5013 aliis

764 5047 928 5118 317
946 5062 1009 5103 ac
1036 5049 1334 5118 splendidis
1353 5050 1595 5104 vestibus
1620 5051 1905 5121 magniﬁce
1936 5052 2179 5118 ornavit;
2204 5052 2351 5122 ejus-

767 5154 874 5208 que
905 5139 1124 5194 nomine
1141 5150 1480 5196 cxstructum
1507 5143 1898 5197 monasterium
1935 5159 2126 5213 magna
2153 5144 2353 5213 praedia

769 5229 1073 5300 ubercsque
1100 5230 1307 5286 reditus
1339 5232 1628 5304 prabcmlo
1655 5234 1870 5288 abunde
1896 5235 2268 5304 locupletavit,
2302 5244 2359 5290 et

770 5327 829 5373 ut
858 5319 1022 5376 nullis
1056 5335 1294 5391 unquam
1354 5324 1681 5377 necessariis
1725 5323 2052 5379 deﬁceretur
2088 5326 2352 5394 providit;

767 5411 1120 5468 aediﬁciorum
1202 5430 1419 5484 quoque
1493 5417 1797 5484 magniﬁcis
1856 5420 2146 5473 structuris
2231 5418 2354 5473 illu-

771 5504 980 5570 stravit,
1013 5504 1298 5575 modisque
1324 5507 1581 5561 omnibus
1611 5507 1804 5562 extulit
1835 5518 1998 5577 atque
2030 5509 2221 5563 ditavit

2452 4703 2546 4739 σου
2597 4686 2734 4752 γυνὴ
2769 4682 3021 4750 Δανηλὶς,
3073 4676 3153 4744 οἷς,
3199 4681 3308 4734 τῶν
3367 4681 3729 4734 ἐλπισθέντων
3777 4681 4031 4734 ἀπέδωκε

2453 4779 2697 4849 μείζονα.
2727 4777 2830 4829 Τόν
2863 4794 2922 4829 τε
2972 4776 3081 4847 γὰρ
3115 4776 3290 4845 μέγαν
3328 4777 3388 4829 ὲν
3436 4776 3709 4845 μάρτυρσι
3755 4775 4034 4842 Διομήδην

2451 4873 2545 4926 καὶ
2587 4871 2960 4939 ἀναθημάτων
3011 4868 3322 4921 πολυτελῶν
3371 4868 3629 4921 ἀναθέσει
3665 4866 3761 4920 καὶ
3811 4865 4037 4935 βιϐλίων

2452 4960 2656 5014 ἱκανῶν
2688 4961 2903 5030 παροχῇ
2952 4959 3047 5011 καὶ⁵
3091 4957 3396 5028 κειμηλίων
3436 4957 3612 5012 ἄλλων
3645 4957 3740 5009 καὶ
3759 4954 4037 5026 λαμπρῶν

2451 5052 2776 5121 ὶσθημάτων
2830 5053 3167 5123 προσαγωγῇ
3234 5048 3668 5120 μεγαλοπρεπῶς
3721 5048 3900 5118 ἐφάνη
3948 5065 4036 5099 κο-

2455 5145 2630 5215 σμῶν,
2666 5145 2762 5197 καὶ
2787 5143 2886 5214 τὴν
2911 5143 2998 5195 ἐπ’
3025 5144 3248 5214 ὀνόματι
3274 5142 3468 5195 τούτου
3502 5142 3667 5211 μονὴν
3693 5141 3788 5192 καὶ
3820 5140 4037 5209 κτημά-

2453 5253 2562 5289 των
2613 5236 2854 5288 ὲπιδόσει
2915 5236 3169 5306 μεγάλων
3214 5252 3274 5288 τε
3336 5235 3432 5288 καὶ
3489 5233 3775 5304 προσόδων
3833 5232 4040 5284 ἱκανῶν

2454 5328 2675 5397 ἀφθόνῳ
2702 5327 2934 5398 χορηγίᾳ
2956 5328 3052 5380 καὶ
3073 5326 3324 5398 δαψιλείᾳ
3347 5327 3482 5397 πρὸς
3502 5327 3561 5378 τὸ
3582 5324 3818 5395 εΰπορον
3840 5325 4038 5394 ἠγαγε,

2458 5419 2555 5472 καὶ
2599 5419 2662 5473 τὸ
2712 5419 3052 5488 πανταχόθεν
3104 5419 3351 5481 άνενδεὲς
3407 5419 3545 5489 αὐτῇ
3601 5418 4039 5487 ἐμνηστεύσατο,

2455 5513 2550 5562 καὶ
2601 5512 2918 5580 κτισμάτων
2980 5510 3325 5565 πολυτελέσιν
3385 5511 3695 5580 οἰκοδομαῖς
3763 5511 4037 5576 κατελάμ-

2465 5619 2650 5677 ττρυνε,
2701 5604 2796 5656 καὶ
2848 5606 3117 5665 παντοίως
3157 5603 3400 5674 ὑπερῆρε
3453 5604 3549 5656 καὶ
3583 5603 4036 5658 κατεπλούτισεν.

2043 5752 2278 5808 νΑΙῖΙΑΞ
2321 5755 2727 5812 LECTIONES.

865 5864 907 5890 ισ
937 5859 1146 5925 εὐεξίας
1173 5863 1235 5917 Α.

1337 5865 1379 5896 ³⁸
1416 5864 1638 5937 ἔμφρων
1676 5885 1748 5927 τις
1789 5867 1845 5921 ι».
1921 5867 1963 5899 ³³
1993 5869 2241 5934 ὲξουσίαν
2273 5868 2346 5933 ὡς
2371 5870 2632 5933 άνύοντας
2673 5874 2732 5926 Α.

2815 5874 2856 5905 ⁸³
2892 5876 3226 5930 πολιτικῶντ
3301 5877 3424 5930 “to
3458 5893 3567 5932 Otii.
3613 5880 3672 5933 ι’.
