4154 6446
143 384 242 448 333

140 585 307 656 ἀρχῆς
350 582 629 653 ἐγκρατὴς
687 579 1191 649 μεταπεμψάμενος
1242 576 1323 647 τῷ
1360 575 1453 629 τοῦ
1487 592 1700 645 πρωτο-

141 675 438 746 σπαθαρίου
485 673 746 742 ἐτίμησεν
792 671 1060 742 ἀξιώματι
1107 670 1200 723 καὶ
1240 670 1342 738 τῆς
1375 670 1508 739 πρὸς
1541 669 1703 721 αὑτὸν

138 766 443 838 παρρησίας
481 766 752 835 μετέδωκε
808 764 897 816 διὰ
935 763 1033 834 τὴν
1086 763 1374 831 φθάσασαν
1419 762 1704 814 κοινωνίαν

136 859 230 925 τῆς
257 857 652 925 ,πνευματικῆς
698 854 1082 923 ἀδελφότητος.
1127 852 1279 904 Ἐπεὶ
1312 852 1365 904 δὲ
1412 852 1564 919 καὶὴ
1600 850 1706 919 μή·

134 964 235 1016 τηρ
261 947 451 1008 αὑτοῦ,
475 947 677 1015 καίπερ
702 947 886 1014 σχεδὸν
910 945 1085 1015 γραῦς
1112 945 1211 1014 ἤδη
1237 944 1527 1011 τυγχάνειν
1554 959 1706 1010 νομι-

136 1038 355 1105 ζομένη,
387 1036 553 1091 πόθεν
609 1038 735 1105 ἔσχε
773 1037 868 1088 καὶ
901 1036 1144 1105 μεγάλην
1194 1034 1380 1101 ἔφεσιν
1418 1032 1557 1085 ὥστε
1615 1032 1707 1083 τὸν

136 1127 357 1195 βασιλέα
416 1129 544 1180 ἰδεῖν
598 1129 693 1181 καὶ
742 1126 1053 1181 ἀπολαῦσαί
1105 1143 1248 1188 τινος
1289 1126 1381 1177 καὶ
1441 1122 1579 1192 αὑτὴ
1614 1140 1709 1173 πε-

136 1219 449 1288 ρισσοτέρας
483 1220 542 1270 ἐν
562 1218 642 1287 τῷ
674 1219 822 1288 γήρᾳ.
844 1216 888 1249 ³⁵
915 1215 1083 1287 τιμῆς
1134 1215 1223 1269 διὰ
1258 1217 1356 1284 τὴν
1402 1217 1465 1267 ὲκ
1493 1214 1588 1265 τοῦ
1620 1215 1709 1265 εὐ-

133 1307 328 1371 λαδοῦς
382 1309 618 1378 μοναχοῦ
676 1310 1078 1379 προαγόρευσιν
1134 1308 1225 1360 καὶ
1275 1306 1364 1359 διὰ
1395 1305 1494 1375 τὴν
1543 1305 1708 1374 ἄλλην

132 1402 451 1467 εὐεργεσίαν
480 1397 539 1453 τέ
572 1400 669 1454 καὶ⁵
696 1400 963 1467 δεξίωσιν,
995 1399 1400 1472 προστάξαντος
1429 1397 1525 1451 τοῦ
1554 1396 1708 1467 βασι-

131 1492 263 1556 λέως
316 1494 552 1562 ἐντίμως
586 1492 724 1545 πάνυ
776 1492 870 1544 καὶ
918 1492 1056 1562 μετά
1111 1492 1352 1561 μεγάλης
1384 1489 1710 1558 δορυφορίας

131 1586 221 1636 καὶ
268 1585 575 1655 ὑπηρεσίας
605 1585 755 1655 ,πρὸς
797 1583 895 1654 τὴν
930 1582 1319 1654 βασιλεύουσαν
1361 1580 1707 1649 ἀνελήλυθεν.

140 1677 228 1740 Ὠς
253 1677 367 1747 γὰρ
414 1676 537 1729 οῦτε
567 1676 804 1747 ὀχήματι
840 1674 1035 1743 ἔποχος
1083 1673 1206 1727 οὔτε
1257 1673 1409 1743 ἵππῳ
1456 1672 1710 1741 γενέσθαι

128 1764 192 1840 ἦν
222 1768 447 1839 δυνατὴ,
492 1769 654 1838 τυχὸν
698 1768 754 1821 δὲ
786 1770 880 1819 καὶ
910 1765 1171 1836 τρυφῶσα
1220 1765 1307 1818 διὰ
1354 1764 1453 1835 τὴν
1482 1764 1712 1833 ἄφθονον

1236 376 1381 434 LIB.
1425 376 1489 433 Υ.
1534 401 1600 410 --
1635 374 1990 432 BASIHUS
2028 377 2349 436 MACEDU.

210 491 300 547 06'.
322 490 424 543 Τὸν
446 489 501 543 δὲ
522 490 619 558 τῆς
640 488 931 555 Δανηλίδος
958 488 1072 540 υἱὸν
1094 487 1209 557 ἅμα
1237 484 1313 555 τῷ
1330 485 1577 554 γενέσθαι
1607 489 1700 553 τῆς
1737 498 1779 550 Α

3276 381 3379 444 334

1878 484 1962 536 7t.
2004 481 2279 537 Danclidis
2315 501 2443 539 vero
2484 486 2676 552 filium,
2712 490 2896 543 statim
2934 496 3099 557 atque
3156 494 3385 562 imperis.

1814 576 2012 642 potitus
2061 586 2164 639 est,
2218 577 2638 645 protnspalltarii
2672 578 2935 647 dignitate
2983 580 3385 642 cohonestavit.

1814 665 2153 733 liberumque
2204 665 2251 718 ei
2295 665 2360 718 ad
2406 681 2465 720 sc.
2509 667 2714 719 aditum
2753 668 3198 740 colloquiumque
3252 687 3387 726 con-

1812 759 1975 811 cessit
2023 757 2093 810 ob
2130 757 2391 825 spiritalis
2442 760 2581 811 inter
2614 758 2763 827 ipsos
2796 758 3150 817 fraternitatis
3199 740 3386 817 initam

1813 848 2018 901 tlttdum
2083 849 2397 901 societatem
2447 864 2772 918 nexumque.
2836 848 2973 914 Quia
3033 867 3159 905 vero
3225 855 3388 908 etiam

1815 948 2007 1001 mater,
2052 940 2153 991 etsi
2193 939 2303 1004 jam
2350 937 2461 993 fere
2512 956 2650 996 anus
2700 941 2963 1010 senioque
3001 940 3272 1006 confecta,
3309 945 3390 996 itt-

1815 1030 1962 1099 geuti
2001 1028 2273 1082 desiderio
2309 1030 2533 1083 ardebat
2566 1033 2771 1085 visendi
2805 1032 3183 1100 imperatorem
3217 1034 3391 1102 majo-

1814 1122 2003 1187 risque
2066 1118 2273 1187 aliquid
2313 1120 2542 1173 honoris
2584 1121 2634 1173 in
2670 1102 2952 1176 senectute
3002 1125 3388 1192 consequendi,

1818 1219 1931 1263 tum
1985 1222 2204 1279 propter
2272 1211 2510 1280 religinSi
2567 1215 2817 1266 monachi
2875 1216 3218 1281 vaticinium,
3280 1227 3391 1271 tum

1817 1310 2036 1368 propter
2093 1300 2199 1353 alia
2274 1316 2500 1354 tmmera
2574 1302 2997 1373 hospitiumque,
3054 1306 3397 1376 imperatoris

1812 1392 1971 1459 jussu
2009 1390 2305 1445 honorifice
2355 1393 2649 1447 admodum
2690 1410 2995 1465 magnoque
3037 1398 3301 1453 comitatu
3333 1414 3396 1454 ac

1816 1483 2040 1538 servitio
2091 1483 2408 1555 Byzantium
2447 1485 2612 1540 venit.
2661 1486 2767 1541 Sed
2816 1502 2939 1543 cum
3002 1504 3179 1559 neque
3229 1507 3393 1547 curru

1818 1591 1993 1645 neque
2049 1591 2193 1645 equo
2244 1577 2371 1629 veb't
2412 1588 2618 1646 posset,
2668 1578 2806 1631 forte
2838 1580 3001 1633 etiam
3038 1569 3169 1636 luxit
3218 1584 3396 1637 soluta

1819 1670 1888 1722 ob
1933 1669 2277 1724 abundantes
2304 1668 2550 1735 divitias,
2587 1671 2639 1723 in
2686 1670 2877 1726 lectica
2909 1673 3120 1741 jacens,
3154 1675 3307 1731 lectis
3342 1678 3395 1730 in

1819 1776 1937 1815 eam
1985 1777 2098 1815 rem
2142 1762 2397 1817 trecentis
2447 1762 2675 1817 robusto
2711 1778 2941 1831 corpore
2981 1763 3300 1832 juvenibus,
3329 1771 3399 1823 ah

129 1860 218 1912 τοῦ
242 1861 476 1913 πλούτου
504 1859 843 1929 περιουσίαν,
869 1859 962 1912 ἐπὶ
986 1858 1282 1928 σκὶμποδος
1301 1856 1467 1926 αὐτὴν
1490 1855 1710 1909 ἀνακλί-

1832 1854 1917 1908 llis
1963 1868 2021 1907 se
2078 1854 2131 1908 in
2206 1854 2396 1908 urbem
2466 1854 2664 1909 deferri
2715 1857 3013 1913 mandavit.
3060 1857 3150 1915 Sic
3210 1860 3397 1915 decem

127 1963 262 1998 νασα
296 1947 364 2012 ³⁸,
419 1948 513 1999 καὶ
556 1948 905 2015 τριακοσίους
958 1946 1067 1998 τῶν
1114 1945 1340 1999 οἰκετῶν
1400 1946 1711 2009 ἀπολέξασα

126 2040 282 2101 νέους
331 2040 427 2091 καὶ
480 2041 736 2109 ἰσχυροὺς
784 2040 846 2091 τὸ
896 2039 1076 2107 σῶμα,
1127 2038 1497 2108 βαστάζοντας
1543 2038 1712 2109 αὐτὴν

130 2132 340 2183 ἀνιέναι
377 2131 701 2183 ἑκελεύσατο
731 2130 797 2193 ³⁷,
828 2129 924 2182 καὶ
959 2129 1131 2193 οὕτως
1165 2130 1268 2183 ὑπὸ
1295 2130 1431 2183 δέκα
1460 2130 1521 2182 τὸ
1556 2129 1713 2199 λέχος

128 2223 395 2293 αίρὸντων
429 2226 525 2276 καὶ
559 2226 625 2276 ὲκ
666 2223 920 2293 διαδοχῆς
962 2223 1227 2292 ἀλλήλους
1260 2221 1714 2276 ύπαλλασσόντων

127 2317 227 2386 τὴν
262 2318 327 2368 ἐκ
359 2315 767 2384 Πελοποννήσου
802 2317 965 2386 μέχρι
1010 2316 1108 2386 τῆς
1148 2316 1538 2386 βασιλευούσης
1577 2316 1711 2369 ταύ-

128 2425 225 2478 της
258 2409 370 2461 τῶν
416 2410 625 2462 πόλεων
671 2409 896 2479 πορείαν
934 2409 1206 2479 διήνυσεν.
1250 2410 1421 2479 Δοχῆς
1455 2408 1511 2461 δὲ
1559 2426 1717 2476 γεγο-

128 2499 284 2561 νυίας
321 2502 379 2553 ἐν
417 2503 483 2569 τῇ
515 2499 842 2571 Μαγναύρᾳ,
869 2499 1053 2563 καθώς
1086 2502 1236 2553 ἐστιν
1263 2500 1384 2563 ἔθος
1411 2504 1525 2563 τοῖς
1558 2502 1717 2570 βασι-

130 2592 283 2645 λεῦσι
330 2592 619 2661 Ῥωμαίων
644 2595 840 2658 ποιεῖν,
864 2594 996 2647 ὅταν
1020 2595 1143 2646 τινὰ
1176 2592 1284 2646 τῶν
1307 2593 1392 2661 ἐφ’
1418 2593 1718 2663 ἡγεμονίας

131 2685 323 2747 ἔθνους
373 2685 521 2748 τινος
572 2685 890 2757 περιφανῶν
927 2685 1026 2739 καλ⁸
1077 2685 1329 2755 μεγάλων
1379 2683 1718 2754 εἰσδέχεσθαι

135 2777 430 2846 μέλλωσιν,
463 2778 691 2849 εἰσήχθη
735 2779 829 2831 καὶ
861 2778 1001 2845 αὐτὴ
1034 2777 1173 2847 πρὸς
1218 2775 1444 2846 βασιλέα
1482 2777 1719 2845 ἐντίμως

131 2887 189 2923 τε
220 2871 319 2922 καὶ
358 2869 651 2941 λαμπρῶς,
696 2869 1069 2939 εἰσαγαγοῦσα
1099 2869 1195 2922 καὶ
1243 2869 1395 2939 δῶρα
1428 2868 1717 2936 πολυτελῆ,

131 2956 224 3016 οἷα
250 2961 364 3015 τῶν
388 2962 621 3017 ἐθνικῶν
646 2962 693 2994 ³⁸
724 2962 990 3032 βασιλέων
1012 2961 1191 3025 οὐδεὶς
1218 2960 1409 3031 σχεδὸν
1439 2961 1601 3032 μέχρι
1628 2962 1721 3013 καὶ

132 3056 255 3110 τότε
286 3056 427 3125 πρὸς
468 3055 698 3125 βασιλέα
742 3056 1030 3124 Ῥωμαίων
1060 3056 1377 3124 εἰσήγαγεν.
1405 3050 1722 3130 *Ησανῆγάρ

132 3148 392 3200 οἰκετικὰ
426 3149 527 3216 μὲν
566 3149 837 3218 πρόσωπα
873 3149 1229 3212 πεντακόσια,
1266 3146 1326 3212 ἐξ
1372 3140 1447 3200 ὧν
1477 3146 1722 3217 ὑπῆρχον

133 3240 364 3302 εὖειδετς
394 3215 641 3310 ἔντομίαι
668 3241 757 3292 τὸν
794 3241 1028 3314 ἀριθμδν
1056 3241 1272 3294 ἑκατόν.
1312 3240 1465 3311 ᾟδει
1496 3215 1724 3309 γὰρ,ῶς
1751 3215 1794 3273 C

134 3330 335 3393 ἔοικεν,
373 3332 406 3401 ἡ
433 3330 859 3401 πλουτοκράτωρ
887 3331 1068 3400 ἐκείνη
1095 3329 1269 3400 γραῦς
1294 3330 1377 3382 ὅτι
1400 3330 1488 3382 ἀεὶ
1516 3327 1722 3398 τυγχά-

134 3440 216 3476 νει
248 3422 406 3494 χώρα
442 3425 555 3487 τοῖς
590 3424 851 3478 σπάδουσι
886 3424 1097 3487 τούτοις
1125 3424 1206 3484 εἰς
1232 3422 1301 3475 τὰ
1333 3422 1602 3491 βασίλεια,
1630 3420 1724 3474 καὶ

135 3518 193 3571 ἐν
222 3518 443 3581 τούτοις
479 3517 619 3586 ὑπὲρ
649 3515 750 3578 τὰς
783 3516 1041 3585 μυίας-ὲν
1069 3514 1231 3585 ἔαρος
1258 3512 1378 3585 ὥρᾳ
1413 3514 1554 3565 κατά
1589 3528 1725 3581 προ-

135 3610 323 3663 δάτων
354 3610 522 3676 σηκὸν
543 3608 980 3678 ἀναστρέφονται
1005 3622 1019 3635 ·
1062 3606 1156 3660 καὶ
1198 3604 1289 3659 διὰ
1318 3603 1478 3658 τοῦτο
1502 3604 1726 3668 τούτους

137 3699 650 3771 προηυτρεπίσατο,
676 3698 751 3761 ὡς
789 3697 856 3751 ἂν
889 3696 1221 3769 δορυφόρους
1252 3690 1451 3757 αύτούς
1479 3695 1726 3763 εὑρίσκοι

134 3794 302 3864 τυχὸν
332 3792 426 3845 διὰ
470 3790 571 3861 τὴν
604 3790 772 3844 πάλαι
813 3789 1084 3854 δουλείαν,
1112 3788 1242 3843 ὅταν
1284 3789 1363 3851 εἰς
1383 3787 1451 3840 τὰ
1480 3786 1729 3857 βασίλεια

135 3887 395 3940 εἴσεισιν.
423 3880 606 3937 Ἦσαν
642 3883 700 3936 δὲ
747 3884 841 3935 καὶ¹
870 3883 1129 3951 γυναῖκες
1163 3880 1480 3951 σκιάστριαι
1510 3878 1726 3943 ἑκατὸν,

135 3982 229 4033 καὶ
254 3978 476 4031 rasam
502 3978 546 4009 ³⁸
582 3976 720 4047 ἔργα
751 3974 1119 4047 παμποίκκιλα,
1154 3972 1189 4027 ἃ
1214 3974 1279 4044 δὴ
1307 3972 1403 4027 νῦν
1434 3971 1729 4044 παραφθα-

139 4072 330 4142 ρέντος
367 4071 533 4139 τυχὸν
560 4070 655 4123 τοῦ
697 4070 963 4137 ὀνόματος
988 4067 1078 4141 [Ρ.
1109 4067 1233 4139 196]
1264 4069 1331 4139 τῇ
1364 4067 1475 4119 τῶν
1512 4065 1727 4120 πολλῶν

136 4164 357 4235 ἀμαθίᾳ
382 4163 599 4231 λέγεται
627 4164 861 4229 σενδαϊς,
889 4162 1108 4227 ἑκατὸν,
1132 4160 1558 4230 λινομαλοτάρια
1598 4159 1727 4212 sxa-

135 4254 231 4306 τὸν
253 4253 451 4325 (καλὸν
463 4253 570 4322 γάρ
596 4254 691 4307 ἐπὶ
712 4253 923 4317 τούτοις
947 4250 1354 4323 κοινολεκτεῖν),
1373 4250 1583 4321 ἁμάλια
1605 4251 1727 4304 λινᾶ

135 4344 272 4414 ψιλά
303 4345 351 4375 ⁸⁸
385 4343 657 4409 διακόσια,
704 4344 797 4396 καὶ
850 4344 1011 4412 ἕτερα
1041 4341 1182 4411 ὑπὲρ
1215 4342 1282 4395 τὰ
1326 4341 1421 4395 τοῦ
1465 4341 1727 4411 ἀραχνίου

1818 1944 2065 2000 lecticam
2138 1946 2589 2011 sustollentibus,
2683 1950 2947 2018 «lenisque
3012 1952 3134 2008 aliis
3208 1968 3398 2009 succe—

1818 2038 2093 2101 dentibus,
2139 2041 2284 2106 quotl
2327 2054 2355 2091 a
2410 2038 2785 2109 Peloponneso
2835 2044 2902 2095 ad
2957 2042 3147 2097 urbem
3196 2044 3398 2113 regiam

1820 2130 1922 2183 iter
1966 2140 2049 2184 est
2090 2131 2341 2185 confecit.
2379 2134 2613 2201 Accepta
2647 2133 2700 2186 in
2734 2132 3029 2204 Magnaura
3062 2135 3229 2207 318
3266 2152 3401 2190 con-

1820 2222 1965 2276 γίνζο
2024 2221 2155 2293 (quo
2222 2223 2344 2277 loco
2408 2224 2640 2278 Romani
2706 2226 3064 2296 imperatores
3121 2230 3402 2299 suscipere

1820 2315 2017 2379 solent,
2051 2315 2096 2369 si
2145 2330 2283 2384 quos
2312 2314 2603 2370 illustrium
2634 2333 3066 2389 magnorumque
3094 2321 3269 2391 gentis
3301 2322 3402 2374 ali-

1823 2408 1979 2477 cujus
2008 2420 2358 2478 satraparum
2396 2425 2461 2463 ac
2488 2410 2794 2479 principum
2840 2413 3118 2482 excepturi
3156 2414 3304 2482 sunt)
3336 2414 3401 2467 ad

1824 2499 2208 2569 imperatorem
2246 2502 2546 2557 honorifice
2594 2519 2659 2557 ac
2709 2505 2995 2573 splendido
3041 2505 3193 2562 cultu
3241 2506 3402 2561 indu—

1824 2594 1986 2656 citur,
2017 2595 2136 2664 ejus
2167 2596 2382 2664 generis
2417 2605 2677 2665 tantaque
2718 2598 2858 2652 dona
2898 2595 3163 2664 inferens,
3200 2607 3406 2669 quanta

1830 2702 1989 2742 nemo
2023 2688 2137 2743 fere
2168 2704 2409 2758 unquam
2441 2689 2673 2744 aliarum
2699 2691 2943 2760 gentium
2975 2706 3164 2761 regum
3194 2692 3262 2746 ad
3296 2693 3408 2748 haec

1826 2795 2001 2851 usque
2032 2789 2273 2850 tempora
2315 2779 2565 2835 Romano
2598 2781 2913 2851 imperatori
2966 2783 3169 2840 intulit.
3218 2780 3411 2839 Vernae

1826 2881 1982 2925 erant
2011 2872 2264 2939 trecenti,
2294 2888 2358 2927 ex
2390 2874 2592 2943 quibus
2639 2883 2858 2928 centum
2886 2876 3161 2946 elegantes
3185 2878 3408 2933 castrati

1825 2973 2005 3018 erant.
2037 2962 2275 3018 Noverat
2320 2966 2492 3028 enim,
2539 2975 2595 3018 ut
2625 2966 2862 3032 videtur,
2888 2968 3247 3038 praelocuples
3275 2983 3413 3023 anus

1829 3070 2048 3125 semper
2087 3056 2296 3109 aditum
2327 3056 2381 3109 in
2419 3058 2601 3113 aulam
2631 3058 2975 3129 spadonibus
3004 3069 3212 3130 patere,
3244 3062 3412 3132 inque

1832 3145 1921 3198 illa
1952 3146 2140 3214 plures
2174 3147 2385 3200 versari
2418 3163 2581 3216 quam
2622 3149 2676 3203 in
2706 3150 2862 3203 caula
2913 3151 3187 3219 pecudum
3240 3168 3410 3207 verno

1830 3246 2073 3306 tempore
2105 3254 2332 3294 muscae.
2374 3238 2616 3310 Ejusque
2646 3241 2720 3295 rei
2759 3242 2934 3312 gratia
2956 3258 3052 3298 eos
3082 3253 3244 3298 antea
3276 3259 3413 3313 pra:-

1830 3340 2135 3400 paravt-rat,
2171 3341 2229 3384 ut
2260 3331 2398 3385 forte
2422 3341 2790 3401 opportunum
2817 3333 3134 3388 comitatum
3165 3334 3410 3401 haberet,

1827 3440 1939 3492 quo
1972 3423 2180 3490 pridem
2212 3423 2478 3492 obsequio
2514 3423 2688 3479 functi
2731 3433 2937 3489 essent,
2963 3441 3083 3481 cum
3118 3427 3173 3482 in
3212 3428 3410 3497 regiam

1830 3515 2143 3585 ingressura
2205 3525 2372 3571 esset.
2430 3516 2596 3571 Erant
2651 3518 2778 3573 item
2837 3518 3097 3574 mulieres
3152 3520 3416 3576 sciastrim

1828 3618 2071 3673 centum,
2112 3609 2482 3679 sindonesque
2528 3610 2712 3678 lepore
2762 3611 2915 3664 vario
2962 3610 3207 3666 distincti
3256 3612 3417 3681 (quos

1830 3715 1976 3753 nunc
2013 3710 2277 3769 corrupta
2330 3699 2556 3754 forsitan
2613 3716 2747 3756 voce
2797 3702 2930 3755 rude
2978 3702 3170 3771 vulgus
3221 3704 3417 3755 sendes

1828 3790 2009 3861 vocat)
2033 3802 2273 3845 centum.
2314 3791 2738 3845 Linontalotaria
2763 3802 2980 3847 centum
3000 3800 3246 3862 (praestat
3269 3792 3415 3845 enim

1830 3883 1885 3935 in
1922 3882 2042 3937 istis
2072 3898 2140 3936 ex
2177 3884 2322 3952 vulgi
2350 3898 2451 3938 usu
2483 3883 2805 3953 compositis
2838 3883 2916 3937 uti
2945 3884 3221 3953 vocibus),
3248 3885 3419 3937 Ama-

1829 3974 1900 4027 lia
1932 3975 2155 4043 pulchra
2182 3974 2324 4028 linea
2349 3974 2605 4038 ducenta,
2638 3976 2854 4043 aliaque
2878 3974 3179 4030 subtilitate
3210 3975 3419 4029 tenuis-

1833 4067 1969 4119 sima
2023 4082 2087 4121 ac
2140 4082 2467 4121 aranearum
2511 4067 2624 4136 ipsa
2682 4068 2916 4122 stamina
2956 4067 3253 4130 vincentia,
3282 4081 3422 4135 quor

1836 4176 1955 4213 rum
1998 4160 2430 4229 unumquodque
2462 4160 2515 4212 in
2554 4160 2751 4213 calami
2789 4159 3023 4213 articulo
3062 4159 3418 4221 condebatur,

1833 4262 1888 4307 ct
1923 4253 2038 4321 ipsa
2069 4261 2311 4306 centum.
2339 4250 2479 4306 Vasa
2516 4253 2751 4320 pretiosa
2784 4263 3039 4321 argentea
3064 4260 3228 4319 atque
3255 4266 3420 4305 aurea

1838 4344 2011 4398 multa
2045 4360 2108 4398 ac
2144 4345 2315 4399 varia.

136 4439 367 4505 νήματα
403 4439 484 4498 εἰς
504 4435 831 4505 λεπτότητα,
852 4431 928 4491 ὧν
958 4437 1193 4489 ἕκαστον
1220 4436 1299 4499 εἰς
1329 4435 1579 4507 καλάμου
1606 4435 2212 4509 κόνδυλονὲνεὸέὸλητο,
2234 4440 2328 4493 καὶ
2355 4437 2497 4492 αύτά
2525 4436 2736 4500 ἑκατὸν,
2759 4434 2854 4489 καὶ
2880 4433 3048 4504 σκεύη
3071 4432 3336 4505 πολυτελῆ
3365 4434 3424 4500 ti

137 4529 392 4601 ἀργύρου
422 4532 518 4586 καὶ
545 4528 748 4600 χρυσοῦ
781 4530 939 4583 ίκανά
970 4529 1067 4582 καὶ
1094 4528 1347 4601 διάφορα.

209 4620 308 4674 os'.
361 4621 748 4689 Ἀποδεχθεῖσα
792 4620 849 4673 δὲ
886 4619 1075 4684 δεξιῶς
1127 4621 1224 4673 καὶ
1273 4620 1723 4691 φιλοφροηθεῖσσ

1910 4618 1999 4673 75.
2044 4615 2135 4671 Sic
2170 4630 2300 4669 vero
2344 4614 2704 4670 conveniente
2723 4614 2869 4668 cultu
2927 4621 3165 4681 recepta,
3216 4627 3428 4683 proque

144 4713 591 4784 μεγαλοπρεπῶς
620 4713 898 4779 ἀναλόγως
923 4714 1021 4782 τῆς
1053 4711 1426 4783 προαιρέσεως
1454 4716 1546 4767 καὶ
1581 4715 1737 4781 εὐγε-

141 4808 297 4870 νείας
325 4806 525 4873 αὐτῆς,
568 4807 661 4857 καὶ
704 4807 891 4876 μήτηρ
926 4806 1214 4860 καλεῖσθαι
1254 4805 1517 4877 βασιλέως
1568 4806 1737 4871 ἀξιω-

1832 4712 2000 4765 animi
2036 4708 2119 4764 sui
2153 4708 2437 4778 pr0posito
2481 4724 2546 4763 ac
2579 4709 2792 4778 generis
2827 4703 3110 4760 nobilitate
3137 4704 3426 4776 magnifice

1837 4814 2079 4875 accepta,
2129 4813 2183 4858 et
2208 4818 2332 4872 qua
2378 4802 2731 4869 imperatoris
2776 4808 2953 4857 mater
3005 4801 3223 4857 audiret
3260 4802 3425 4873 digna

145 4900 327 4963 θεῖσα,
364 4901 463 4953 καὶ
498 4898 709 4952 πολλῶν
737 4899 1086 4970 μετασχοῦσα
1116 4900 1413 4971 βασιλικῶν
1435 4899 1723 4966 δεξιώσεωε

1837 4900 2043 4964 habita,
2100 4896 2398 4965 multisque
2438 4896 2586 4966 regio
2630 4909 2858 4949 munere
2900 4892 3091 4950 ofﬁciis
3132 4908 3198 4948 ac
3252 4894 3427 4946 hono-

145 4996 246 5049 καὶ
277 4994 484 5064 τιμῶν,
517 4992 772 5065 ὲγεγήθει
796 5010 855 5046 τε
890 4996 986 5048 καὶ
1015 4996 1276 5062 ἰγάννυτο
1301 4996 1395 5050 καὶ
1425 4995 1669 5057 ἔκπλεως
1695 4994 1723 5024 ⁸

1838 4991 1993 5046 ribus
2028 4990 2308 5049 decorata.
2342 4989 2541 5059 gaudio
2570 4982 2882 5042 exsultabat
2914 5000 3017 5040 nec
3052 4995 3236 5039 tenere
3262 4982 3427 5054 319

142 5090 248 5153 τὰς
280 5087 545 5159 ἀμοιϐὰς,
572 5088 774 5157 μᾶλλον
806 5088 863 5140 δὲ
884 5090 975 5141 καὶ
1006 5087 1412 5159 ὑπεραιρούσας
1442 5087 1582 5141 κατὰ
1604 5086 1739 5140 πολὺ

145 5178 484 5248 διωμολόγει
544 5176 751 5231 λαϐεῖν.
788 5178 881 5230 Διὸ
929 5177 994 5248 δὴ
1027 5180 1073 5209 δ’
1120 5179 1213 5231 καὶ
1271 5178 1617 5249 προσέθηκεν
1663 5176 1744 5229 ἔτι

152 5269 565 5339 μεγαλοψύχως
592 5270 686 5321 ἐπὶ
714 5271 826 5333 τοῖς
866 5270 1193 5341 εἰρημένοις
1219 5270 1413 5339 δώροις
1440 5270 1503 5322 οὐ
1547 5269 1744 5340 μικρὸν

148 5364 252 5417 καὶ
299 5362 407 5431 τῆς
432 5362 843 5431 Πελοποννήσου
878 5362 1066 5434 μέρος,
1111 5363 1247 5432 ὅπερ
1281 5362 1355 5425 ὡς
1390 5361 1520 5415 ῐδιον
1558 5360 1743 5429 κτῆμα

147 5456 437 5526 τυγχάνον
467 5454 640 5523 αὐτῆς
678 5454 992 5526 φιλοδὼρως
1018 5455 1142 5508 τότε
1175 5455 1256 5525 τῷ
1276 5455 1385 5527 υίῷ
1413 5454 1508 5509 καὶ
1531 5453 1746 5523 βασιλεῖ

150 5548 475 5621 ὲχαρίζετο.
532 5548 874 5618 Διατρίψασα
931 5548 989 5602 δὲ
1045 5549 1188 5603 κατά
1231 5548 1332 5620 τὴν
1384 5547 1749 5619 μεγαλόπολιν

1847 5082 2090 5137 Iztitiam
2146 5088 2377 5151 poterat,
2435 5079 2770 5148 uberemque
2822 5076 3150 5141 mercedem,
3204 5076 3336 5142 quin
3373 5082 3428 5128 et

1845 5175 2004 5245 longe
2030 5174 2406 5237 excedentem,
2431 5186 2490 5225 se
2512 5172 2789 5241 accepisse
2817 5170 3200 5225 conﬁtebatur.
3220 5170 3429 5236 Quam-

1839 5267 2029 5322 obrem
2069 5267 2233 5320 etiam
2282 5272 2478 5334 praeter
2542 5279 2605 5317 ea
2660 5277 2782 5330 quae
2828 5262 2974 5317 dicta
3000 5270 3129 5315 sunt
3176 5274 3424 5325 munera,

1844 5361 2137 5417 cumulatae
2162 5359 2577 5430 magnificentia
2609 5357 2889 5426 specimen
2917 5356 3106 5419 edens,
3135 5354 3279 5409 haud
3310 5354 3430 5409 exi»

1851 5472 2013 5528 gnam
2047 5453 2413 5524 Peloponnesi
2449 5461 2659 5523 partem
2708 5450 2931 5520 adjecit,
2959 5465 3123 5521 quant
3157 5448 3280 5518 jure
3303 5463 3432 5516 pro'

1856 5548 1976 5618 prio
1993 5543 2329 5617 possidebat,
2352 5552 2591 5612 tuncque
2618 5541 2729 5596 lilio
2744 5549 2801 5597 et
2830 5540 3148 5611 imperatori
3174 5539 3435 5595 munifice

1464 5663 1698 5720 VARUE
1738 5661 2145 5719 LECTIONES.

235 5764 285 5797 "
312 5764 537 5835 etiam
557 5762 621 5835 Α·

154 5830 339 5891 δόνια.
380 5830 462 5867 ’³⁸
513 5830 669 5904 ψιλὰ]
710 5832 849 5887 καλὰ
877 5832 935 5887 Ρ.
1029 5833 1072 5863 ⁵¹
1106 5831 1333 5884 ὲκπλέον
1359 5830 1424 5885 Α.

735 5762 781 5794 ³⁸
808 5760 1153 5815 ἀνακλίσασα
1186 5760 1247 5821 Ρ,
1287 5759 1604 5813 ἀνεκλίνατο
1637 5760 1698 5811 Α.
1775 5758 1818 5788 ³⁷
1852 5757 2237 5811 ὲνεκελεύσατο
2265 5755 2289 5809 ?
2375 5754 2419 5787 ⁸⁸
2442 5751 2675 5817 ἐθνικῶς
2700 5754 2769 5809 Α.

735 5832 849 5880 nm
877 5832 935 5880 Ρ-
1029 5833 1072 5863 ⁵⁸
1106 5831 1333 5880 ὲκπλέον
1359 5830 1424 5880 Α.
1542 5831 1583 5861 ⁸⁸⁵
1611 5829 1673 5880 δὶ-
1704 5842 1815 5880 om.
1846 5828 1904 5880 Ρ.
2737 5870 2749 5875 -

1611 5842 1674 5900 οη
1704 5842 1815 5881 om.
1850 5842 1904 5881 f'.

2874 5752 2919 5786 "
2949 5750 3281 5806 Barberiuus
3317 5766 3431 5801 σινο
