4154 6446
746 399 852 463 3‘39

1799 398 2305 460 THEOPHANES
2330 368 2890 460 communes.

3907 396 4014 457 340

749 507 901 563 fecit.
930 504 1185 559 Divinum
1220 519 1439 574 quoque
1466 504 1520 560 in
1544 506 1686 577 Pega
1709 508 1765 561 8.
1793 508 2033 578 Deipara:
2057 518 2321 579 tempmm

2457 510 2517 561 ὸν
2540 511 2596 561 ἑν
2620 512 2685 580 τῇ
2709 510 2863 579 [1ηγῇ
2893 506 2947 559 δὲ
2974 507 3071 576 τῆς
3091 506 3435 576 Θεομήτορος
3464 506 3607 559 θετον
3628 504 3752 559 ναδν
3773 504 4015 558 διαπτω-

748 598 1076 667 collapsum,
1106 612 1171 651 ac
1200 611 1310 665 quo
1338 598 1468 651 olim
1520 598 1715 653 decore
1767 597 2001 655 fulserat
2042 602 2319 663 orbatum.

750 687 1097 749 instauravit,
1147 686 1601 758 splendidiusque
1630 704 1794 757 quam
1837 691 1992 759 prius
2038 691 2322 746 exstiterat

752 780 1006 834 reddidit.
1056 777 1320 833 Similiter
1362 781 1593 834 alterum
1649 797 1869 852 quoque
1902 783 2145 853 Deiparze
2176 792 2319 835 tem-

752 871 919 939 plum,
943 869 1126 939 Sigma
1159 878 1521 939 cognmuento
1551 871 1779 933 dictum,
1817 873 1937 926 diro
1969 888 2105 929 casu
2138 873 2324 927 defor-

751 970 956 1015 matum
994 975 1024 1015 a
1061 959 1433 1016 fundamentis
1482 977 1686 1016 novum
1740 964 2009 1017 exstruxit
2046 979 2111 1018 ac
2140 964 2325 1033 priore

754 1053 967 1109 firmius
1014 1054 1410 1109 eonstabilivit.
1466 1055 1569 1109 Sed
1610 1067 1664 1110 et
1711 1056 1970 1125 Stephani
2027 1067 2326 1128 martyrum

750 1147 914 1213 primi
947 1147 999 1200 in
1040 1146 1350 1199 Aurelianis
1381 1149 1644 1215 templum
1682 1156 1841 1201 terrae
1871 1159 2048 1202 motus
2103 1164 2330 1217 quassa-

753 1236 905 1292 tione
927 1238 991 1291 ad
1024 1236 1199 1290 solum
1234 1252 1408 1304 usque
1456 1237 1747 1290 subrutum
1782 1253 1811 1291 a
1841 1238 2210 1293 fundamentis
2240 1256 2333 1293 cx-

752 1330 980 1383 struxit.
1003 1328 1265 1397 Baptista:
1290 1342 1420 1382 vero
1456 1344 1521 1382 ac
1547 1328 1915 1385 Praecnrsoris
1955 1346 2143 1384 sacras
2186 1332 2332 1386 mdes

753 1421 810 1474 in
832 1420 1131 1491 Strobylzea
1146 1428 1199 1473 ct
1219 1418 1653 1482 Macedonianis,
1673 1422 1939 1476 alterama
1960 1422 2330 1478 fundamentis

754 1510 1050 1574 exstruxit,
1082 1511 1308 1563 alteram
1364 1512 1574 1578 potiore
1599 1523 1752 1579 parte
1806 1514 2094 1580 reparavit.
2138 1513 2244 1567 Sed
2276 1523 2331 1568 et

752 1601 985 1669 apostoli
1025 1601 1252 1668 Philippi
1281 1601 1566 1659 sat-ellum.
1597 1601 1857 1671 aliudque
1909 1602 2065 1656 Lucae
2095 1619 2329 1670 evange-

754 1692 889 1745 lista:
920 1692 1012 1746 illo
1048 1691 1468 1757 oceidentalius,
1504 1696 1736 1748 vetustis
1785 1697 2104 1765 expurgatis
2158 1697 2331 1751 ruinis

757 1798 895 1839 nova
935 1785 1202 1838 condidit.

826 1876 915 1931 8L
963 1875 1240 1934 Praeterea
1285 1894 1415 1935 vero
1448 1879 1611 1934 etiam
1665 1878 1823 1933 Moeii
1860 1880 2117 1950 martyris
2147 1881 2338 1951 ingens
2372 1889 2411 1943 Β

758 1971 1044 2038 templum,
1084 1987 1191 2025 non
1241 1972 1432 2039 paucis
1461 1972 1722 2027 scissuris
1780 1971 2125 2039 sublapsum,
2183 1974 2341 2040 cujus

760 2064 983 2133 adytum
1018 2074 1175 2119 terra:
1210 2065 1425 2126 allisum
1480 2076 1596 2121 crat
1651 2067 1722 2121 ita
1760 2075 1819 2121 ut
1866 2067 2106 2122 divinam
2167 2070 2339 2139 ipsam

760 2172 1005 2212 mensam
1041 2158 1440 2229 pra-fringeret.
1470 2159 1650 2215 debita
1682 2176 1815 2214 cura
1844 2161 1919 2214 illi
1938 2160 2181 2216 adhibita
2222 2179 2341 2232 per-

759 2248 899 2304 fecte
924 2266 953 2305 a
988 2253 1145 2306 ruina
1181 2254 1376 2308 erexit.
1433 2249 1688 2306 Vicinum
1719 2268 1938 2323 quoque
1964 2255 2037 2307 illi
2072 2271 2134 2309 cx
2192 2267 2345 2326 parte

759 2344 1083 2399 occidentali
1114 2345 1343 2399 Andreae
1378 2346 1615 2414 primum
1654 2344 1819 2416 324
1839 2348 2013 2401 vorati
2050 2349 2191 2402 inter
2211 2365 2345 2419 apo-

763 2435 931 2489 stolos
973 2438 1261 2505 templum,
1288 2436 1493 2506 ingenti
1524 2438 1773 2507 neglectu
1812 2438 1968 2491 ruina
1999 2454 2343 2508 oppressum,

764 2528 1109 2583 convenienti
1140 2545 1268 2583 cura
1305 2530 1537 2599 pristino
1566 2530 1750 2583 decori
1776 2532 2063 2599 reparavit.
2101 2532 2344 2587 Divinam

768 2621 895 2675 item
934 2622 992 2675 ὃ.
1031 2623 1261 2677 Romani
1303 2623 1473 2676 andem
1507 2634 1561 2677 et
1606 2624 1779 2692 ipsam
1812 2625 2106 2695 collapsam
2143 2643 2171 2681 a
2222 2627 2349 2682 fun-

765 2714 1039 2768 damentis
1074 2715 1384 2768 :cditicavit.
1414 2714 1472 2769 S.
1542 2715 1714 2771 Annae
1757 2733 1977 2788 quoque
2007 2720 2061 2773 in
2116 2719 2348 2775 Deutero

764 2814 823 2860 et
856 2804 913 2860 S.
955 2805 1159 2861 Christi
1190 2807 1446 2877 martyris
1477 2807 1733 2862 Demetrii
1773 2824 1961 2865 sacras
1991 2814 2156 2873 aedes,
2194 2822 2350 2867 vetu-

766 2898 1276 2963 statelaborautes,
1321 2914 1494 2953 novas
1532 2915 1595 2952 ac
1639 2901 1918 2970 elegantes
1962 2902 2173 2957 refecit.
2214 2906 2352 2958 San-

768 2989 842 3041 cti
874 3003 1007 3043 vero
1038 2990 1294 3059 martyris
1354 2990 1632 3045 Entiliani
1665 2992 1717 3047 in
1773 2991 1999 3049 Rhabdo
2037 2996 2351 3061 ecclesiam,

773 3079 916 3135 haud
947 3083 1137 3150 procul
1160 3083 1228 3137 ab
1261 3083 1469 3137 aedibus
1505 3094 1711 3139 sancta:
1749 3086 1845 3140 Dei
1886 3088 2155 3155 parentis,
2188 3099 2345 3143 vetu-

772 3182 913 3227 state
941 3172 1287 3229 fatiscentem
1322 3175 1510 3231 videns
1544 3177 1801 3247 utrinque
1829 3179 2026 3233 turrito
2069 3196 2233 3256 opere
2270 3184 2347 3235 t'a-

774 3265 1046 3335 stigiando
1070 3280 1265 3320 novatn
1292 3270 1583 3337 reparavit.

849 3445 948 3500 82.
986 3445 1255 3503 Praeterea
1298 3465 1424 3502 vero
1466 3451 1626 3505 ctiam
1686 3451 2035 3521 triumphalis
2099 3454 2357 3525 martyris

777 3535 993 3591 Nazarii
1044 3553 1260 3594 sacram
1304 3541 1499 3605 aedem,
1536 3556 1566 3594 a
1602 3541 1792 3597 multis
1845 3551 1990 3597 retro
2038 3546 2197 3599 annis
2246 3562 2355 3599 non

779 3631 943 3684 modo
976 3631 1299 3700 collapsam,
1341 3633 1435 3686 sed
1467 3644 1517 3687 et
1550 3634 1769 3703 penitus
1792 3635 2074 3703 abolitam,
2111 3638 2353 3692 :edifica-

781 3721 880 3785 vit,
918 3723 1222 3791 majestate,
1257 3725 1546 3793 elegantia,
1603 3742 1669 3780 ac
1721 3728 2125 3795 pulcln'itudinc
2192 3731 2354 3794 priori

782 3814 941 3881 longe
974 3814 1204 3870 aedilicio
1233 3826 1606 3884 praestantem.
1636 3818 1693 3873 In
1719 3818 1973 3873 Domniui
2007 3820 2249 3874 Embolis
2279 3826 2358 3892 (ut

781 3907 1018 3974 vocant)
1058 3917 1261 3961 sanctae
1296 3907 1390 3963 Dei
1440 3910 1613 3964 nostri
1668 3909 1879 3965 Christi
1940 3915 2361 3970 resurrecniouis

784 4000 1004 4053 nomine
1058 4011 1223 4070 atque
1275 4004 1536 4071 martyris
1566 4003 1873 4059 Anastasius
1931 4006 2359 4075 pulcherrimum

784 4093 1045 4161 temphnn
1086 4102 1281 4163 aptans
1328 4094 1611 4162 splendide
1644 4097 1879 4160 ornavit,
1922 4099 2098 4168 lignea
2159 4098 2363 4154 fornice

784 4187 840 4241 in
872 4187 1140 4256 lapideam
1175 4199 1383 4243 mutata
1413 4200 1721 4259 ornatuque
1766 4191 1872 4245 alio
1909 4193 2066 4262 plane
2122 4195 2362 4249 admira-

787 4278 885 4333 bili
917 4280 1152 4348 adjrcto.
1187 4280 1454 4337 Similiter
1487 4298 1703 4351 quoque
1737 4283 1921 4355 inclyti
1962 4289 2217 4355 martyris
2246 4286 2367 4341 Pla-

785 4373 929 4426 tonis
968 4379 1172 4427 tectum
1222 4373 1475 4429 laborare
1528 4377 1722 4429 videns
1775 4384 1830 4430 et
1879 4376 2130 4432 fatiscere
2162 4395 2360 4434 novem

787 4463 1421 4527 instauravit,immissis
1448 4467 1785 4537 parietibus,
1822 4468 1912 4522 ubi
1950 4485 2170 4524 necesse
2222 4480 2359 4535 erat,

2430 595 2589 649 Θέντα
2614 598 2707 649 καὶ
2734 596 2795 648 τὸ
2823 597 3050 665 ἀρχαῖον
3075 595 3420 649 ἀποϐαλόντα
3454 596 3648 659 κάλλος
3671 596 4015 649 ἀνενεώσατό

2428 705 2483 739 τε
2516 691 2608 740 καὶ
2631 688 3067 759 ὑπερλάμποντα
3088 688 3286 751 μᾶλλον
3315 688 3460 757 ἥπερ
3490 687 3550 740 τὸ
3581 687 3846 758 πρότερον
3880 688 4015 739 εδει-

2431 778 2539 843 ξεν.
2587 781 2861 843 Ὡσαύτως
2890 781 2983 833 καὶ
3008 782 3102 833 τὸν
3133 781 3317 851 ἕτερον
3348 781 3449 849 τῆς
3480 779 3748 833 Θεοτόκου
3777 780 3921 842 ναὸν,
3956 781 4015 841 ὃς

2429 872 2492 923 τὸ
2527 871 2703 940 Σίγμα
2732 867 2877 942 εἶχεν
2904 872 3215 941 ἐπώνυμον,
3250 873 3449 942 πτῶμα
3482 874 3715 925 πεσόντα
3751 872 3926 925 δεινὸν
3951 874 4016 926 ἐκ

2436 963 2651 1035 βάθρων
2694 965 3079 1034 ἀνῳκοδόμησε
3118 964 3212 1016 καὶ
3255 964 3598 1036 ἐδραιὸτερον
3634 963 3717 1037 [Ρ.
3754 963 3879 1036 199]
3916 962 4015 1016 τοῦ

2435 1058 2701 1126 προτέρου
2730 1056 3046 1125 εἰργάσατο.
3080 1057 3190 1109 Καὶ
3218 1055 3310 1109 τὸν
3335 1058 3392 1108 ὲν
3419 1056 3783 1126 Αὖρηλιαναϊς
3806 1058 3863 1109 δὲ
3889 1057 4021 1107 Στε-

2438 1146 2608 1215 φάνου
2637 1146 2732 1199 τοῦ
2775 1144 2993 1217 πρώτου
3030 1148 3140 1199 τῶν
3182 1146 3479 1217 μαρτύρων
3526 1148 3652 1201 ναὸν
3700 1148 3861 1217 ἄχρις
3892 1150 4021 1202 ἐδά-

2439 1254 2575 1304 φους
2602 1237 2984 1291 καταπεσόντα
3011 1239 3055 1271 ⁸⁷
3086 1240 3150 1291 ὲκ
3175 1238 3442 1307 θεμελίων
3472 1240 3650 1292 αὐτῶν
3672 1240 4017 1309 ἀνεδείματο.

2438 1329 2576 1389 Τοὺς
2619 1329 2676 1382 δὲ
2735 1328 2828 1382 τοῦ
2858 1329 2903 1362 ⁸⁸
2938 1329 3248 1383 Βαπτιστοῦ
3302 1331 3398 1383 καὶ
3451 1332 3766 1402 Προδρόμου
3816 1335 4022 1401 σηκοὺς

2440 1423 2617 1492 ἱεροὺς
2636 1423 2693 1475 ἓν
2712 1440 2767 1475 τε
2795 1424 2858 1493 τῇ
2889 1423 3221 1493 Στροσυλαίᾳ
3252 1425 3298 1456 ⁸³
3323 1425 3415 1476 καί
3440 1425 3894 1489 Μακεδονιαναῖς,
3927 1424 4022 1476 τὸν

2441 1516 2541 1583 μὲν
2572 1517 2637 1568 ὲκ
2660 1515 2900 1586 βάθρων,
2917 1514 3012 1569 τοῦ
3056 1515 3113 1569 δὲ
3130 1515 3190 1569 τὸ
3202 1515 3452 1568 πλεῖστον
3480 1516 3916 1586 ἀνῳκοδόμησεν.
3944 1515 4021 1567 Οὔ

2439 1606 2545 1677 μὴν
2560 1607 2694 1660 ἀλλὰ
2712 1609 2807 1661 καὶ
2835 1608 2896 1661 τδ
2929 1608 3021 1660 τοῦ
3059 1608 3358 1661 ἀποστόλου
3374 1607 3640 1660 Φιλίππου
3667 1608 3834 1677 ἱερὸν,
3856 1607 3952 1659 καὶ
3970 1607 4025 1657 τὸ

2437 1696 2602 1750 αὑτοῦ
2628 1696 2986 1767 δυτικώτερον
3004 1699 3256 1768 κείμενον
3278 1698 3372 1751 τοῦ
3402 1696 3789 1767 εὐαγγελιστοῦ
3811 1698 4022 1759 ΛουκΞ,

2440 1788 2549 1841 τῶι
2569 1789 2818 1842 παλαιῶν
2854 1788 3211 1858 ἀνακαθάρας
3243 1791 3555 1858 πτωμάτων
3583 1789 3681 1843 νὲα
3707 1790 4022 1859 εἰργάσατο.

2518 1890 2627 1936 πα’.
2663 1883 2785 1938 Ἔτι
2816 1882 2871 1935 δὲ
2904 1884 2998 1937 καὶ
3031 1882 3092 1935 τὸ
3123 1883 3347 1935 Μωκίου
3376 1882 3469 1935 τοῦ
3502 1883 3780 1953 μάρτυρος
3808 1882 3853 1912 ⁶⁶
3882 1881 4028 1950 μέγα

2448 1976 2693 2046 τέμενος,
2724 1975 2824 2029 οὐκ
2846 1976 3047 2043 ὀλίγοις
3074 1974 3352 2029 ὑποπεσὸν
3388 1976 3655 2045 ρήγμασι,
3686 1975 3777 2028 καὶ
3806 1974 3868 2027 τὸ
3898 1974 4028 2027 ἀδυ-

2442 2086 2532 2123 τον
2563 2068 2755 2121 τούτου
2804 2068 2970 2139 μέρος
3001 2067 3130 2138 ἄχρι
3161 2069 3259 2137 τῆς
3294 2069 3397 2136 γῆς
3425 2067 3761 2137 καταϐληθὲν
3796 2067 4029 2136 gon-‘5;

2443 2161 2517 2225 ὡς
2550 2162 2644 2214 καὶ
2674 2161 2772 2231 τὴν
2800 2161 2952 2231 ἱερὰν
2976 2160 3240 2225 κατεάξαι
3263 2161 3568 2230 τράπεζαν,
3598 2160 3696 2228 τῆς
3720 2159 4031 2230 προσηκοὺ-

2447 2270 2547 2321 σης
2574 2253 2899 2322 ἐπιμελείας
2949 2252 3150 2322 ⁴ἠξίωσε
3184 2253 3277 2305 καί
3333 2253 3555 2315 τελείως
3593 2252 3688 2305 τοῦ
3733 2252 4030 2319 πτώματος

2445 2348 2690 2417 ἤγειρεν.
2724 2348 2834 2400 Καὶ
2862 2347 2953 2399 τὸν
2980 2345 3353 2416 πλησιάζοντα
3388 2345 3443 2398 δὲ
3472 2346 3645 2415 τούτῳ
3671 2345 3812 2398 κατά
3838 2346 3899 2398 τὸ
3932 2345 4031 2415 μὲ-

2450 2455 2539 2508 ρος
2571 2438 2632 2490 τὸ
2662 2439 2703 2471 ⁸⁸
2739 2439 2875 2507 πρὸς
2920 2440 3133 2508 δυσμὰς
3184 2438 3570 2508 ’Δνδρέουγτοῦ
3630 2439 4030 2509 πρωτοκλήτου

2448 2529 2554 2582 τῶν
2583 2529 2895 2583 ἀποστόλων
2921 2529 3049 2583 ναὸν
3077 2531 3139 2582 ὲκ
3171 2528 3375 2597 πολλῆς
3406 2528 3667 2599 ἀμελείας
3700 2530 4034 2599 διαρῤυέντα

2450 2622 2529 2685 είς
2555 2621 2614 2673 τὸ
2655 2623 2883 2691 ἀρχαῖον
2923 2621 3119 2685 κάλλος
3158 2625 3223 2692 τῇ
3257 2621 3449 2691 δεούσῃ
3494 2621 3783 2691 ἐπιμελείᾳ.
3822 2622 4035 2690 ἀνήγαο

2450 2729 2566 2779 γεν.
2603 2713 2707 2765 Τὸν
2756 2712 2811 2765 δὲ
2858 2712 2953 2765 τοῦ
2995 2713 3184 2781 Ἀγίου
3222 2712 3510 2783 Ῥωμανοῦ
3565 2713 3707 2765 θεῖον
3750 2708 3905 2766 οἶκον
3944 2715 4038 2766 καὶ

2450 2802 2611 2856 αὐτὸν
2666 2803 3045 2856 καταπεσόντα
3075 2805 3137 2856 ὲκ
3182 2802 3399 2874 βάθρων
3424 2804 3765 2875 ἀνεδείματο.
3794 2805 3904 2857 Καὶ
3945 2805 4041 2856 τὶν

2451 2893 2551 2961 τῆς
2590 2893 2776 2961 Ἀγίας
2809 2895 3009 2961 ’Λννης
3038 2895 3094 2946 ὲν
3138 2894 3216 2964 τῷ
3246 2895 3496 2965 Δευτέρῳ
3524 2896 3617 2947 καὶ
3652 2896 3743 2947 τὸν
3773 2895 3869 2946 τοῦ
3898 2896 4040 2965 Χρι-

2456 2984 2581 3037 στοῦ
2627 2988 2903 3055 μάρτυρος
2932 2988 2977 3018 ⁸³
3011 2988 3327 3057 Δημητρίου
3377 2988 3600 3049 καινοὺς
3639 2988 3759 3039 ἀντὶ
3789 2988 4043 3041 παλαιῶν

2454 3072 2546 3122 καὶ
2574 3072 2871 3139 conputet;
2916 3074 3312 3142 ἀπειργάσατο.
3355 3072 3458 3124 Τὸν
3498 3072 3553 3124 δὲ
3597 3072 3687 3124 τοῦ
3761 3075 4045 3144 μάρτυρος

2459 3166 2797 3235 Αίμιλιανοῦ,
2823 3166 2880 3229 ὃς
2911 3168 2969 3219 ὲν
3000 3170 3065 3236 τῇ
3108 3167 3316 3236 Ῥάόδῳ
3354 3166 3432 3236 τῷ
3468 3167 3601 3235 οἴκῳ
3640 3166 3743 3235 τῆς
3768 3167 4045 3235 Θεομὴτο-

2464 3274 2553 3327 ρος
2579 3260 2832 3325 γειτονεῖ,
2880 3260 2945 3327 τῇ
2993 3257 3319 3326 παλαιότητι
3371 3257 3883 3327 κατεῤῥικνωμένον
3920 3256 4047 3308 ἰδὼν

2457 3352 2792 3419 και-θονδργεί,
2830 3348 3171 3417 ἑκατέρωθεν
3194 3349 3499 3416 πυργώσας
3524 3349 3855 3417 ἐδράσμασι.

2530 3443 2639 3513 πβ’.
2685 3445 2824 3511 Πρὸς
2875 3443 2931 3494 δὲ
2966 3444 3058 3494 καὶ
3106 3443 3197 3495 τὸν
3252 3442 3343 3495 τοῦ
3398 3442 3707 3512 ἀθ).ο·ρόρου
3759 3441 4044 3510 Ναζαρίου

2460 3538 2604 3607 ἱερὸν
2637 3534 2808 3597 οἷκον,
2859 3537 2922 3588 ὲκ
2963 3535 3178 3587 πολλῶν
3220 3534 3327 3587 τῶν
3361 3535 3567 3603 χρόνων
3611 3535 3671 3587 οῦ
3707 3535 3868 3603 μόνον
3897 3551 4047 3587 πτω-

2460 3629 2643 3693 θέντα,
2674 3628 2811 3682 ἀλλὰ
2846 3628 2940 3680 καὶ
2966 3627 3147 3679 τέλεον
3171 3628 3561 3694 ἠφανισμένον,
3580 3628 3699 3679 νέον
3718 3626 3762 3656 ⁸³
3790 3626 4050 3695 ἐδείματο

2461 3723 2754 3791 σεμνότητι
2801 3720 2897 3773 καὶ
2932 3719 3120 3772 κάλλει
3154 3719 3331 3789 πολλῷ
3375 3720 3471 3771 τοῦ
3520 3721 3648 3788 πρὶν
3691 3719 4045 3788 διαφέροντα.

2472 3816 2562 3868 Ἐν
2602 3815 2657 3867 δὲ
2691 3818 2803 3877 τοῖς
2836 3813 3100 3883 Δομνίνου
3153 3812 3473 3880 λεγομένοις
3515 3811 3797 3881 Ἐμὸόλοις
3835 3811 3929 3862 τὸν
3970 3813 4050 3873 εἰς

2460 3909 2633 3979 ὃνομα
2663 3908 2764 3976 τῆς
2790 3907 2939 3970 θείας
2978 3907 3024 3939 ⁸⁸
3056 3905 3295 3975 Χριστοῦ
3328 3904 3420 3958 τοῦ
3449 3903 3585 3957 Θεοῦ
3618 3904 3775 3975 ἡμῶν
3806 3904 4050 3956 ἀναστά-

2464 4020 2603 4065 σεως
2656 4003 2748 4054 καὶ
2784 4000 3139 4062 Ἀναστασίας
3189 3999 3289 4068 τῆς
3317 3999 3362 4029 ⁸⁸
3407 3998 3681 4067 μάρτυρος
3740 3997 4051 4066 περικαλλῆ

2464 4093 2590 4148 ναὸν
2649 4091 3022 4153 ἐπισκευάσας
3047 4090 3385 4161 ὲλάμπρυνε,
3427 4089 3637 4159 λιθίνην
3677 4089 3798 4141 ἀντὶ
3832 4087 4053 4157 ξυλίνης

2463 4183 2561 4253 τὴν
2607 4182 2812 4252 ὀροφὴν
2862 4181 3269 4250 ἐργασάμενος,
3299 4180 3391 4231 καὶ
3420 4180 3621 4248 κόσμον
3652 4178 3811 4231 ἄλλον
3839 4179 4054 4241 ἐπιθεὶς

2466 4272 2816 4342 άξιάγαστον.
2853 4272 3125 4335 Ὡσαύτως
3152 4271 3209 4324 δὲ
3236 4272 3328 4324 καὶ
3363 4270 3647 4333 Πλάτωνος
3674 4270 3765 4323 τοῦ
3809 4271 4054 4338 μεγάλου

2466 4367 2525 4418 ὲν
2556 4367 2793 4435 μάρτυσι
2825 4364 3144 4433 πονήσασαν
3173 4361 3273 4430 τὴν
3300 4358 3396 4413 τοῦ
3421 4360 3550 4413 ναοῦ
3576 4357 3812 4412 κατιδὼν
3840 4360 4054 4429 ὀροφὴν

2467 4458 2594 4510 νέαν
2626 4457 2942 4527 είργάσατο,
2993 4456 3088 4507 καὶ
3126 4454 3172 4486 ⁸⁸
3202 4454 3399 4523 τοίχων
3448 4455 3504 4505 ὲν
3547 4449 3626 4514 οἷς
3681 4452 3785 4504 ἔδει
3818 4470 4056 4520 κατοχυ·

786 4555 957 4611 mdem
994 4558 1372 4612 communiens
1431 4572 1496 4612 ac
1542 4557 1791 4614 ﬁrmans.
1824 4560 2202 4617 Gloriosorum
2236 4578 2349 4617 verr

2472 4549 2650 4621 ρώσας
2680 4549 2769 4601 τὸν
2820 4542 2969 4599 οἷκον
3016 4544 3295 4606 ἐπιϐολαῖς
3332 4546 3397 4597 ⁸⁷.
3448 4544 3568 4595 Τῶν
3616 4543 3673 4595 δὲ
3724 4541 4057 4594 καλλινίκων

791 4659 1093 4720 martyrum
1139 4649 1359 4719 Hesperi
1414 4659 1469 4704 et
1534 4651 1672 4705 Zoes
1724 4652 1963 4705 divinam
2025 4656 2224 4720 aedem,
2255 4653 2366 4709 fere

792 4740 913 4796 solo
953 4751 1113 4795 tenus
1143 4741 1401 4803 dirutam,
1438 4744 1557 4810 pari
1597 4744 1766 4811 priori
1804 4744 2072 4814 elegantia
2104 4756 2158 4799 et
2199 4748 2367 4823 maje-

794 4840 938 4887 state
976 4832 1271 4887 exstruxit.
1306 4834 1384 4886 Ad
1422 4834 1538 4889 haec
1575 4851 1703 4889 vero
1727 4836 1893 4889 etiam
1945 4838 2205 4908 martyris
2230 4838 2369 4893 Aca-

792 4920 855 4975 tii
883 4921 939 4974 in
980 4921 1307 4991 ileptasealo
1332 4924 1578 4979 divinum
1638 4927 1894 4995 templum
1936 4943 2070 4996 pene
2117 4928 2368 4986 dimuens

792 5011 1195 5082 325jamque
1222 5029 1479 5069 casurum
1508 5017 1865 5072 instaurando
1883 5020 2173 5087 omnisque
2202 5037 2368 5090 geuc-

797 5105 873 5158 ris
920 5102 1113 5159 fulcris
1174 5108 1588 5161 statuminando
1642 5108 1798 5163 liruta
1840 5111 1954 5164 basi
1999 5122 2144 5165 stare
2215 5112 2363 5169 fecit.

795 5193 928 5251 Elite
954 5212 1084 5251 vero
1138 5199 1414 5267 propheta:
1449 5201 1709 5268 templum
1744 5200 1797 5254 in
1857 5202 2059 5259 Petrio.
2118 5212 2367 5259 extremo

796 5288 956 5357 quasi
995 5289 1215 5357 spiritu,
1246 5306 1311 5344 ac
1344 5291 1504 5359 cujus
1531 5292 1925 5361 propemodum
1976 5295 2132 5347 ruina
2176 5310 2369 5364 exspe-

795 5383 1061 5445 ctaretur,
1089 5380 1465 5435 corroboravit
1480 5396 1545 5437 ac
1565 5384 1852 5453 magnifice
1868 5384 2162 5450 exstruxit,
2177 5401 2206 5438 a
2222 5400 2371 5439 com-

2474 4639 2771 4712 μαρτῦρων
2829 4639 3096 4709 Ἑσπέρου
3140 4654 3199 4689 τε
3245 4637 3341 4689 καὶ
3387 4636 3539 4703 Ζωῆς
3591 4635 3681 4687 τὸν
3725 4634 3870 4686 θεῖον
3905 4629 4057 4686 οἷκον

2473 4734 2842 4805 ἡδαφισμένον
2870 4732 3055 4803 σχεδὸν
3084 4730 3419 4799 κατάλληλον
3439 4729 3533 4782 τοῦ
3557 4728 3747 4797 πρώην
3776 4728 4055 4795 ἐδείματο.

2474 4828 2618 4897 Πρὸς
2654 4827 2863 4888 τούτοις
2896 4826 2952 4877 δὲ
2982 4824 3077 4877 καὶ
3116 4823 3210 4877 τὸν
3236 4823 3329 4876 τοῦ
3387 4823 3663 4893 μάρτυρος
3710 4821 3973 4872 ’Δκακὶου
4001 4821 4057 4869 ἐν

2473 4919 2549 4990 τῷ
2596 4918 2955 4986 Ἐπτασκάλῳ
3000 4916 3044 4949 ⁸⁸
3100 4916 3245 4969 θεῖον
3294 4915 3423 4968 ναὸν
3468 4915 3567 4984 ἤδη
3606 4912 3789 4982 σχεδόν
3850 4913 4055 4982 καταρο

2476 5012 2669 5081 ῥυέντα
2695 5012 2738 5042 ⁶⁹
2768 5012 2861 5061 καὶ
2899 5008 3035 5077 πρὸς
3079 5007 3286 5059 πτῶσιν
3337 5005 3793 5073 συνελαυνόμενον
3825 5005 4055 5056 ἀνακαι-

2473 5104 2627 5165 νίσας
2662 5104 2756 5156 καὶ
2803 5102 3079 5163 παντοίοις
3126 5099 3678 5168 κατασφαλισάμενος
3731 5097 4058 5166 ὀχυρώμασι

2473 5200 2569 5252 τοῦ
2606 5197 2899 5267 πτώματος
2954 5196 3172 5265 ἥρπασε
3220 5196 3311 5247 καὶ
3342 5193 3571 5263 ἑδραίως
3624 5192 3922 5260 ὲστηκέναι

2476 5291 2724 5358 ποίηκεν.
2758 5288 2862 5341 Τὸν
2891 5288 2947 5340 δὲ
2991 5287 3173 5340 Ἠλιοῦ
3215 5286 3311 5339 τοῦ
3354 5286 3635 5356 προφήτου
3670 5286 3813 5337 κατά
3859 5285 3920 5337 τὸ
3958 5285 4056 5336 [Ia-

2475 5382 2627 5453 τρίαν
2654 5380 2781 5433 ναὸν
2806 5378 2996 5449 ὥσπερ
3030 5378 3113 5450 [Ρ.
3155 5376 3285 5449 200]
3315 5374 3746 5445 λειποψυχοῦντα
3771 5375 4054 5446 ἀ·θέῥρω33

2069 5568 2306 5624 VARUE
2350 5570 2755 5626 LECTIONES.

864 5698 908 5732 ³’
934 5697 1089 5768 ἄχρις
1108 5697 1335 5766 ἐδάφους
1367 5716 1577 5752 καταπε
1588 5718 1746 5753 σοντα
1776 5718 1885 5755 out.
1904 5702 1965 5754 Α.

799 5770 843 5800 ⁸⁸
876 5768 939 5821 τὸ
970 5778 1096 5821 ante
1126 5769 1260 5838 πρὸς
1295 5782 1406 5821 om.
1440 5768 1501 5822 P.

800 5773 843 5800 "
876 5773 939 5821 τὸ
970 5778 1096 5821 ante
1126 5773 1260 5838 πρὸς
1295 5782 1406 5821 om.
1440 5773 1501 5822 P.
1607 5773 1651 5802 "
1682 5773 2153 5844 χριστομάρτυρος
2206 5777 2271 5831 Δ.

800 5840 843 5870 ⁸⁸
875 5839 965 5892 καὶ
990 5854 1099 5893 om.
1126 5836 1165 5891 P
1264 5840 1307 5869 ν
1337 5839 1592 5910 ἐμόολαῖς
1626 5842 1681 5896 Ρ.
1770 5844 1813 5872 ’⁸
1844 5846 2112 5910 Πασκάὶῳ
2141 5846 2202 5901 Α.

1770 5844 1813 5872 ’⁸
1844 5846 2112 5915 Πασκάὶῳ
2141 5846 2202 5901 Α.

2044 5705 2090 5736 η
2117 5704 2211 5757 τοῦ
2231 5720 2341 5759 om.
2363 5705 2472 5762 AP.
2549 5708 2595 5739 ι’
2624 5706 2922 5775 Στροϐλαίξ
2960 5706 3023 5758 Α·

2401 5778 2447 5810 ⁸⁸
2477 5778 2597 5830 νέον
2629 5774 2741 5831 om.
2778 5774 2836 5828 l’.

2283 5848 2326 5878 ⁶⁹
2356 5851 2534 5917 καταῤ
2549 5848 2739 5917 ῥέοντα
2767 5848 2830 5899 Α.

3101 5704 3148 5733 ⁸⁸
3173 5704 3267 5755 καὶ
3298 5700 3390 5753 τοῦ
3423 5699 3648 5753 Μωκίο·.›
3692 5696 3974 5767 μάρτυρος
3998 5696 4055 5748 Γ.

2972 5777 3013 5805 ⁸⁵
3043 5772 3218 5843 (kind
3257 5771 3349 5824 τοῦ
3403 5770 3462 5825 Ρ.
3591 5773 3636 5802 ’³
3679 5767 3775 5837 τῆς
3825 5782 3941 5823 om.
3992 5770 4051 5819 ι·.
