4154 6446
178 400 257 466 349
1195 404 1345 468 LIB.
1377 404 1443 464 V.
1488 426 1555 436 -
1597 398 1950 458 BASILIUS
1990 398 2318 459 MACEDO.

3287 406 3395 469 350

176 510 322 569 τεκαὶ
348 512 723 583 παμποίκιλος
766 516 857 570 καὶ
892 517 1033 570 κατᾶ
1073 516 1286 572 πάντων
1316 515 1504 587 σχεδὸν
1536 513 1602 569 τὰ
1618 529 1675 566 το

1787 561 1789 568 λ
1821 510 1961 563 rium
1992 520 2299 582 cunctaque
2338 511 2452 567 fere
2477 512 2766 570 excellenti
2795 514 3207 586 pulchritudine
3228 518 3392 590 333

176 608 370 670 κάλλους
422 608 724 679 φερόμενος
756 611 1070 681 νικητήρια.
1105 610 1279 673 Εὐθὺς
1327 611 1436 681 γὰρ
1478 609 1622 663 κατὰ
1654 610 1716 662 τὸ

174 697 242 751 τοῦ
265 698 496 767 ἐδάφους
524 699 851 770 μεσαίτατον
870 700 930 752 τδ
952 700 1198 768 Μηδικὸν
1220 702 1409 770 δρνεον
1435 701 1463 753 ὁ
1480 701 1626 764 ταὼς
1649 702 1713 753 ἐκ

169 788 384 857 ψηφίδων
412 790 685 860 λαμπρῶν
709 794 772 861 τῇ
801 790 1025 865 λιθοξὸῳ
1043 794 1205 864 τέχνῃ
1236 793 1321 845 δια
1331 794 1710 864 μεμόρφωται,

170 886 212 933 ἐν
228 882 525 952 ιὺθυτόρνῳ
560 882 747 954 κύκλῳ
777 885 841 937 ἐκ
867 884 1018 937 λίθου
1052 885 1307 955 Καρικῆς
1354 885 1712 955 συγκλειόμε-

165 973 363 1039 νο;,ἁφ“
410 966 582 1044 οὗπερ
621 976 841 1036 ἀκτῖνες
882 974 990 1027 ἀπὸ
1029 974 1180 1027 λίθου
1209 976 1308 1044 τῆς
1362 976 1535 1045 αὐτῆς
1574 975 1711 1045 πρὸς

165 1065 290 1117 ἄλλον
313 1065 538 1133 μείζονα
576 1064 775 1118 κύκλον
806 1065 1209 1136 ἐκπέμπονται.
1243 1065 1481 1132 Ἔξωθεν
1526 1066 1582 1119 δὲ
1612 1065 1708 1120 καὶ

162 1155 321 1209 τούτου
359 1156 611 1226 καθάπερ
661 1158 805 1220 τινὲς
840 1156 1044 1228 ρύακες
1103 1157 1136 1229 ἢ
1173 1159 1409 1227 ποταμοὶ
1460 1159 1523 1211 ἐκ
1554 1157 1705 1211 λίθου

160 1247 429 1317 Θεπαλῆς,
447 1249 482 1319 ἢ
508 1250 567 1302 τὸ
592 1249 824 1317 πράσιον
850 1249 1048 1321 χρῶμα
1077 1250 1447 1322 κεκλήρωται,
1474 1251 1616 1305 κατὰ
1644 1252 1706 1303 τὸ

158 1336 230 1391 τοῦ
260 1338 408 1391 οίκου
436 1334 778 1410 τετράγωνον
814 1342 1001 1412 σχῆμα
1031 1342 1405 1411 ἑφήπλωνται,
1436 1344 1580 1396 κατὰ
1604 1344 1703 1407 τὰς

157 1428 280 1491 ἐντὸς
296 1429 531 1495 λαγόνας
563 1431 830 1501 τέτταρας
854 1432 1049 1495 ἀετοὺς
1074 1434 1137 1486 ἐκ
1160 1432 1412 1503 ψηφίδων
1440 1434 1702 1488 ποικίλων

154 1516 299 1570 τεκαὶ
344 1517 561 1571 λεπτῶν
592 1519 1079 1589 περισφίγγουσαι,
1137 1522 1218 1584 είς
1244 1520 1500 1573 τοσοῦτον
1539 1521 1700 1590 ἀκρι-

154 1605 325 1659 δοῦντα
386 1607 485 1678 τὴν
518 1608 752 1678 μίμησιν
804 1610 1021 1664 ἅπαντα
1053 1610 1129 1673 ὡς
1162 1610 1405 1673 εἰκάζειν
1428 1609 1565 1663 αὐτὰ
1600 1613 1700 1680 ζῇν

151 1699 227 1750 καὶ
254 1699 511 1752 ίπτασθαι
545 1698 852 1769 βούλεσθαι.
904 1701 970 1754 Oi
1001 1701 1059 1754 δὲ
1096 1701 1228 1773 παρ’
1260 1702 1497 1774 ἑκάτερα
1530 1704 1699 1773 τοῖχοι

150 1788 287 1842 ὑάλου
347 1790 675 1861 πολυχρόοις
704 1791 869 1857 πλαξὶ
912 1793 1365 1862 περισκέπονται,
1422 1793 1695 1864 διαφόρων

145 1879 325 1934 ἀνθέων
350 1881 640 1945 δοκοῦντες
677 1889 915 1955 μορφαῖς
938 1884 1293 1956 ώραῖξεσθαι.
1319 1884 1597 1952 ’Υπερθεν
1641 1884 1698 1937 δὲ

142 1972 322 2026 τούτων
352 1975 559 2045 κόσμος
591 1993 678 2039 τις
724 1976 885 2041 ἄλλος
942 1977 1402 2047 περιηνθισμένος
1457 1977 1697 2031 διαθέσει

140 2065 326 2135 χρυσῷ,
357 2067 451 2137 ὑφ’
473 2062 536 2122 οὗ
563 2068 896 2140 διείργεσθαι
920 2069 988 2123 τὰ
1015 2069 1301 2140 κατώτερα
1328 2070 1438 2123 τῶν
1471 2070 1582 2124 ἄνω
1612 2069 1697 2121 δο-

138 2157 236 2205 κεῖ·
272 2154 330 2209 ὃν
376 2157 442 2209 ἐκ
486 2157 694 2227 χρυσοῦ
749 2156 1002 2227 ψηφίδων
1030 2157 1338 2228 διαδέχεται
1385 2155 1693 2225 τερπνότης

136 2248 271 2319 ἄλλη,
302 2249 557 2322 ἐνθρονον
583 2250 842 2304 δεικνῦσα
880 2250 971 2304 τὸν
993 2249 1087 2303 τοῦ
1149 2250 1315 2321 ἔργου
1359 2246 1693 2318 δημιουργὸν

134 2340 495 2411 αὐτοκράτορα
526 2341 625 2394 καὶ
654 2342 757 2409 τὴν
785 2340 1020 2407 σύζυγον
1043 2341 1329 2406 Εὑδοκίαν,
1360 2340 1575 2402 στολαῖς
1602 2358 1693 2393 κε-

133 2434 515 2503 κοσμημένους
570 2433 879 2504 βασιλικαῖς
948 2436 1047 2489 καὶ
1106 2433 1523 2504 ταινιουμένους
1578 2437 1691 2497 τοῖς

130 2524 448 2595 στέμμασιν.
484 2529 547 2579 Οί
575 2526 633 2579 δέ
660 2528 832 2580 κοινοὶ
866 2526 1055 2589 παῖδες
1082 2527 1158 2590 ώς
1190 2526 1417 2597 ἀστέρες
1445 2526 1690 2595 λαμπροὶ

127 2618 206 2670 τοῦ
234 2618 397 2689 δόμου
426 2620 589 2689 πέριξ
615 2621 954 2691 ίστόρηνται,
991 2623 1115 2684 ταῖς
1153 2620 1445 2690 βασιλείοις
1469 2622 1564 2673 καὶ
1589 2620 1689 2673 αὑ-

124 2711 195 2763 τοὶ
214 2712 429 2776 στολαῖς
465 2714 560 2767 καὶ
595 2716 709 2776 toi;
734 2714 1009 2784 στέμμασι
1041 2714 1556 2783 καταγλαῒζόμενοι.
1588 2706 1688 2765 Ὧν

122 2804 162 2853 oi
190 2804 285 2871 μὲν
310 2804 545 2875 ἄρρενες
574 2804 775 2874 τόμους
808 2804 1195 2874 ἐπιφερόμενοι
1228 2804 1540 2857 δείκνυνται
1587 2803 1685 2865 τὰς

122 2892 253 2958 θείας
275 2895 524 2961 ἐντολὰς,
550 2890 639 2960 αἷς
658 2898 891 2966 στοιχεῖν
911 2894 1273 2960 ἐπαιδεύοντο,
1296 2895 1650 2965 περιέχοντας
1668 2910 1682 2925 ·

117 2983 167 3036 τὸ
189 2985 242 3038 δὲ
294 2986 436 3057 θῆλυ
477 2987 634 3055 γένος
680 2988 776 3041 καὶ
813 2987 945 3040 αὐτὸ
1003 2986 1219 3057 βίϐλους
1250 2987 1403 3050 τινὰς
1454 2986 1685 3054 κατέχον

114 3074 313 3141 δρᾶται,
354 3076 543 3144 νόμων
574 3076 735 3128 θείων
759 3075 987 3145 ἐχούσας
1034 3075 1318 3143 περιοχὴν,
1356 3074 1682 3145 βουλομένου

1818 614 2105 669 superans.
2149 601 2341 655 Statim
2402 602 2549 657 enim
2617 601 2670 656 in
2734 606 3030 673 pavimenti
3091 609 3395 664 meditullio

1818 703 1977 754 pavo,
2016 687 2137 742 avis
2171 687 2399 751 Medica,
2434 704 2502 745 ex
2543 690 2854 759 praelucidis
2923 694 3216 749 tessellulis
3252 695 3390 763 lapi-

1815 781 1952 833 cidte
1982 778 2215 834 artificio
2259 780 2470 837 edictus
2516 792 2621 845 est,
2652 784 3044 839 rotundissima
3082 786 3289 841 circulo
3324 804 3386 840 ex

1813 869 1978 925 (‘ario
2012 871 2190 940 lapide
2225 871 2492 937 inclusus,
2514 889 2580 928 ex
2612 890 2725 945 quo
2761 874 2898 929 radii
2927 876 3169 945 ejusdem
3194 877 3388 946 lapidis

1811 963 1865 1017 in
1926 964 2095 1017 alium
2156 964 2420 1033 majorem
2463 965 2729 1021 circulum
2787 966 3052 1022 immeant
3101 958 3387 1041 (extraque

1808 1069 1932 1109 cum
1973 1056 2136 1109 etiam
2168 1056 2335 1110 veluti
2365 1056 2587 1126 quidam
2622 1058 2722 1113 rivi
2763 1059 2879 1114 sive
2928 1059 3079 1114 ﬂuvii
3114 1077 3179 1116 ex
3209 1060 3382 1119 Thes-

1807 1146 1976 1200 salico
2008 1147 2198 1202 viridis
2233 1148 2437 1204 coloris
2473 1149 2651 1219 lapide
2675 1150 2742 1204 ad
2774 1164 3012 1220 quatuor
3048 1153 3182 1207 mdis
3212 1168 3380 1225 angu-

1808 1236 1889 1292 los
1922 1236 2271 1311 funduntur).
2302 1241 2561 1296 interiore
2581 1242 2705 1298 sinu
2740 1253 2978 1312 quatuor
3001 1245 3215 1314 aquilas
3232 1245 3384 1301 vario

1762 1370 1765 1375 λ
1806 1327 2099 1397 subtilique
2161 1330 2439 1386 tessellata
2498 1345 2664 1401 opere
2715 1333 3179 1402 constringentes,
3228 1343 3381 1391 tanta

1802 1419 2156 1488 expressione
2181 1420 2371 1489 sicque
2390 1430 2645 1475 accurata
2709 1423 2786 1477 rei
2818 1423 3123 1478 imitatione
3159 1431 3218 1477 ut
3245 1424 3367 1481 illas

1803 1508 1986 1563 vivere
2015 1525 2081 1564 ac
2123 1509 2238 1578 jam
2286 1510 2503 1579 iamque
2560 1510 2797 1565 volatum
2865 1512 3046 1566 moliri
3092 1511 3375 1582 coniicias.

1801 1600 2042 1656 Parietes
2073 1602 2335 1671 utrinque
2375 1603 2581 1658 crustis
2614 1602 2804 1657 vitreis
2837 1604 2971 1656 varii
3000 1605 3200 1659 coloris
3242 1620 3378 1660 con-

1800 1701 2081 1761 teguntur,
2129 1692 2209 1747 sic
2243 1694 2500 1748 nimirum
2535 1702 2595 1748 ut
2640 1692 2875 1748 diversis
2913 1693 3238 1750 interstincti
3280 1695 3377 1749 ﬂo-

1800 1784 1953 1838 ribus
1984 1783 2163 1852 iisque
2196 1799 2427 1839 vernare
2466 1784 2779 1839 videantur.
2816 1785 2991 1854 Super
3024 1801 3119 1841 eos
3145 1795 3376 1842 ornatus

1799 1876 1941 1930 alius
1974 1875 2316 1945 prmﬂoridus
2349 1875 2469 1929 auri
2502 1878 2925 1946 compositione,
2958 1892 3069 1946 quo
3116 1877 3374 1933 inferiora

1797 1981 1827 2019 a
1856 1965 2232 2036 superioribus
2278 1965 2623 2037 interstingui
2666 1966 2939 2021 videntur.
2980 1964 3240 2036 Sequitur
3268 1969 3373 2024 alia

1797 2068 2055 2113 venustas
2091 2073 2157 2113 ex
2206 2058 2391 2113 aureis
2422 2058 2736 2122 tessellulis,
2772 2057 3160 2128 imperatorem
3190 2058 3372 2128 operis

1794 2165 2071 2206 auctorem
2116 2152 2168 2206 in
2203 2151 2402 2205 throno
2446 2150 2732 2205 sedentem
2791 2165 3133 2219 uxoremque
3185 2150 3371 2205 Eudo-

1794 2244 1957 2309 ciam,
2005 2244 2171 2313 regiis
2207 2244 2548 2299 vestimentis
2580 2244 2813 2299 amictos
2843 2259 2907 2298 ac
2945 2244 3167 2298 coronis
3219 2244 3338 2298 redi

1796 2337 1983 2399 tuitos,
2014 2334 2331 2391 ostendens.
2367 2333 2701 2391 Communes
2735 2334 3022 2405 utriusque
3057 2335 3234 2397 liberi,
3268 2350 3370 2389 ceu

1792 2429 1960 2483 stellae
1993 2428 2273 2499 pellucidus
2322 2429 2468 2503 circa
2532 2429 2753 2484 domum
2799 2428 3019 2499 depicti,
3053 2426 3371 2499 Augustali-

1791 2524 1895 2579 bus
1919 2534 1973 2579 ct
2006 2525 2107 2595 ipsi
2139 2524 2384 2580 vestibus
2430 2524 2613 2579 amicti
2663 2522 2992 2594 coronisque
3028 2522 3231 2579 ornati.
3258 2521 3372 2577 Ma-

1790 2617 1926 2671 sculi
1968 2616 2137 2673 libros
2209 2617 2393 2671 ferunt
2446 2617 2629 2672 divina
2686 2617 3028 2671 continentes
3078 2624 3369 2686 praecepta,

1788 2709 1989 2778 quibus
2017 2710 2242 2779 obsequi
2274 2709 2682 2764 erudiebantur.
2720 2708 2958 2763 Femina!
2992 2709 3123 2777 ipsa
3152 2724 3369 2778 quoque

1787 2801 1957 2855 libros
2016 2802 2286 2871 quosdam
2346 2810 2529 2855 tenere
2580 2801 2997 2870 conspiciuntur
3024 2842 3040 2865 ,
3076 2800 3127 2853 in
3167 2801 3369 2869 quibus

1786 2890 2092 2945 divinarum
2123 2890 2303 2960 legum
2334 2898 2655 2960 argumenta
2692 2888 2968 2959 descripta
2999 2898 3147 2944 sunt.
3186 2886 3369 2943 Voluit

1790 2982 1926 3037 forte
1956 2982 2151 3037 artifex
2183 2982 2425 3037 indicare
2474 2997 2583 3036 non
2638 2982 2813 3038 solum
2841 2983 3138 3049 masculos,
3177 2983 3268 3036 sed
3314 2990 3368 3036 et

1788 3074 2019 3129 feminas
2058 3074 2230 3129 sacris
2264 3074 2487 3129 Litteris
2522 3075 2767 3129 cruditas
2806 3088 2931 3130 esse
2985 3090 3049 3129 ac
3084 3073 3364 3142 sapientia

110 3161 264 3227 δεῖξαι
286 3165 384 3218 τοῦ
424 3166 669 3235 τεχνίτου
685 3166 845 3234 τυχὸν
871 3165 1021 3227 ώςοῦ
1051 3165 1211 3233 μόνον
1244 3166 1276 3234 ἡ
1307 3165 1482 3236 ἄρρην
1510 3164 1667 3233 γονὴ,

1787 3167 1986 3222 divina:
2017 3167 2338 3238 participes.
2382 3168 2534 3222 Licet
2587 3167 2751 3239 33h
2801 3167 2946 3223 enim
2996 3168 3111 3238 ipse
3146 3167 3363 3238 generis

109 3255 233 3307 ἀλλὰ
268 3256 367 3310 καὶ
398 3259 433 3326 ἡ
460 3256 646 3327 θήλεια
677 3259 744 3310 τὰ
772 3258 895 3324 ίερΞι
932 3256 1213 3327 μεμύηται
1245 3256 1555 3326 γράμματα
1588 3256 1683 3309 καὶ

105 3348 193 3415 τῆς
226 3349 379 3413 θείας
414 3350 608 3418 σοφίας
639 3350 744 3403 οὐκ
765 3349 915 3402 ἔστιν
947 3350 1234 3419 ἀμέτοχος,
1261 3350 1356 3401 καὶ
1388 3348 1493 3402 κᾶν
1522 3350 1550 3400 ὀ
1582 3367 1683 3416 φυ-

103 3440 363 3511 τοσπόρος
401 3440 610 3494 τούτων
636 3442 736 3495 οὐκ
788 3441 945 3511 ἔσχεν
981 3440 1040 3506 ἐξ
1068 3441 1244 3511 ἀρχῆς
1278 3442 1495 3503 οἰκείως
1546 3441 1680 3512 πρὸς

102 3534 403 3604 γράμματα
440 3534 531 3587 διὰ
560 3536 660 3609 τὴν
692 3535 954 3606 βιωτικὴν
986 3534 1371 3603 περιπέτειαν,
1420 3534 1534 3587 ἀλλ’
1587 3531 1680 3588 οὖν

98 3625 213 3687 τοὺς
266 3626 515 3689 οἰκείους
568 3626 813 3690 ἅπαντας
842 3626 1106 3697 βλαστοὺς
1160 3627 1217 3677 ἐν
1248 3628 1447 3695 μετοχῇ
1490 3625 1679 3692 σοφίας

97 3718 362 3788 πεποίηκε
392 3735 408 3748 ·
440 3717 601 3771 τοῦτο
630 3717 708 3783 δέ,
763 3718 984 3789 καὶτῆς
1026 3717 1265 3788 ἱστορίας
1282 3717 1426 3786 δίχα,
1459 3717 1546 3769 διὰ
1579 3718 1679 3787 τῆς

95 3814 369 3880 γραφικῆς
407 3809 678 3880 ἐϐουλήθη
730 3812 843 3875 τοῖς
899 3811 1071 3881 δρῶσι
1120 3809 1506 3880 σημαίνεσθαι.
1566 3810 1678 3862 Καὶ

90 3899 252 3955 ταῦτα
284 3900 396 3971 μὲν
424 3901 495 3954 τὰ
517 3901 690 3971 κάλλη
722 3901 801 3972 τῷ
829 3904 1164 3973 τετραμερεί
1185 3902 1293 3955 τῶν
1319 3902 1515 3971 τοίχων
1547 3902 1677 3971 ἄχρι

88 3990 179 4060 τῆς
222 3991 444 4063 ὀροφῆς
487 3992 837 4063 περιέχεται’
872 3993 1014 4063 αὑτὴ
1064 3994 1119 4046 δὲ
1146 3995 1179 4063 ή
1230 3992 1325 4045 τοῦ
1358 3993 1403 4025 ⁸⁷
1434 3992 1675 4047 τοιούτου

87 4083 342 4146 κοιτῶνος
380 4084 560 4153 ὀροφὴ
598 4085 699 4137 οὐκ
738 4086 1072 4153 ἀνεστηκυῖα
1105 4086 1240 4157 πρὸς
1272 4083 1405 4154 ὕψος
1454 4086 1676 4155 ἐπαίρε-

86 4189 185 4237 ται,
216 4172 361 4228 ἀλλὰ
394 4172 477 4245 τῷ
504 4175 841 4245 τετραγώνῳ
872 4177 1112 4245 σχήματι
1146 4178 1259 4239 τοῖς
1285 4177 1485 4245 τοίχοις
1512 4176 1676 4243 ἐγκά-

85 4262 260 4334 θηται.
298 4267 523 4337 χρυσίῳ
545 4266 729 4321 διόλου
765 4268 1219 4339 κατηγλαῖσμένη
1244 4270 1339 4321 καὶ
1361 4268 1671 4334 στίλϐουσα,

82 4355 217 4409 κατὰ
246 4356 312 4409 τὸ
343 4357 683 4427 μεσαίτατον
715 4357 957 4428 φέρουσα
985 4358 1077 4411 τὸν
1106 4359 1381 4412 νικοποιδν
1415 4360 1669 4428 σταυρὸν,

80 4442 219 4515 ὑάλῳ
271 4447 510 4517 πρασίῳ
566 4446 1061 4516 διαμορφούμενον,
1101 4446 1229 4515 περὶ
1279 4447 1338 4499 δν
1392 4447 1467 4509 ὡς
1496 4448 1673 4517 ἄστρα

1786 3268 1981 3315 auctor
2031 3271 2305 3330 caputque
2338 3260 2559 3315 familiae
2602 3259 2748 3313 haud
2781 3275 3011 3328 prorsus
3044 3259 3200 3312 initio
3231 3273 3363 3329 erga

1787 3353 1999 3408 litteras
2058 3369 2327 3422 propcnse
2388 3355 2662 3407 animatus
2709 3361 2853 3407 esset
2911 3352 2981 3406 ob
3028 3351 3151 3405 vitze
3202 3350 3361 3404 aliam

1784 3444 2059 3514 aliamque
2094 3455 2296 3499 sortem
2328 3459 2604 3514 casusque
2632 3443 2900 3505 dimciles,
2936 3458 3151 3498 omnem
3182 3450 3360 3495 tamen

1782 3537 2023 3593 sobolem
2055 3537 2321 3607 sapientia
2363 3536 2535 3590 imbui
2567 3538 2798 3591 curavit.
2830 3538 3008 3604 Atque
3037 3534 3162 3598 hoc,
3198 3534 3359 3587 etiam

1784 3638 2001 3683 tacente
2046 3628 2295 3693 historia,
2326 3644 2422 3698 per
2456 3628 2724 3697 picturam
2782 3626 2955 3679 voluit
3010 3625 3363 3680 cernentibus

1783 3722 2147 3791 conspicuum
2199 3737 2339 3776 esse.
2388 3720 2566 3791 Atque
2629 3721 2744 3774 haec
2792 3718 2988 3772 decora
3034 3717 3085 3771 in
3126 3727 3363 3786 quatuor

1781 3817 2052 3884 parietum
2088 3814 2353 3869 lateribus
2399 3813 2464 3867 ad
2517 3820 2721 3867 tectum
2777 3827 2953 3881 usque
3003 3810 3356 3865 exhibentur.

1780 3909 2011 3965 Tectum
2042 3917 2225 3963 autem
2260 3907 2425 3975 hujus
2448 3905 2686 3962 cubiculi
2718 3922 2825 3959 non
2869 3905 2923 3958 in
2975 3902 3209 3957 sublime
3235 3904 3358 3956 seSe

1778 4000 2031 4071 porrigit,
2078 4001 2172 4055 sed
2230 3999 2406 4053 forma
2438 4008 2719 4068 tetragono
2772 3995 3076 4066 parietibus
3133 3993 3356 4059 insidet,

1777 4107 1910 4146 auro
1939 4100 2111 4146 totum
2154 4089 2580 4145 condecoratum
2610 4086 2841 4157 ejusque
2885 4085 3095 4154 fulgore
3126 4083 3353 4137 micans.

1776 4180 1833 4233 in
1864 4181 2044 4235 medio
2076 4180 2257 4235 crucis
2289 4178 2570 4233 victoriale
2622 4177 2875 4247 signum,
2908 4176 3048 4229 vitro
3085 4173 3242 4228 viridi
3274 4172 3359 4227 ef-

1777 4273 2095 4328 formatum.
2129 4272 2285 4327 Circa
2311 4286 2527 4325 crucem
2554 4269 2700 4323 velut
2730 4269 2917 4323 stellas
2948 4267 3000 4320 in
3040 4266 3180 4322 cwlo
3200 4265 3357 4319 eﬂ‘ul-

1775 4374 1964 4436 gentes
1994 4364 2223 4429 videbis,
2254 4364 2428 4432 ipsum
2471 4362 2842 4431 percelebrem
2876 4361 3257 4430 imperatorem
3292 4374 3357 4412 ac

1774 4472 1899 4511 cum
1950 4455 2139 4509 liberis
2195 4454 2453 4509 omnibus
2488 4454 2659 4522 ipsam
2712 4452 3026 4521 cuujngem,
3066 4465 3259 4504 manus
3287 4450 3352 4503 ad

77 4540 190 4591 κατ’
215 4539 464 4609 οὐρανὸν
491 4539 660 4611 θεάσῃ
687 4540 1042 4609 ἐκλάμποντα
1076 4542 1238 4593 αὐτόν
1290 4557 1349 4594 τε
1380 4540 1470 4594 τὸν
1500 4540 1667 4595 ἀοίδι-

1787 4549 1945 4604 Deum
1979 4548 2333 4603 snstollentes
2386 4563 2450 4602 ac
2480 4547 2661 4601 crucis
2694 4545 2969 4600 vivificnnt
3026 4544 3265 4615 signum,
3302 4554 3357 4597 et

78 4646 171 4698 μον
222 4631 471 4701 βασιλέα
504 4632 598 4685 καὶ
624 4633 762 4701 μετὰ
794 4631 903 4685 τῶν
931 4633 1137 4686 τέκνων
1165 4632 1384 4686 πάντων
1411 4634 1511 4704 τὴν
1545 4634 1673 4687 σύν-

76 4737 246 4789 ευνον,
306 4722 459 4792 πρός
515 4741 577 4776 τε
633 4723 767 4776 Θεὸν
828 4724 923 4777 καὶ
980 4728 1043 4777 τὸ
1097 4726 1193 4777 τοῦ
1258 4728 1494 4797 σταυροῦ
1530 4728 1668 4793 ζωο-

74 4815 218 4866 ποιὸν
249 4813 343 4887 [Ρ.
403 4813 537 4887 206]
572 4818 796 4885 σημεῖον
819 4814 919 4878 τὰς
950 4817 1138 4886 χεῖρας
1172 4817 1523 4887 ἐπαίροντας,
1575 4821 1670 4873 καὶ

67 4902 220 4956 τοῦτο
250 4904 433 4973 μόνον
463 4904 585 4974 οὐχὶ
612 4903 871 4974 βοῶντας,
898 4905 981 4958 δτι
1041 4905 1144 4959 Διὰ
1165 4905 1339 4959 τοῦδε
1368 4907 1473 4961 τοῦ
1502 4926 1666 4963 νικο-

67 4994 237 5049 ποιοῦ
268 4996 605 5063 συμϐόλου
659 4994 783 5050 πᾶν
808 4996 1037 5065 ἀγαθὸν
1066 4998 1166 5052 καί
1206 5002 1389 5069 φίλον
1439 5003 1561 5068 Θεῷ
1596 5004 1667 5056 ἐν

65 5086 189 5152 ταῖς
216 5088 489 5156 ἡμέραις
516 5086 624 5154 τῆς
654 5088 943 5156 ήμέτερας
984 5090 1310 5158 βασιλείας
1334 5092 1663 5164 διαπέπρα-

64 5200 190 5237 κται
214 5183 317 5237 καί
347 5181 754 5249 κατώρθωται.
790 5185 1111 5256 ΙΙεριέχεται
1136 5187 1192 5239 δέ
1228 5188 1319 5239 καὶ
1343 5188 1663 5259 εὐχαριστία

64 5274 481 5345 ἐγγράμματος
526 5273 681 5343 παρά
717 5291 777 5327 τε
810 5276 917 5328 τῶν
955 5278 1241 5343 φυσάντων
1272 5279 1413 5349 ὑπὲρ
1443 5280 1549 5332 τῶν
1577 5282 1663 5333 τέ-

61 5382 197 5420 κνων
225 5368 521 5437 λεγομένη
553 5367 690 5437 πρὸς
714 5367 803 5421 τὸν
840 5369 973 5423 Θεὸν
1006 5371 1100 5423 καὶ
1131 5372 1285 5441 παρὰ
1312 5371 1421 5424 τῶν
1450 5374 1656 5426 τέκνων

60 5455 211 5521 αὖθις
240 5459 399 5529 ὑπὲρ
448 5457 560 5509 τῶν
591 5458 955 5529 γεννητόρων.
1017 5460 1124 5513 Καὶ
1172 5463 1205 5532 ἡ
1241 5463 1338 5532 μὲν
1368 5462 1519 5533 παρὰ
1548 5464 1657 5516 τῶν

58 5546 260 5613 γονέων
290 5546 527 5617 ρῦτωσί
562 5563 679 5610 πως
711 5549 804 5601 ἐπὶ
856 5549 1055 5614 λέξεως
1093 5552 1291 5621 ἔχουσα
1342 5552 1651 5605 δείκνυται·

59 5639 581 5711 είνχαριστοῦμέιι
596 5654 718 5705 σοι,
743 5641 849 5696 Θεὲ
885 5644 1225 5714 ὐπεράγαθε
1255 5646 1353 5700 καί
1391 5646 1657 5709 βασιλεῦ

1774 4650 1983 4696 tantum
2017 4657 2125 4696 non
2158 4640 2461 4693 clamantes
2494 4654 2507 4689 :
2547 4638 2650 4692 Per
2673 4639 2769 4691 hoc
2799 4634 3078 4690 victoriale
3112 4636 3348 4705 signum,

1771 4734 2026 4806 quidquid
2080 4734 2273 4787 bonum
2319 4731 2526 4802 Deoque
2586 4739 2877 4798 acceptum,
2927 4728 3139 4796 imperii
3176 4726 3347 4780 nostri

1774 4827 2091 4896 temporibus
2121 4835 2322 4895 gestant
2352 4834 2427 4878 est
2458 4840 2518 4875 ac
2540 4833 2835 4891 peractum.
2871 4818 3195 4876 Continetur
3220 4834 3352 4873 vero

1770 4918 1935 4973 etiam
1968 4916 2269 4986 gratiarum
2304 4916 2447 4968 actio
2479 4913 2676 4967 litteris
2705 4919 2949 4974 exarata,
2970 4926 3031 4963 ex
3065 4918 3349 4979 parentum

1769 5024 2003 5081 persona
2042 5024 2142 5077 pro
2184 5006 2395 5071 liberis,
2451 5022 2627 5075 exque
2670 5004 2963 5058 liberorum
3006 5016 3198 5056 rursus
3228 5015 3353 5071 per-

1768 5116 1903 5155 sona
1929 5099 1994 5154 ad
2030 5100 2199 5153 Deum
2228 5098 2372 5152 dit-ta
2402 5112 2497 5163 pro
2534 5095 2869 5164 parentibus.
2906 5092 3194 5147 Parentum
3227 5106 3356 5159 gra-

1767 5192 1964 5247 tiarum
1992 5191 2135 5244 actio
2177 5190 2257 5245 sit:
2301 5206 2359 5244 se
2396 5188 2461 5242 ad
2492 5188 2719 5241 verbum
2747 5185 2944 5239 habere
2967 5183 3308 5253 dignoscitur
3334 5202 3348 5239 ε

1769 5285 1982 5339 Gratias
2017 5284 2112 5336 tibi
2152 5284 2381 5353 agimus,
2428 5281 2590 5345 Deus,
2616 5296 2817 5332 omnem
2843 5282 3096 5332 excedens
3130 5277 3353 5329 bonita~

1768 5388 1893 5439 tem,
1922 5387 1971 5431 et
2001 5374 2111 5428 Rea:
2142 5391 2341 5445 regum,
2382 5373 2521 5443 quod
2548 5389 2641 5425 nos
2672 5371 2850 5424 liberis
2894 5370 3113 5437 stipasti
3139 5368 3351 5439 agenti-

1768 5471 1862 5523 bus
1901 5469 2103 5539 gratias
2128 5467 2529 5536 magniﬁcentia:
2569 5462 2896 5517 mirabilium
2956 5470 3189 5513 tuorum.
3254 5455 3351 5512 Ve-

1766 5576 1880 5613 rum
1912 5574 2059 5611 serva
2097 5573 2183 5610 eos
2229 5558 2283 5610 iu
2321 5556 2584 5609 voluntate
2614 5564 2727 5617 tua,
2759 5569 2821 5608 ne
2845 5553 2961 5624 quis
2984 5565 3164 5605 eorum
3186 5549 3354 5619 qui/l-

1765 5666 1923 5718 qnam
1948 5648 2372 5719 trunsgrediatnr
2396 5646 2771 5701 mandatorum
2824 5654 3060 5710 tuorum,
3093 5640 3259 5714 335
3296 5654 3350 5694 ut

1349 5740 1585 5796 ΥΑΒΙᾸΞ
1614 5741 2021 5798 LECTIOMiS.

125 5835 170 5868 ⁸’
200 5834 354 5907 αὕτη
383 5831 453 5887 δέ
485 5830 576 5886 τοῦ
606 5832 669 5887 l'.
