4154 6446
131 408 223 472 353

1176 405 1322 466 LIB.
1359 406 1428 466 V.
1466 428 1531 441 ’-
1558 404 1917 466 DASILIUS
1956 404 2280 465 MACEDO.

3258 406 3360 471 355

131 521 199 594 τῷ
240 518 517 587 σιτίζεσθαι
554 520 648 574 τὸν
683 521 859 574 ἐκεῖσε
885 519 1028 575 θεῖον
1061 519 1187 574 ναδν
1214 520 1316 591 τῆς
1349 519 1689 591 μεταθέσεως

1800 520 1940 576 circa
1967 534 2060 576 eas
2112 519 2228 574 loco
2257 518 2459 574 abolito
2508 527 2764 575 eesaruut
2819 516 2911 587 qui
2944 516 3008 571 ad
3069 515 3214 588 ip<as
3253 515 3363 571 ludi

131 613 295 685 ιτυχε,
325 614 418 667 καὶ
439 609 707 684 ἠλλοιώθη
741 611 852 665 τῶν
876 611 1061 682 μερῶν
1091 612 1124 681 ἡ
1160 613 1289 685 περὶ
1323 612 1528 675 ταύτας
1575 611 1688 666 δια-

128 705 295 777 τριϐὴ,
323 704 414 757 καὶ
450 704 746 774 ἀπεπαύθη
779 703 849 758 τὰ
882 702 1186 775 τελούμενα
1234 704 1354 758 κατ’
1393 703 1582 768 αὐτάς.

87 823 90 825 »
190 791 290 860 l._a.'.
336 795 522 857 Ἐκτὺς
555 795 615 847 δὲ
639 794 748 847 τῶν
776 794 1087 864 εἰρημένων
1117 794 1209 846 τοῦ
1245 793 1412 846 αὐτοῦ
1437 792 1689 861 γενναίου

129 887 379 957 βασιλέως
414 887 577 956 ἔργον
628 889 722 941 καὶ
751 889 780 940 6
809 887 879 940 τε
921 887 1198 955 Μὰγγανα
1227 887 1515 957 λεγόμενος
1546 883 1692 948 οἶκος

128 976 409 1046 βασιλικὸς,
474 978 570 1029 καὶ
626 979 656 1029 6
711 976 830 1040 νέος
867 972 1019 1038 οἶκος
1051 975 1408 1044 καλούμενος,
1465 974 1558 1037 οὓς
1584 975 1692 1027 ἀπὸ

123 1068 369 1138 τοιαύτης
393 1069 767 1139 προαιρέσεως
794 1067 1222 1121 κατεσκεύασενο
1251 1068 1343 1138 Μὴ
1375 1066 1692 1136 βουλόμενος

123 1161 221 1233 γὰρ
271 1162 338 1214 τὰ
365 1161 605 1230 δημόσια
648 1163 930 1231 χρήματα,
963 1162 1108 1232 ἅπερ
1154 1161 1205 1214 oi
1236 1161 1300 1212 ὲκ
1331 1160 1424 1212 τοῦ
1449 1158 1692 1228 ὑπηκόου

126 1253 268 1323 φόροι
303 1252 604 1320 γεννῶντες
652 1251 998 1319 αὐξάνουσιν,
1031 1253 1112 1316 είς
1164 1251 1371 1314 οίκείας
1407 1251 1684 1304 καταναλί·

124 1360 266 1396 σκεεν
290 1343 481 1413 χρείας
509 1343 603 1396 καὶ
628 1341 737 1397 τῶν
759 1343 863 1396 ἀνὰ
886 1344 994 1397 πᾶν
1015 1342 1135 1406 ἔτος
1173 1343 1262 1396 ὐπ’
1293 1342 1460 1396 αὐτοῦ
1492 1341 1692 1411 κεκλη-

125 1435 292 1505 μένων
312 1434 358 1467 ⁸*
373 1433 608 1498 καὶτοὺς
628 1435 888 1505 stipem!"
909 1435 1105 1499 πόνους
1131 1435 1231 1506 τὴν
1254 1435 1459 1489 τούτων
1488 1436 1696 1506 τράπε-

122 1528 215 1591 ζαν
243 1527 459 1598 ἡδύνειν
489 1527 523 1596 ἦ
549 1530 892 1596 συγκροτεῖν,
923 1530 1050 1589 τούς
1074 1528 1352 1590 τοιούτους
1381 1526 1564 1589 οἴκους
1603 1528 1696 1578 ἑπ-

123 1619 397 1689 ενοήσατο,
434 1618 531 1671 καὶ
566 1618 864 1688 προσόδους
920 1621 986 1671 ὲκ
1021 1619 1294 1688 γεωργίας
1326 1616 1594 1681 ἀπέταξεν
1638 1617 1695 1668 ὲν

123 1710 298 1772 αὐτοῖς
356 1708 572 1774 ἱκανὰς,
613 1709 708 1777 ἀφ’
735 1702 810 1762 ὧν
853 1708 1166 1780 ἡβασιλικὴ
1202 1708 1498 1762 πανδαισία
1529 1707 1693 1759 αὐτοῦ

119 1817 176 1852 τε
210 1801 304 1852 καὶ
331 1799 440 1852 τῶν
465 1801 582 1870 μετ’
609 1800 773 1852 αὐτὸν
799 1801 1032 1869 ἄφθονον
1067 1802 1156 1854 καὶ
1197 1801 1412 1856 δικαίαν
1441 1803 1540 1874 τὴν
1569 1819 1696 1872 χορ-

1792 611 2012 668 flebant.

1864 790 2026 862 337
2057 791 2147 848 9|.
2203 789 2403 846 Prazter
2445 791 2557 862 jam
2619 791 2783 855 dicta,
2819 793 3061 862 ejusdem
3116 797 3362 864 generosi

1796 883 2143 953 imperatoris
2179 898 2320 953 Opus
2355 892 2440 938 est
2498 885 2642 952 regia
2677 882 2874 939 domus
2907 884 3172 954 Mangana
3227 903 3365 942 nun-

1793 985 2010 1044 cupata,
2041 984 2097 1030 et
2125 972 2295 1039 Nova,
2326 991 2462 1045 quas
2491 990 2558 1030 eo
2586 976 2814 1029 consilio
2841 982 3131 1032 exstruxit:
3161 979 3365 1033 Nolens

1793 1067 1939 1121 enim
1977 1066 2226 1136 publicas
2252 1079 2407 1136 epes,
2439 1083 2580 1137 quas
2607 1068 2950 1123 subditorum
2984 1069 3187 1123 tributa
3234 1087 3365 1124 con-

1793 1157 1990 1213 ﬂarent
2019 1167 2184 1228 atque
2215 1167 2496 1228 augerent,
2524 1159 2579 1213 in
2611 1174 2742 1215 suos
2771 1161 2886 1229 ipse
2915 1176 3067 1224 usus,
3101 1161 3366 1215 aliorum-

1795 1265 1880 1312 ve,
1907 1263 2046 1316 quos
2077 1263 2172 1316 per
2200 1256 2417 1303 annum
2450 1249 2726 1314 invitaret,
2758 1249 3056 1317 insumere,
3107 1252 3370 1305 aliorum-

1793 1355 1901 1409 que
1930 1340 2143 1395 labores
2174 1340 2372 1394 horum
2430 1339 2638 1394 mensis
2670 1339 2895 1395 delicias
2958 1351 3218 1410 praestare
3274 1351 3369 1396 aut
3419 1370 3422 1373 λ

1795 1433 1915 1487 illas
1941 1436 2234 1498 instruere,
2263 1433 2597 1502 ejuscemodi
2634 1433 2827 1489 domos
2868 1436 3217 1505 excogitavit,
3250 1435 3368 1490 sul-

1797 1525 2150 1594 licientesque
2200 1525 2308 1579 illis
2342 1525 2551 1582 reditus
2585 1541 2652 1581 ex
2692 1541 2948 1597 agrorum
2979 1530 3194 1584 cultura
3224 1530 3366 1584 assi-

1759 1620 2000 1690 ignavit,
2037 1620 2179 1672 unde
2226 1619 2406 1690 regius
2461 1619 2513 1673 in
2565 1621 2719 1674 cibos
2772 1621 3140 1692 alimentaque
3190 1625 3368 1679 omnis

1796 1712 2012 1782 generis
2035 1725 2287 1782 sumptus
2317 1713 2531 1782 sibique
2560 1721 2612 1767 et
2642 1716 3058 1769 successoribus
3090 1716 3143 1769 in
3174 1731 3366 1785 perpe-

1798 1813 1950 1855 tuum
2005 1802 2230 1859 allluens
2282 1803 2538 1872 justaque
2593 1805 2847 1873 aequitate
2902 1805 3260 1860 sulliceretur.
3311 1807 3367 1860 In

119 1892 278 1961 ηγίαν
323 1891 552 1962 ἔμελλεν
587 1892 734 1961 ἔχειν
777 1892 884 1948 ἀεί.
935 1892 1045 1945 Καὶ
1071 1892 1139 1945 τὰ
1166 1893 1224 1944 ὲν
1263 1896 1384 1957 ταῖς
1423 1895 1696 1964 καλουμέ-

1800 1893 1955 1965 Pegis
1995 1910 2238 1965 quoque,
2269 1911 2407 1965 quas
2429 1905 2644 1957 vocant.
2680 1897 2826 1966 regia
2859 1899 3176 1953 mutationis
3201 1914 3366 1952 causa

118 2001 232 2046 ναις
279 1985 338 2039 δὲ
376 1986 590 2053 Πηγαῖς
621 1983 875 2054 βασιλικὰ
913 1984 1224 2055 μεταϐολῆς
1254 1985 1416 2038 ἕνεκα
1449 1984 1697 2053 καταγώ-

117 2093 208 2144 για
230 2077 325 2129 καὶ
356 2077 590 2146 ὲνδιαιτή
601 2093 745 2145 ματα
772 2077 818 2107 ⁸⁸
852 2077 880 2129 6
907 2075 1068 2140 αὐτὸς
1094 2075 1348 2146 βασιλεὺς
1382 2079 1446 2128 ὲκ
1477 2075 1695 2145 βάθρων

117 2169 435 2240 ἀνέστησεν,
465 2169 502 2223 ἅ
529 2173 626 2224 καὶ
656 2171 799 2224 ναῶν
830 2169 1116 2231 καλλοναῖς
1145 2168 1583 2237 κατεκόσμησεν,
1639 2167 1695 2219 ὲν

117 2254 193 2321 οἷς
223 2259 252 2311 ὃ
283 2277 343 2311 τε
383 2257 478 2313 τοῦ
519 2259 706 2327 ’Δγίου
730 2261 1009 2330 προφήτου
1048 2259 1228 2311 Ἠλιού
1263 2259 1520 2327 τυγχάνει
1549 2255 1695 2321 οἶκος

119 2353 316 2416 «me;
375 2356 471 2406 καὶ
503 2355 532 2405 6
577 2352 884 2406 Ἐλισσαίου
934 2353 1029 2406 τοῦ
1059 2353 1272 2405 ἐκείνου
1327 2352 1569 2420 διαδόχου
1602 2352 1697 2403 καὶ

117 2445 396 2516 φοιτητοῦ,
450 2444 529 2498 ἔτι
561 2446 620 2499 δὲ
669 2447 764 2500 καὶ
792 2449 819 2499 6
847 2444 942 2498 τοῦ
981 2445 1211 2515 πρώτως
1263 2444 1420 2516 ὴμῶν
1456 2443 1696 2506 εὐσεϐῶς

119 2535 539 2604 βασιλεύσαντος
569 2537 979 2595 Κωνσταντίνου
1003 2536 1095 2589 τοῦ
1121 2536 1399 2604 Μεγάλου,
1420 2536 1514 2589 καὶ
1536 2538 1564 2588 ό
1588 2535 1696 2588 τῶν

119 2623 394 2690 νεοφανῶν
420 2624 716 2694 μαρτύρων
746 2625 854 2678 τῶν
875 2625 971 2678 δύο
1000 2627 1095 2678 καὶ
1145 2625 1578 2695 τεσσαράκοντα,
1604 2626 1695 2678 καὶ

118 2713 250 2782 πρὸς
279 2713 492 2777 τούτοις
524 2715 703 2785 ἕτεροι
741 2715 837 2769 δύο
891 2713 1031 2769 οἶκοι
1077 2717 1358 2787 εὐκτήριοι
1401 2718 1480 2780 είς
1522 2717 1696 2785 ὄνομα

118 2805 209 2857 καὶ
245 2804 410 2869 δόξαν
429 2807 669 2870 εὐσεϐῶς
693 2807 1021 2877 δομηθέντες
1051 2810 1151 2876 τῆς
1172 2809 1538 2878 Θεομήτορος.
1584 2809 1696 2861 Καὶ

119 2897 173 2948 εν
197 2899 310 2959 τοῖς
344 2899 442 2966 τῆς
483 2897 702 2968 Ἱερείας
735 2898 792 2952 δὲ
825 2900 1110 2962 παλατίοις
1147 2900 1241 2952 τοῦ
1277 2899 1442 2953 αὐτοῦ
1485 2902 1695 2971 προφή-

117 3005 206 3040 του
250 2989 434 3042 Ἡλιου
471 2992 617 3061 ἱερὸν
636 2991 926 3060 εὐκτήριον
958 2991 1280 3061 ἑδομήσατο,
1325 2991 1411 3064 [Ρ.
1443 2991 1574 3061 208]
1604 2995 1694 3044 οὐ·

117 3081 262 3144 δενδς
284 3082 396 3134 τῶν
427 3083 606 3137 ἄλλων
637 3085 694 3136 ὲν
724 3083 909 3137 κάλλει
933 3084 1026 3136 καὶ
1052 3084 1349 3154 ὡραιότητι
1375 3083 1695 3154 κρινόμενον

115 3172 398 3242 δεύτερον.

1796 1991 2095 2046 diversoria
2121 2005 2185 2044 ae
2224 1989 2533 2044 habitacula
2567 1991 2708 2043 idem
2749 1991 3041 2059 imperator
3088 2007 3116 2045 a
3173 1991 3370 2045 tunda-

1795 2086 1995 2141 mentis
2020 2085 2192 2139 erexit
2226 2099 2620 2154 sacrarumque
2648 2084 2845 2138 aedium
2880 2084 3173 2139 structuris
3203 2100 3364 2138 exor-

1795 2178 1967 2230 navit.
2010 2176 2152 2231 lnter
2183 2192 2277 2231 eas
2304 2185 2388 2232 est
2417 2177 2591 2230 sancti
2637 2179 2914 2246 propheta:
2963 2176 3093 2230 Elia:
3143 2193 3367 2231 venerao

1797 2269 1921 2323 bilis
1950 2269 2114 2331 aedes,
2144 2269 2377 2338 ejusque
2407 2269 2745 2322 successoris
2773 2277 2826 2321 et
2869 2268 3120 2336 discipuli
3153 2266 3366 2332 EliSiBl;

1797 2376 1896 2415 nec
1933 2375 2037 2413 non
2069 2364 2189 2428 ejus
2245 2361 2335 2430 qui
2375 2361 2585 2428 primus
2623 2360 2764 2428 apud
2796 2375 2897 2414 nos
2932 2359 3222 2425 imperium
3283 2360 3369 2429 pie

1796 2452 2246 2517 administravit,
2303 2452 2650 2510 Constantini
2710 2449 2926 2518 Magni,
2997 2465 3372 2519 novorumque

1798 2555 2096 2613 martyrum
2121 2543 2480 2612 quadraginta
2516 2535 2775 2597 duorutu‘.
2807 2541 3075 2596 Praeterea
3103 2543 3224 2594 alia:
3251 2541 3371 2594 dua:

1797 2633 1940 2690 (edes
1972 2635 2247 2697 oratoria,
2284 2634 2334 2686 in
2368 2649 2564 2687 nomen
2593 2643 2646 2688 et
2671 2634 2897 2701 gloriam
2930 2642 3130 2687 sanctae
3157 2632 3250 2687 Dei
3270 2647 3370 2702 pa-

1796 2727 1965 2780 rentis
2013 2727 2264 2794 religiose
2293 2734 2608 2780 exstructas.
2655 2725 2710 2778 lu
2750 2724 2943 2780 llieria‘.
2974 2740 3190 2796 quoque
3220 2725 3370 2794 pala-

1801 2817 1891 2872 tiis
1923 2817 2170 2886 ejusdem
2218 2818 2495 2886 propheta:
2537 2816 2666 2871 Eliae
2712 2816 3009 2870 oratorium
3043 2816 3371 2880 construxit,

1797 2909 1942 2978 quod
1977 2909 2113 2962 nulli
2140 2909 2230 2962 alii
2263 2908 2668 2979 pulchritudine
2693 2916 2746 2962 et
2774 2908 3037 2978 elegantia
3071 2908 3370 2964 secundum

1795 3002 2160 3058 existimatur.

181 3268 292 3336 [ιβ’.
336 3269 426 3321 Ἐν
447 3269 503 3321 δὲ
543 3271 664 3331 ταῖς
693 3270 970 3332 τοιαύταις
1005 3270 1146 3324 κατὰ
1181 3271 1572 3340 μεταφοίτησιν
1603 3269 1697 3323 καὶ

1869 3271 1959 3327 92.
1997 3269 2052 3325 In
2085 3271 2192 3326 illis
2223 3270 2537 3326 mutatoriis
2573 3271 2737 3340 regiis
2763 3269 2972 3324 aedibus
3001 3283 3066 3324 ac
3096 3268 3374 3322 habitacu-

116 3357 428 3427 μεταϐολὴν
455 3358 750 3428 βασιλείοις
781 3359 1088 3429 διατριϐαῖς
1118 3362 1213 3412 καὶ
1235 3360 1536 3431 δεξαμενὴν
1563 3377 1698 3427 τυγ-

113 3449 385 3518 χάνουσαν
427 3447 637 3512 ὕδατος,
674 3451 916 3521 μεγάλην
945 3467 1005 3503 τε
1036 3453 1144 3516 καὶ,
1172 3450 1506 3520 εὐρύχωρον,
1540 3451 1698 3521 ἔργον

113 3542 206 3596 καὶ
257 3542 484 3611 πόνημα
525 3540 620 3595 τοῦ
649 3542 1011 3604 καλλύναντος
1067 3543 1330 3611 βασιλέως
1364 3543 1486 3596 κατ’
1526 3545 1699 3614 ἀρχὰς

111 3636 171 3686 τὸ
195 3633 556 3702 προάστειον,
577 3634 683 3686 ὑπὸ
704 3633 760 3686 δὲ
783 3634 874 3687 τοῦ
912 3633 1177 3704 βασιλέως
1224 3633 1545 3705 Ἡρακλείου
1571 3652 1700 3702 συγ-

111 3726 422 3799 χωσθεῖσαν
449 3726 543 3779 καὶ
569 3723 870 3795 γεωθεῖσαν
906 3728 1000 3781 καὶ
1035 3726 1443 3796 καταφύτευσιν
1465 3725 1696 3796 δεξαμέο

111 3835 209 3887 νην
227 3816 468 3888 δένδρων
501 3832 558 3871 τε
594 3817 690 3871 καὶ
707 3816 978 3887 λαχάνων,
1001 3815 1255 3886 καθάπερ
1281 3816 1374 3871 καὶ
1399 3816 1454 3869 αι
1476 3815 1585 3868 τῶν
1611 3816 1702 3887 βα-

112 3910 345 3964 σιλικῶν
364 3907 649 3963 παλατίων
669 3903 826 3964 οὖσαι
851 3909 1022 3973 ἐντὸς,
1039 3908 1074 3980 ἡ
1106 3924 1165 3962 τε
1191 3908 1299 3980 πρὸ
1317 3907 1416 3979 τῆς
1440 3906 1702 3976 Μαγναύ-

114 4019 213 4075 ρας
248 4001 353 4058 καὶ
373 4002 408 4072 ἠ
447 4000 654 4072 μεταξύ
680 4000 772 4056 τοῦ
805 4017 866 4056 τε
905 4001 1284 4057 ’Ῑουστινιανοῦ
1308 4001 1582 4074 τρικλίνου
1611 4003 1703 4058 καὶ

112 4094 204 4149 τοῦ
239 4095 346 4165 τῆς
392 4092 714 4156 Ἑκθέσεως,
747 4093 948 4157 αῖτινες
973 4092 1070 4148 καὶ
1099 4092 1263 4147 αὐταὶ
1298 4090 1442 4158 ὓδωρ
1471 4093 1702 4161 ἄφθονον

114 4189 345 4258 ἐχουσαι
370 4185 467 4237 καὶ
509 4185 697 4254 ἰχθύας
729 4186 864 4252 πρὸς
892 4185 1085 4254 τέρψιν
1118 4186 1211 4237 καὶ
1261 4186 1439 4254 ἄγραν
1471 4183 1578 4236 τῶν
1607 4184 1704 4253 βαι

117 4280 314 4332 σιλὲων
348 4278 740 4349 ὲκτρέφουσαι,
774 4278 878 4330 ὐπὸ
901 4276 994 4329 τοῦ
1041 4277 1210 4330 αὐτοῦ
1247 4277 1511 4347 βασιλέως
1547 4279 1703 4346 ὴπει-

119 4371 383 4440 ρωθεῖσαι
414 4371 494 4430 είς
545 4367 894 4438 παραδείσων
931 4367 1280 4437 κατασκευὴν
1327 4368 1704 4436 ἐχρημάτισαν

114 4463 198 4515 δαῒ.
227 4463 292 4514 τὸ
337 4461 615 4529 Στέφανον
654 4460 744 4512 τὸν
781 4459 1164 4530 μαθηματικὸν
1202 4458 1301 4527 τὴν
1351 4458 1565 4525 γένεσιν
1609 4459 1703 4510 τοῦ

1802 3363 1868 3418 Iis
1899 3371 2019 3418 erat
2052 3361 2291 3417 cisterna
2325 3360 2490 3432 338
2539 3361 2606 3416 ad
2647 3360 3037 3429 concipiendas
3077 3373 3250 3428 aquas
3286 3360 3374 3412 in-

1800 3471 1934 3525 gens
1963 3469 2029 3510 ac
2056 3465 2267 3523 patens,
2300 3453 2417 3522 ejus
2451 3453 2545 3522 qui
2597 3452 2754 3507 initio
2785 3452 3163 3506 suburbanum
3210 3465 3373 3505 exor-

1800 3557 2026 3602 naverat
2063 3546 2414 3616 imperatoris
2448 3560 2589 3615 opus
2630 3545 2934 3612 laborque:
2978 3543 3071 3599 sed
3104 3543 3172 3598 ab
3202 3542 3375 3612 impe-

1802 3653 1981 3695 ratore
2008 3638 2259 3694 Heraclio
2287 3649 2431 3693 terra
2463 3639 2670 3708 ingesta
2700 3639 2986 3692 obstructa
3011 3635 3189 3690 fuerat
3212 3645 3376 3703 atque

1801 3733 2057 3798 obducta,
2099 3731 2500 3801 arboribusque
2559 3745 2623 3785 ac
2668 3729 2910 3786 oleribus
2959 3728 3196 3792 consita,
3228 3726 3373 3782 haud

1801 3835 1960 3876 secus
2016 3835 2080 3877 ac
2131 3836 2254 3892 qua:
2306 3821 2454 3875 intra
2493 3820 2756 3891 palatium
2788 3829 2966 3882 erant,
2999 3830 3115 3875 tum
3169 3818 3377 3873 scilicet

1802 3927 1925 3984 qua
1959 3922 2085 3969 ante
2109 3912 2485 3984 Magnauram,
2520 3921 2634 3968 tuin
2670 3926 2794 3984 qua
2825 3910 3000 3968 media
3044 3910 3186 3966 inter
3209 3907 3378 3965 Justi-

1804 4003 1954 4061 nlanl
2013 4003 2314 4060 triclinium
2367 4011 2422 4060 et
2468 4001 2800 4069 Ectlieseos;
2851 4014 2990 4073 quas
3024 3999 3193 4070 ipsas,
3244 4011 3370 4056 cum

1802 4110 1974 4168 aquas
1998 4097 2251 4166 copiosas
2278 4094 2545 4150 baberent
2577 4094 2867 4162 piscesque
2897 4093 3107 4147 alerent
3135 4091 3374 4158 impera-

1805 4197 1983 4243 torum
2017 4188 2250 4252 deliciis,
2291 4196 2343 4240 et
2386 4196 2443 4240 ut
2475 4187 2550 4240 illi
2586 4187 2800 4254 piscatu
2856 4198 2977 4237 sese
3021 4182 3376 4244 oblectat-cut,

1805 4277 1946 4332 idem
1974 4278 2274 4348 imperator
2297 4286 2441 4331 terra
2474 4277 2701 4330 obrutas
2733 4276 2919 4329 hortos
2957 4282 3010 4328 ct
3051 4274 3252 4326 vivaria
3296 4271 3379 4326 fe-

1803 4379 1972 4436 cerat,
1993 4387 2057 4425 ea
2088 4371 2301 4424 scilicet
2347 4371 2579 4434 ratione,
2622 4369 2766 4438 quod
2823 4365 3133 4435 Stephanus
3167 4364 3379 4418 mallie-

1808 4466 2044 4516 maticus
2095 4462 2214 4530 ejus
2267 4463 2574 4532 genituram
2613 4460 2862 4514 rimando
2905 4459 3028 4512 vitae
3072 4457 3280 4511 exitum
3313 4473 3378 4510 cx

115 4555 418 4625 εἰρημένου
476 4539 740 4621 βασιλέως
777 4550 1383 4620 πολυπραγμονήσαντα
1438 4551 1698 4638 είπεῖνῦεξ

1809 4571 1950 4626 aqua
1997 4556 2075 4609 illi
2132 4555 2417 4608 imminere
2480 4554 2715 4607 dixerat.
2747 4553 2829 4606 0b
2858 4551 3105 4606 eamdem
3157 4564 3378 4605 causam

117 4650 312 4712 ῦδατος
345 4649 512 4702 αὐτὸν
545 4648 819 4718 τελευτᾷν.
854 4645 952 4698 Διὰ
980 4646 1079 4715 τὴν
1111 4643 1368 4711 τοιαύτην
1403 4639 1497 4698 οῦν
1527 4637 1705 4695 atth

116 4744 209 4794 καὶ
247 4742 352 4808 τῆς
377 4743 434 4791 ἐν
477 4739 676 4809 Ἱερείᾳ
705 4738 1025 4806 κινστέρνης
1051 4737 1131 4797 εἰς
1163 4735 1492 4806 παράδεισον
1537 4746 1691 4803 ςμετ-

115 4831 516 4901 αμειιρθείσης,
545 4829 666 4881 ἰδὼν
691 4829 750 4881 τὸ
773 4827 968 4897 χωρίον
992 4828 1020 4878 6
1049 4826 1292 4896 ἀοίδιμος
1322 4825 1571 4896 βασιλεὺς
1605 4826 1704 4878 Βα-

115 4923 324 4988 σίλειος
352 4923 489 4994 πρὸς
523 4923 623 4992 μὲν
650 4921 997 4991 παραδείσων
1041 4919 1471 4990 καταφυτεύσεις
1508 4920 1706 4980 τόπους

112 5017 472 5086 κεκτημένον
523 5013 879 5085 ἀποχρῶντας
933 5014 1028 5066 καὶ
1072 5013 1309 5074 ἱκανοὺς,
1341 5009 1707 5089 ὐποσπανίςον

110 5109 167 5160 δὲ
194 5106 407 5169 ὕδατος
455 5105 687 5175 ποτίμου
717 5106 812 5157 καὶ
863 5102 1132 5173 καθαροῦ,
1180 5102 1337 5165 αὖθις
1396 5101 1707 5172 ἐκφορήσας

109 5199 205 5252 τὸν
239 5197 377 5269 χοῦν
406 5197 728 5266 πολυχειρίᾳ
758 5211 817 5246 τε
846 5195 938 5246 καὶ
962 5193 1166 5264 σπουδῇ
1189 5193 1283 5245 τὸν
1303 5192 1578 5263 ὁρώμενον
1601 5191 1707 5260 πρὸ

107 5288 302 5358 ὀλίγου
329 5288 577 5357 λειμῶνα
605 5286 860 5356 κομῷντα
882 5287 1070 5354 φυτοῖς
1097 5286 1178 5346 είς
1203 5285 1263 5336 τὸ
1281 5286 1506 5354 ἀρχαῖον
1529 5286 1709 5352 σχῆμα

113 5382 438 5451 μετήγαγε,
467 5379 560 5432 καὶ
592 5378 715 5431 ἀντὶ
738 5378 1068 5448 παραδείσου
1104 5377 1307 5446 δοχείον
1335 5374 1710 5445 ἀπειργάσατο

112 5474 315 5536 δδατος
348 5470 589 5538 ἀφθόνου
613 5488 674 5522 τε
699 5471 795 5523 καὶ
823 5468 1102 5537 διαρκοῦς.

183 5568 264 5630 ι-,γ
287 5604 303 5618 .
337 5561 455 5614 Καὶ
481 5559 657 5613 ταῦτα
710 5559 809 5627 μὲν
839 5559 939 5611 ὅσα
969 5558 1111 5610 κατὰ
1145 5555 1243 5618 τὰς
1285 5554 1589 5625 βασιλείους
1613 5570 1711 5606 πε-

114 5667 313 5728 ριοχάς
349 5653 654 5724 φιλοπόνως
681 5651 798 5722 ἅμα
831 5652 924 5705 καὶ
955 5649 1193 5713 εὐσεϐῶς
1223 5651 1251 5703 6
1283 5647 1707 5729 ἀοίδιμοςδβασι-

1806 4651 1970 4702 etiam
2002 4647 2273 4711 cisternae,
2304 4661 2426 4714 quae
2465 4645 2517 4699 in
2553 4644 2714 4698 lliera
2776 4646 2827 4696 in
2867 4644 3174 4713 pomarium
3222 4658 3380 4696 versa

1807 4739 2009 4804 fuerat,
2038 4739 2302 4792 ambitum
2332 4738 2576 4808 inclytus
2607 4737 2842 4791 Basilius
2873 4737 3165 4806 imperator
3197 4737 3382 4791 consi-

1806 4834 2028 4897 derans,
2060 4831 2362 4899 vidensque
2390 4845 2498 4885 non
2545 4830 2734 4884 deesse
2771 4829 2889 4882 loca
2934 4828 3195 4897 pomariis
3227 4828 3382 4897 plan-

1810 4925 1991 4980 tandis
2018 4924 2232 4979 abunde
2265 4924 2458 4977 idonea
2490 4937 2553 4977 ac
2597 4933 2864 4992 quantum
2917 4937 3014 4990 par
3048 4929 3192 4976 esset
3235 4919 3384 4974 suill-

1809 5014 2030 5079 eientia,
2080 5027 2234 5083 aqua:
2277 5028 2408 5067 vero
2453 5012 2627 5067 dulcis
2677 5021 2838 5081 atque
2881 5011 3119 5080 limpida
3154 5013 3382 5081 penuria

1809 5106 2078 5166 laborare,
2108 5105 2404 5156 multorum
2435 5117 2625 5156 rursus
2656 5101 2936 5155 hominum
2969 5116 3134 5170 opera
3169 5115 3234 5154 ac
3261 5101 3383 5154 dili-

1813 5197 2016 5267 gentia,
2052 5196 2199 5266 quod
2234 5194 2398 5263 paulo
2431 5202 2555 5247 ante
2586 5201 2803 5262 pratum
2833 5192 3036 5262 plantis
3070 5206 3306 5245 vernans
3330 5203 3382 5245 i-t

1815 5288 2111 5343 arboribus
2147 5285 2610 5354 conspiciebatur,
2644 5285 2695 5337 in
2732 5283 3025 5352 pristinum
3063 5291 3265 5336 statuat
3301 5298 3384 5335 re-

1809 5381 1986 5440 duxit.
2017 5394 2081 5432 ac
2117 5392 2217 5448 pro
2263 5377 2512 5447 pomario
2547 5391 2702 5447 aqua:
2734 5375 2970 5445 copiosa:
3007 5374 3251 5444 satisque
3302 5373 3380 5426 al-

1812 5467 2028 5520 ﬂuentis
2052 5467 2497 5534 conceptaculum
2530 5463 2679 5519 fecit.

1884 5557 1971 5610 93.
2003 5556 2069 5610 Et
2117 5556 2232 5610 haec
2260 5555 2476 5625 quidem
2512 5556 2654 5608 intra
2701 5555 2848 5624 regia
2893 5565 3045 5627 septa
3098 5555 3385 5626 magnilice

1815 5649 1978 5710 simtil
2005 5663 2066 5701 ac
2093 5647 2177 5716 pie
2205 5646 2425 5703 inclitus
2457 5649 2755 5718 imperator
2782 5649 3068 5704 exstruxit.
3103 5645 3222 5702 Jam
3257 5664 3384 5702 vero

1396 5738 1626 5801 ἾΑΜᾹΞ
1659 5745 1948 5802 LECTION
1960 5745 2058 5798 ES.

181 5848 234 5883 “
266 5843 503 5898 καὶτῶν
535 5871 603 5883 —-
632 5841 983 5914 κεκλημένων
1014 5857 1122 5896 om.
1161 5841 1220 5895 Λ.

1317 5844 1364 5874 ’⁸
1397 5842 1614 5911 ἐτέρους
1654 5843 1720 5895 Δ.

1798 5844 1842 5874 ’⁸
1876 5842 2200 5910 διαιτήματα
2225 5842 2287 5894 Α.
