4154 6446
764 324 869 384 355

1864 320 2368 381 ΤΗΕΟΡΗΑΝΕΞ
2402 320 2969 385 ΕΟΝΤΙΝΗΑΤΗΞ.

3928 323 4036 385 356

763 445 919 491 extra
948 435 1149 505 regiam
1169 443 1426 490 excurrat
1445 435 1645 500 oratio,
1668 443 1722 487 et
1742 433 1808 487 ad
1833 435 2040 505 reliqua
2061 434 2340 502 deinceps,

2461 436 2573 498 ’.εὺς
2626 436 2992 506 ἐτεκτήνατο·
3048 434 3311 502 ἐξελθέτω
3367 437 3423 489 δὲ
3468 435 3575 488 τῶν
3607 434 3901 505 βασιλείων
3933 436 4034 506 ἤδη

766 538 879 581 tum
912 525 967 578 in
1000 525 1135 579 urbe
1165 522 1429 594 Byzantio
1472 533 1585 578 tum
1637 524 1785 578 circa
1820 539 1941 577 eam
1994 523 2345 577 exstruendis

767 615 1187 682 reliciendisque
1241 614 1442 667 divinis
1496 612 1727 677 adibus,
1780 613 2132 682 imperatoris
2182 628 2345 683 opera

765 706 1042 772 procedat.
1092 702 1368 758 Urbauam
1425 704 1569 758 enim
1615 703 1782 774 339
1838 705 2148 774 inlimmque
2205 716 2347 759 noue

765 800 1103 870 plebeculam
1139 799 1192 851 in
1226 796 1371 852 Foro
1394 806 1721 861 versantem,
1757 800 1989 868 vitaeque
2019 799 2347 854 necessariis

765 894 1082 954 haerentem,
1123 905 1190 944 eo
1217 892 1363 959 quod
1393 888 1601 942 nullum
1646 904 1812 959 prope
1841 891 2141 943 oratorium
2178 900 2347 954 esset,

762 984 956 1037 salutis
985 982 1154 1037 animi
1184 982 1431 1035 oblivisci
1464 981 1832 1049 perpendens,
1867 983 2257 1052 perpulchrum
2284 997 2349 1036 ac

762 1073 1075 1128 venerabile
1103 1072 1194 1127 Dei
1234 1070 1389 1124 Matri
1424 1073 1685 1141 templum
1729 1073 1795 1124 ad
1842 1071 2047 1126 imbres
2080 1072 2348 1127 arcendos

763 1165 1073 1233 hiemisque
1103 1178 1168 1215 ac
1211 1162 1450 1232 reliquas
1487 1161 1755 1233 temporis
1782 1162 2059 1231 pellendas
2089 1162 2346 1232 injurias,

764 1256 957 1308 salutis
990 1254 1189 1310 animae
1220 1255 1445 1308 delicias
1498 1271 1565 1310 ac
1610 1269 1793 1324 Opem,
1847 1253 1901 1308 in
1951 1269 2017 1308 eo
2056 1256 2346 1310 exstruxit.

761 1346 922 1400 Aliud
954 1361 1173 1415 quoque
1202 1344 1618 1414 gloriosissima;
1655 1343 1749 1397 Dei
1781 1341 2076 1398 Genitricis
2110 1344 2166 1397 in
2194 1343 2352 1398 Chal-

765 1440 1041 1507 c0prateis
1064 1437 1364 1491 venerandi
1415 1438 1673 1506 sacrique
1705 1435 1872 1489 loculi
1931 1434 2180 1488 divinum
2213 1444 2350 1488 tem-

764 1532 917 1600 plum
965 1529 1173 1584 humile
1216 1544 1282 1583 ac
1334 1530 1457 1583 luce
1502 1529 1826 1582 destitutum
1888 1526 2350 1591 animadvertetis,

765 1620 1066 1674 exstructis
1098 1620 1225 1673 hinc
1256 1619 1381 1672 inde
1404 1619 1469 1671 ad
1514 1632 1636 1671 eam
1671 1615 2013 1670 inferendam
2045 1616 2348 1682 absidibus,

766 1718 1019 1777 tectoque
1049 1707 1230 1762 altiori
1258 1694 1447 1761 evecto
1472 1705 1719 1776 fastigio,
1751 1716 1867 1759 tum
1906 1706 2157 1761 cclsitate
2198 1707 2351 1760 deco-

769 1816 882 1855 rem
916 1801 1253 1865 conciliavit,
1300 1810 1414 1854 tum
1460 1800 1601 1854 lucis
1652 1799 1957 1868 lnlgoribus
1988 1800 2349 1853 collustravit.
2382 1781 2428 1840 Β

764 1891 1100 1960 Angelorum
1162 1893 1289 1945 item
1350 1892 1613 1960 principis
1678 1891 1922 1943 divinum
1980 1891 2238 1959 templum
2298 1889 2351 1945 in

766 1981 922 2037 Tzeri
954 1988 1113 2052 (quas
1163 1986 1380 2052 vocant)
1424 1981 1999 2049 humanissimumque
2040 1982 2189 2035 circa
2222 1980 2352 2033 illud

769 2076 1135 2129 ministerium
1200 2084 1255 2129 et
1314 2076 1369 2129 in
1429 2090 1696 2145 pauperes
1759 2073 2351 2139 subministrationem,

766 2167 857 2223 ille
882 2169 997 2237 ipse
1020 2168 1123 2224 sibi
1154 2182 1301 2223 curae
1336 2183 1459 2222 esse
1487 2168 1680 2231 voluit,
1709 2178 1821 2220 tum
1859 2167 2067 2222 scilicet
2090 2169 2353 2237 templum

770 2262 1115 2331 splendidius
1148 2261 1492 2322 instaurans,
1528 2275 1592 2313 ac
1620 2275 1729 2329 qua
1761 2275 1911 2313 nunc
1942 2258 2355 2328 pulchritudine

768 2353 966 2407 visitur
994 2362 1261 2421 coaptans
1297 2368 1360 2405 ac
1384 2352 1733 2421 provehens;
1766 2359 1878 2404 tum
1917 2353 2096 2405 auctis
2128 2366 2356 2422 proven-

770 2447 941 2513 tibus,
988 2461 1055 2500 nc
1108 2460 1409 2516 egenorum
1467 2445 1774 2501 ministerio
1831 2445 2067 2501 facultas
2117 2445 2353 2509 deesset,

770 2538 1141 2610 prospiciens,
1179 2554 1245 2593 ac
1274 2538 1327 2591 in
1361 2548 1632 2608 pauperes
1675 2538 1824 2605 large
1858 2537 2235 2607 suppeditans.
2257 2535 2357 2596 Sa-

769 2630 852 2685 cii
919 2644 1141 2700 quoque
1197 2629 1456 2700 martyris
1522 2644 1585 2683 ac
1646 2629 2024 2685 archidiaconi
2076 2628 2356 2684 Laurentii

769 2723 940 2777 anlem
992 2723 1293 2777 maximam
1346 2722 1648 2792 collapsam
1684 2722 1946 2787 restituit,
1982 2722 2154 2777 multa
2183 2736 2355 2777 venu-

770 2825 913 2871 state
944 2816 1181 2886 implens
1225 2827 1279 2870 et
1333 2816 1528 2886 gratia.
1574 2815 1728 2869 Alias
1759 2814 1888 2869 item
1926 2829 2114 2869 sacras
2162 2814 2358 2870 domos

769 2911 991 2963 circiter
1021 2910 1243 2963 ceutu'm
1299 2908 1447 2962 circa
1502 2908 1693 2961 urbem
1728 2909 2060 2972 construxit,
2100 2909 2356 2978 pauperi-

770 3001 983 3067 busque
1036 2999 1246 3053 alendis
1294 3014 1358 3051 ac
1413 2998 1723 3067 hOSpitibns
1778 2998 2113 3068 accipiendis
2160 3000 2357 3069 partim

2447 527 2632 581 λοιπὸν
2655 531 2683 580 ὁ
2707 528 2886 595 λόγος,
2917 535 3013 581 καὶ
3054 528 3303 597 χωρείτω
3329 530 3465 598 πρῖς
3487 529 3555 581 τὰ
3584 527 3709 597 ἑξῆς
3747 527 3860 579 τῶν
3893 544 4035 578 κατι

2446 621 2545 690 τὴν
2569 617 2962 689 βασιλεύουσαν
2990 617 3198 689 ταύτην
3224 617 3380 670 πόλιν
3413 617 3504 669 καί
3529 617 3596 669 τὰ
3619 617 3747 684 περὶ
3777 616 3951 685 αὐτὴν
3980 618 4037 668 ἐν

2447 714 2760 782 οἰκοδομαῖς
2794 728 2853 765 τε
2881 712 2976 764 κοιλ⁹
2998 709 3381 779 άνοικοδομαῖς
3400 708 3561 761 θείων
3585 707 3751 761 οἴκων
3780 708 3918 779 ἔργα
3941 707 4037 759 τοῦ

2449 805 2874 875 αὐτοκράτορος.
2921 805 3099 874 Ὁρῶν
3126 806 3238 874 γὰρ
3267 803 3357 855 τὸν
3393 802 3611 855 ἀστικὸν
3637 801 3731 853 καὶ
3764 801 4038 869 βάναυσον

2448 898 2604 967 όχλον
2633 898 2725 951 τὸν
2753 897 2897 951 κατὰ
2920 898 3021 968 τὴν
3068 896 3299 967 ἀγοράν,
3331 897 3366 967 ἦ
3404 896 3574 966 Φόρος
3628 893 4039 965 προσαγορεύε-

2449 1009 2561 1053 ται,
2599 990 2946 1060 διατρίϐοντα
2969 991 3065 1045 καὶ
3094 988 3507 1058 προστετηκότα
3532 990 3651 1051 ταῖς
3684 988 3903 1057 χρείαις
3941 985 4038 1038 τοῦ

2454 1085 2570 1156 βίου
2601 1086 2659 1137 ἐν
2690 1084 2769 1155 τῷ
2801 1084 2876 1155 μὴ
2906 1084 3054 1155 ἔχειν
3100 1083 3332 1153 πλησίον
3379 1080 3528 1135 οἷκον
3588 1081 3883 1150 εὖκτήριον
3935 1078 4041 1148 τῆς

2450 1178 2689 1247 ψυχικῆς
2747 1176 3067 1247 ἐπιμελείας
3098 1174 3269 1245 λήθην
3301 1173 3673 1244 λαμϐάνοντα,
3704 1172 3831 1225 ναὸν
3878 1188 4042 1241 περιρ

2453 1270 2625 1339 καλλῆ
2652 1270 2746 1323 καὶ
2770 1267 3068 1337 σεὸάσμιον
3096 1271 3162 1338 τῇ
3188 1266 3495 1338 Θεομήτορι
3526 1266 3670 1319 κατὰ
3701 1266 3801 1335 τὴν
3828 1264 4042 1335 ἀγορὰν

2456 1362 2729 1431 ἐδείματο,
2759 1361 2839 1438 ᾡς
2898 1359 2964 1414 ἂν
2992 1361 3087 1414 καὶ
3114 1360 3337 1431 ὄμϐρων
3366 1359 3460 1412 καὶ
3488 1357 3771 1427 χειμώνων
3808 1358 3895 1427 εἴη
3925 1355 4042 1417 id;

2457 1455 2635 1525 ὄχλοις
2663 1453 2911 1523 ἀλέξημα
2950 1454 3048 1505 καὶ
3101 1452 3342 1521 ψυχικῆς
3392 1450 3669 1519 σωτηρίας
3712 1448 4042 1519 ἐντρύφημα

2457 1548 2551 1598 καὶ
2602 1544 2874 1615 βοήθημα.
2931 1545 3042 1598 Καὶ
3070 1544 3160 1597 τὸν
3198 1544 3389 1613 ἓτερον
3432 1542 3489 1594 δὲ
3534 1542 3632 1611 τῆς
3682 1543 4043 1611 πανυμνήτου

2455 1637 2744 1697 Geo-.6100,
2772 1636 2863 1689 τὸν
2895 1636 2952 1687 ἐν
2974 1637 3087 1697 τοῖς
3119 1631 3586 1702 Χαλκοπρατείοις
3620 1632 3763 1683 θεῖον
3792 1631 3920 1684 ναὸν
3942 1632 4045 1699 τῆς

2456 1726 2775 1779 πανσέπτου
2809 1724 2904 1778 καὶ
2945 1725 3105 1791 ἁγίας
3130 1722 3313 1794 σοροῦ,
3335 1720 3590 1774 ταπεινὸν
3621 1719 3745 1773 ἰδὼν
3778 1720 3874 1773 καὶ
3890 1719 4047 1787 ἀφῶ-

2456 1834 2659 1883 τιστον,
2728 1816 2823 1870 καὶ
2870 1816 3183 1886 φωτοδόχας
3228 1816 3272 1848 ’⁷
3325 1811 3672 1885 ἑκατέρωθεν
3730 1814 4047 1881 ἀναστήσας

2457 1909 2652 1979 ἁψῖδας
2687 1908 2877 1963 καὶτὸ
2913 1908 3074 1977 τέγος
3133 1906 3475 1977 μετεωρίσας
3528 1905 3652 1975 ὕψει
3702 1904 4046 1976 εὐπρεπείας

2456 2002 2806 2072 κατηύγασεν
2860 2002 2955 2055 καὶ
2999 2001 3392 2072 μαρμαρυγαῖς
3444 1999 3623 2067 φωτὸς
3680 1998 4043 2067 κατηγλάῑσε.

2456 2095 2560 2148 Τὸν
2596 2093 2652 2146 δὲ
2681 2092 2775 2145 τοῦ
2799 2094 3021 2162 πρώτου
3059 2092 3167 2143 τῶν
3196 2090 3447 2159 ἀγγέλων
3480 2092 3539 2143 ἐν
3566 2091 3683 2153 τοῖς
3708 2087 3924 2159 Τζήρου
3957 2089 4047 2139 λε-

2457 2186 2710 2256 γομένοις
2764 2185 2852 2258 [Ρ.
2888 2183 3019 2256 209]
3073 2183 3217 2237 θεῖον
3245 2183 3369 2235 ναὸν
3403 2184 3496 2235 καὶ
3556 2182 3656 2251 τὴν
3702 2184 3830 2252 περὶ
3880 2180 4046 2234 αὐτὸν

2459 2280 2839 2351 φιλάνθρωπον
2870 2280 2949 2339 εἰς
2975 2281 3106 2339 τοὺς
3139 2278 3385 2346 πένητας
3413 2275 3722 2345 ὑπουργίαν
3764 2272 3861 2327 καὶ
3909 2289 4044 2342 χορ-

2458 2373 2621 2439 ηγίαν
2649 2373 2855 2436 ἐκεῖνός
2913 2373 3059 2425 ἐστιν
3105 2370 3134 2422 ό
3174 2367 3697 2439 περιποιησάμενος,
3733 2366 3829 2418 καὶ
3855 2366 3949 2417 τόν
3988 2381 4047 2416 τε

2458 2466 2585 2519 ναὸν
2616 2465 2914 2536 φαιδρύνας
2942 2465 3039 2517 καὶ
3063 2464 3143 2527 εἰς
3176 2462 3238 2514 τὸ
3269 2462 3367 2515 νῦν
3392 2459 3675 2531 ὁρώμενον
3710 2458 3910 2520 κάλλος
3942 2475 4045 2510 πε-

2461 2557 2725 2627 ριστήσας
2752 2554 2849 2609 καὶ
2870 2554 3118 2622 άγαγὼν,
3142 2552 3237 2605 καὶ
3262 2551 3363 2623 τὴν
3394 2550 3669 2604 διακονίαν
3692 2552 3772 2611 εἰς
3803 2549 3865 2601 τδ
3888 2550 4048 2602 άνεν-

2458 2650 2577 2714 δεὲς
2604 2651 2673 2721 τῇ
2704 2648 2815 2704 τῶν
2860 2647 3142 2719 προσόδων
3191 2644 3493 2714 ἐπαυξήσει
3543 2642 3916 2711 καταστήσας,
3952 2644 4048 2695 καί

2459 2741 3022 2811 ἐπιδαψιλευσάμενος
3053 2740 3146 2792 τὸν
3175 2740 3258 2801 εἰς
3283 2738 3410 2799 τοὺς
3443 2736 3682 2805 πένητας
3708 2735 3882 2787 ἔλεον.
3936 2736 4048 2788 Καὶ

2458 2833 2550 2885 τὸν
2571 2833 2629 2885 ἐν
2666 2830 3092 2901 Πουλχεριαναῑς
3116 2829 3173 2881 δέ
3213 2828 3307 2882 τοῦ
3361 2827 3759 2899 ἱερομάρτυρος
3804 2827 4049 2897 Λαυρεν-

2456 2925 2576 2978 τίου
2605 2924 2864 2994 μέγιστον
2910 2922 3037 2975 ναὸν
3087 2920 3488 2993 συμπτωθέντα
3515 2921 3804 2991 ἀνέστησε,
3843 2920 4052 2989 πολλῆς

2462 3016 2748 3088 ἐμπλήσας
2769 3014 3160 3084 τερπνότητος.
3190 3012 3300 3065 Καὶ
3326 3011 3520 3076 ἄλλους
3549 3011 3607 3064 δὲ
3654 3012 3831 3081 ἱεροὺς
3866 3012 4050 3073 οἴκους

771 3104 942 3145 novas
956 3089 1236 3151 excitavit,
1257 3088 1454 3159 partim
1474 3097 1686 3142 veteres
1704 3088 1969 3157 plurimas
1990 3089 2317 3144 instauravit
2344 3107 2358 3152 ;

2465 3110 2611 3179 ἀμφὶ
2632 3109 2758 3172 τοὺς
2787 3108 2983 3161 ἑκατὸν
3014 3107 3147 3176 περὶ
3191 3107 3293 3175 τὴν
3339 3105 3497 3159 πόλιν
3522 3104 3811 3175 ἀνέστησε,
3830 3122 4051 3175 πτωχο-

772 3182 977 3251 quihus
1043 3180 1253 3235 scilicet
1298 3180 1429 3250 aegri
1482 3192 1754 3249 senesque
1812 3190 2139 3235 curarentur
2197 3190 2362 3252 atque

770 3274 1029 3329 monachi
1089 3282 1498 3328 exercerentur.

842 3467 1010 3541 35.0
1037 3468 1127 3524 94.
1160 3467 1348 3539 Neque
1380 3468 1435 3523 in
1467 3469 1604 3524 urbe
1640 3479 1853 3524 tantum
1908 3470 2164 3538 religiose
2194 3472 2363 3526 simul

770 3560 843 3617 et'
866 3561 1155 3634 magniﬁce
1183 3562 1369 3633 ejusce
1401 3562 1617 3631 generis
1644 3577 1810 3633 opera
1840 3564 2153 3633 praestabat,
2182 3565 2277 3619 sed
2305 3574 2364 3619 et

769 3661 926 3707 extra
960 3669 1081 3708 eam
1131 3668 1320 3724 parent
1365 3654 1709 3723 diligentiam
1759 3653 2073 3708 exhibebat.
2124 3655 2363 3724 Ideoque

772 3746 1003 3813 apostoli
1038 3754 1093 3798 et
1120 3745 1475 3814 evangelista
1517 3743 1750 3800 Joannis
1788 3742 2052 3816 Theologi
2100 3748 2362 3816 templum

775 3837 829 3889 iu
867 3835 1149 3890 Hebdomo
1184 3844 1433 3905 tempore
1458 3846 1781 3906 quassatum
1812 3836 2231 3905 collapsumque
2262 3824 2364 3890 cri-

773 3932 870 3998 git,
903 3939 1017 3983 tum
1040 3930 1386 3985 ornamentis
1415 3930 1705 3993 decorans,
1724 3937 1843 3983 tum
1874 3930 2067 3984 tuleris
2103 3930 2364 3987 adhibitis

775 4032 950 4076 tutum
978 4038 1009 4077 a
1045 4023 1203 4077 ruina
1236 4024 1291 4075 in
1326 4030 1609 4091 posterum
1634 4032 1924 4092 praestans.
1944 4022 2025 4077 Ad
2061 4024 2175 4078 haec
2197 4025 2361 4078 etiam

774 4114 854 4168 illi
880 4114 1127 4169 vicinam
1173 4113 1541 4169 Praecursoris
1574 4115 1769 4179 aedem,
1805 4123 1932 4169 ante
1960 4129 2137 4170 annos
2179 4116 2365 4185 plures

774 4207 1016 4261 dirutam
1056 4215 1111 4260 et
1145 4213 1361 4260 tantum
1403 4205 1693 4276 parietinis
1736 4209 2131 4275 conspicuam,
2181 4219 2362 4278 egesta

777 4300 948 4353 humo
980 4298 1389 4367 ruderibusque
1419 4299 1753 4361 emundans,
1783 4298 2023 4354 celerato
2044 4314 2211 4371 quam
2246 4320 2362 4357 ma-

776 4391 924 4444 xime
970 4404 1135 4459 opere
1187 4404 1552 4460 promptaque
1589 4390 1874 4463 diligentia
1908 4392 2216 4449 illustribus
2245 4408 2361 4448 ma.

2466 3198 2698 3269 τροφεῖά
2725 3214 2786 3255 τε
2818 3198 2912 3251 καὶ
2940 3195 3176 3262 ξενῶνας
3204 3196 3629 3266 ἐκαινούργησε,
3669 3196 3767 3248 καὶ
3804 3197 3914 3249 τῶν
3948 3214 4054 3250 πα-

2466 3289 2811 3343 λαιωθέντων
2870 3288 3099 3342 πλεῖστα
3147 3289 3437 3352 άνενέωσε,
3491 3289 3822 3359 νοσοκομείά
3864 3305 3926 3341 τε
3962 3290 4053 3344 καὶ

2466 3387 2809 3456 γηροκομεία
2829 3382 2925 3436 καὶ
2951 3383 3194 3453 μοναστή
3205 3399 3315 3452 ρια.

2540 3476 2643 3546 ιβ.
2667 3479 2744 3531 UO
2775 3475 2918 3531 κατᾶ
2968 3477 3069 3546 τὴν
3102 3476 3261 3529 πόλιν
3290 3475 3346 3528 δὲ
3401 3476 3561 3545 μόνον
3594 3475 3663 3529 τά
3693 3476 3923 3530 τοιαῦτα
3949 3476 4056 3529 τῶν

2471 3570 2652 3639 ἔργων
2682 3568 2952 3638 θεοφιλῶς
2997 3584 3059 3620 τε
3090 3567 3207 3636 ἅμα
3260 3567 3357 3619 καὶ
3404 3566 3706 3638 φιλοτίμως
3741 3568 4054 3636 εἰργάζετο,

2465 3663 2604 3716 ἀλλὰ
2627 3663 2719 3713 κει)⁸
2748 3661 2952 3730 ταύτης
2987 3660 3147 3723 ἐκτὸς
3180 3659 3279 3729 τὴν
3305 3660 3499 3729 ὁμοίαν
3534 3659 3885 3712 ἐπεδείκνυτο
3934 3661 4057 3711 ἐπι-

2472 3748 2714 3819 μέλειαν.
2743 3747 2879 3801 Μεθ’
2915 3742 2982 3817 ἧς
3005 3748 3210 3800 καὶτὸν
3236 3746 3332 3799 τοῦ
3393 3747 3699 3802 ἀποστόλου
3744 3750 3843 3801 καὶ
3888 3750 4056 3816 εὐαγ-

2467 3840 2719 3908 γελιστοῦ
2790 3839 3040 3892 Ἰωάννου
3075 3837 3170 3891 τοῦ
3221 3837 3484 3907 Θεολόγου
3507 3841 3568 3891 ἐν
3600 3836 3680 3909 τῷ
3734 3839 4057 3909 καλουμένῳ

2478 3933 2724 4002 Ἐὅδόμῳ
2755 3932 2884 3985 ναὸν
2907 3932 2952 3964 ⁸⁸
2977 3930 3057 4000 τῷ
3085 3931 3262 4001 χρόνῳ
3288 3932 3605 4000 πονήσαντα
3645 3930 3741 3984 καὶ
3774 3931 4058 4002 καταϐλη-

2468 4031 2629 4084 θέντα
2662 4030 2937 4099 ἀνίστησι,
2986 4028 3275 4091 καλλοναῖς
3326 4044 3387 4079 τε
3428 4026 3675 4100 ὡρσῖσας
3726 4028 3821 4080 καὶ
3846 4028 4058 4098 exopta.

2469 4140 2604 4194 μασι
2642 4121 3215 4190 κατασφαλισάμενος.
3245 4120 3369 4174 Ἔτι
3399 4119 3459 4172 δὲ
3487 4123 3581 4172 καὶ
3626 4119 3716 4171 τὸν
3743 4120 4056 4190 πλησιόχω-

2470 4233 2562 4287 ρον
2590 4214 2757 4268 αὐτοῦ
2804 4214 2900 4267 τοῦ
2954 4214 3270 4284 Προδρόμου
3304 4208 3475 4277 οἷκον,
3510 4211 3618 4281 πρὸ
3670 4211 3810 4264 πάνυ
3845 4213 4057 4265 stout?”

2466 4307 2901 4362 xatamwOévra
2928 4307 3139 4377 χρόνων
3178 4309 3273 4359 καὶ¹
3308 4304 3552 4376 ἐρείπιον
3583 4304 3707 4357 ἀντὶ
3760 4304 3891 4357 ναοῦ
3919 4322 4056 4374 χρη-

2469 4402 2791 4472 ματίζοντα,
2831 4397 3216 4469 περικαθαίρει
3267 4398 3367 4467 μὲν
3398 4400 3495 4467 τῆς
3528 4395 3660 4467 ὕλης
3696 4398 3925 4450 καὶτῶν
3951 4417 4057 4466 χω-

776 4498 1004 4553 gnaeque
1054 4482 1216 4537 molis
1268 4482 1392 4553 ejus
1428 4483 1646 4552 generis
1702 4484 1913 4539 aedibus
1965 4500 2152 4556 parem
2208 4484 2358 4540 fecit.

2471 4491 2680 4562 μάτων,
2734 4490 2970 4560 ταχίστῃ
3002 4488 3060 4542 δέ
3112 4488 3373 4557 οἰκοδομῇ
3402 4488 3447 4519 ⁵³
3500 4487 3598 4540 καὶ
3626 4487 3921 4559 ἐπιμελείᾳ
3950 4490 4057 4541 τῶν

778 4577 1054 4647 Principis
1089 4592 1217 4630 vero
1240 4578 1630 4647 Apostolorum
1688 4593 1907 4633 sacrum
1962 4580 2255 4634 delubrum
2306 4582 2360 4634 in

782 4668 1010 4738 Rhegi",
1046 4670 1259 4724 idcirco
1287 4671 1415 4738 quia
1446 4672 1752 4740 proximam
1788 4673 2002 4727 ruinam
2051 4674 2363 4728 minabatur

782 4762 1133 4830 impervium,
1182 4763 1300 4832 ipse
1328 4763 1556 4816 diruens
1611 4779 1755 4818 novo
1786 4780 1951 4834 opere
1982 4764 2093 4837 (sui
2126 4778 2366 4835 perenne

780 4864 1195 4908 monumentum
1230 4854 1491 4923 nullaque
1520 4855 1794 4910 oblivione
1826 4858 2144 4927 delendum)
2179 4876 2208 4913 a
2239 4860 2366 4914 lun-

777 4947 1053 5001 damentis
1091 4946 1282 5000 erexit.
1319 4944 1374 4999 In
1407 4946 1663 5018 Bathyrsi
1702 4948 1853 5002 ﬂuvii
1896 4948 2098 5019 injecto
2130 4966 2159 5003 a
2186 4952 2363 5005 Justi-

780 5042 945 5093 niano
989 5049 1183 5110 ponte,
1220 5040 1470 5096 Callinici
1506 5043 1763 5112 martyris
1811 5043 2075 5113 templum
2114 5044 2364 5101 funditus

778 5134 1019 5185 dirutum
1083 5135 1263 5201 priore
1325 5132 1666 5201 splendidius
1717 5136 2013 5188 exstruxit.
2074 5135 2132 5189 In
2198 5136 2367 5189 Stenn

781 5225 910 5278 item
940 5225 1084 5292 quod
1111 5223 1541 5290 vocant,Euxiui
1576 5227 1787 5280 scilicet
1812 5229 2045 5294 cervice,
2080 5228 2141 5282 S.
2169 5227 2367 5282 Phor-2e

778 5317 949 5370 azdem
975 5332 1235 5385 perquam
1268 5318 1637 5372 venerabilem
1666 5319 1752 5387 pie
1778 5319 2153 5388 religioseque
2180 5318 2278 5372 abs
2302 5336 2362 5373 se

780 5420 1182 5474 construcmm,
1216 5411 1557 5481 collectoque
1588 5411 2132 5481 religiosissimorum
2168 5427 2359 5465 mona-

780 5503 1011 5559 chorum
1053 5513 1202 5560 cmtu
1235 5521 1299 5559 ac
1322 5507 1443 5561 loco
1474 5508 1769 5561 structuris
1795 5505 2125 5576 praediisque
2147 5505 2363 5559 abunde

780 5596 1130 5668 locupletato,
1173 5602 1567 5655 monasterium
1632 5600 1740 5653 lh-u
1794 5610 2015 5655 auctore
2068 5601 2360 5655 collectum

2465 4582 2784 4653 περιφανῶν
2818 4582 2914 4636 καὶ
2948 4580 3203 4652 μεγάλων
3243 4579 3360 4632 ῐσον
3393 4577 3706 4648 καθίστησι.
3756 4579 3832 4631 Τὸ
3869 4579 3928 4632 δὲ
3962 4582 4054 4633 τοῦ

2469 4675 2787 4747 κορυφαίου·
2816 4674 2926 4727 τῶν
2980 4671 3294 4727 ἀποστόλων
3349 4671 3577 4741 τέμενος
3610 4673 3667 4723 ἐν
3701 4670 3781 4741 τῷ
3827 4672 4055 4743 Ῥηγίῳ,

2466 4770 2557 4822 διὰ
2576 4768 2676 4837 τὴν
2703 4764 3113 4835 ἀπειλουμένην
3152 4763 3364 4817 πτῶσιν
3400 4762 3604 4817 άόατον
3632 4763 3932 4832 τυγχάνον,
3960 4766 4057 4815 αὑ-

2468 4862 2561 4923 τὸς
2588 4857 2835 4912 καθελὼν
2867 4860 2962 4911 καὶ
3010 4859 3076 4910 ἐκ
3106 4854 3324 4926 βάθρων
3351 4855 3759 4925 καινουργήσας
3802 4857 4057 4925 ἐδείματο

2469 4954 2547 5013 εἰς
2583 4952 2803 5020 μνήμην
2827 4947 2994 4999 αὑτοῦ
3022 4946 3244 5017 διηνεκῆ
3267 4961 3329 4998 τε
3355 4944 3451 4998 καί⁵
3479 4945 3867 5015 ἁνεπίληστον.
3887 4946 3978 4999 Ἐν
4004 4947 4056 4999 δὲ

2466 5046 2589 5106 ταῖς
2610 5041 2701 5094 τοῦ
2740 5040 3019 5109 Βαθύρσου
3052 5040 3068 5071 ί
3094 5036 3343 5107 ποταμοῦ
3372 5035 3800 5107 ὑπερκειμέναις
3840 5036 4059 5089 Ἰουστι-

2475 5135 2659 5188 νιανοῦ
2711 5133 2983 5203 γεφύραις
3034 5129 3361 5185 Καλλινίκου
3412 5127 3508 5181 τοῦ
3548 5130 3827 5199 μάρτυρος
3860 5129 4058 5199 4161;..-

2472 5230 2673 5299 σμένον
2702 5227 2828 5281 ναὸν
2858 5226 2953 5280 τοῦ
2988 5225 3262 5297 προτέρου
3286 5223 3572 5295 κρείττονα
3601 5222 3852 5292 ἤγειρεν.
3895 5223 3986 5275 ἐν
4008 5223 4058 5274 δὲ

2469 5323 2548 5393 τῷ
2580 5320 2900 5390 καλουμένῳ
2921 5318 3097 5388 τούτῳ
3115 5316 3315 5388 Στενῴ,
3341 5318 3433 5369 τὸν
3454 5316 3657 5386 αὐχένα
3681 5315 3777 5367 τοῦ
3800 5316 4057 5381 Εὐξείνου

2471 5416 2637 5485 φημὶ,
2671 5416 2765 5466 τὸν
2799 5412 2893 5465 τοῦ
2921 5411 3080 5481 άγίου
3120 5411 3288 5464 Φωκᾶ
3341 5411 3652 5463 πάνσεπτον
3682 5404 3835 5461 οἷκον
3867 5408 4057 5479 θεαρέο

2473 5524 2613 5571 στως
2645 5524 2703 5558 τε
2735 5507 2830 5558 καὶ
2861 5503 3124 5573 θεοφιλῶς
3139 5503 3547 5575 δομησάμενος,
3590 5503 3685 5555 καὶ
3724 5502 3987 5572 σύστημά
4015 5520 4056 5552 τι

2475 5598 2725 5669 μοναχῶν
2752 5595 2994 5650 εὔλαὸὦν
3014 5596 3395 5668 συναθροίσας,
3427 5596 3691 5665 κτίσμασί
3720 5611 3784 5649 τε
3811 5596 3913 5649 καὶ
3928 5597 4047 5665 κτή-

2084 5695 2316 5749 VAIilAL'
2363 5693 2760 5749 LECTIONES.

854 5790 893 5819 ’⁷
934 5788 1266 5859 enitr/36109;
1293 5794 1315 5840 ’ἐ
1390 5789 1433 5820 ⁸⁸
1470 5794 1579 5858 vati.
1611 5791 1673 5843 Α..
1754 5792 1795 5820 θ’
1844 5789 2115 5859 συνδρομῇ
2154 5792 2215 5842 Α.

2298 5790 2309 5818 ’
2352 5786 2633 5857 "1659309
2664 5790 2700 5839 λ
2715 5828 2725 5839 .
