  <div class='ocr_page' id='page_1' title='image "/cluster/home/n/w/nwhite01/storage/ocr_20150623/109/nnc1.0046979867/186.png"; bbox 0 0 4154 6446; ppageno 0'>
   <div class='ocr_carea' id='block_1_1' title="bbox 103 408 192 471">
    <p class='ocr_par' dir='ltr' id='par_1_1' title="bbox 103 408 192 471">
     <span class='ocr_line' id='line_1_1' title="bbox 103 408 192 471; baseline -0.034 0"><span class='ocrx_word' id='word_1_1' title='bbox 103 408 192 471; x_wconf 78' lang='lat'><strong>351</strong></span> 
     </span>
    </p>
   </div>
   <div class='ocr_carea' id='block_1_2' title="bbox 1166 395 2266 462">
    <p class='ocr_par' dir='ltr' id='par_1_2' title="bbox 1166 395 2266 462">
     <span class='ocr_line' id='line_1_2' title="bbox 1166 395 2266 462; baseline -0.007 0"><span class='ocrx_word' id='word_1_2' title='bbox 1166 403 1313 462; x_wconf 83' lang='lat' dir='ltr'><strong>LIB.</strong></span> <span class='ocrx_word' id='word_1_3' title='bbox 1357 403 1509 462; x_wconf 82' lang='lat' dir='ltr'><strong>V.-—</strong></span> <span class='ocrx_word' id='word_1_4' title='bbox 1553 397 1902 458; x_wconf 73' lang='lat' dir='ltr'><strong>liASlLlUS</strong></span> <span class='ocrx_word' id='word_1_5' title='bbox 1941 395 2266 454; x_wconf 71' lang='lat' dir='ltr'><strong>MACEDO.</strong></span> 
     </span>
    </p>
   </div>
   <div class='ocr_carea' id='block_1_3' title="bbox 3238 397 3344 460">
    <p class='ocr_par' dir='ltr' id='par_1_3' title="bbox 3238 397 3344 460">
     <span class='ocr_line' id='line_1_3' title="bbox 3238 397 3344 460; baseline 0.009 -1"><span class='ocrx_word' id='word_1_6' title='bbox 3238 397 3344 460; x_wconf 82' lang='lat'><strong>353</strong></span> 
     </span>
    </p>
   </div>
   <div class='ocr_carea' id='block_1_4' title="bbox 106 506 1674 590">
    <p class='ocr_par' dir='ltr' id='par_1_4' title="bbox 106 515 1665 590">
     <span class='ocr_line' id='line_1_4' title="bbox 106 515 1665 590; baseline -0.006 -16"><span class='ocrx_word' id='word_1_7' title='bbox 106 537 222 590; x_wconf 82' lang='grc' dir='ltr'><strong>μασι</strong></span> <span class='ocrx_word' id='word_1_8' title='bbox 271 523 362 571; x_wconf 64' lang='grc' dir='ltr'><strong>τὸν</strong></span> <span class='ocrx_word' id='word_1_9' title='bbox 395 521 559 572; x_wconf 73' lang='grc' dir='ltr'><strong>τόπον</strong></span> <span class='ocrx_word' id='word_1_10' title='bbox 591 518 1047 579; x_wconf 72' lang='grc' dir='ltr'><strong>καταπλουτίσας,</strong></span> <span class='ocrx_word' id='word_1_11' title='bbox 1083 517 1250 586; x_wconf 84' lang='grc' dir='ltr'><strong>μονὴν</strong></span> <span class='ocrx_word' id='word_1_12' title='bbox 1282 515 1665 567; x_wconf 84' lang='grc' dir='ltr'><strong>θεοσύλλεκτον</strong></span> 
     </span>
    </p>
   </div>
   <div class='ocr_carea' id='block_1_5' title="bbox 1777 506 3343 590">
    <p class='ocr_par' dir='ltr' id='par_1_5' title="bbox 1777 506 3343 577">
     <span class='ocr_line' id='line_1_5' title="bbox 1777 506 3343 577; baseline 0.002 -14"><span class='ocrx_word' id='word_1_13' title='bbox 1777 510 2192 577; x_wconf 64' lang='lat' dir='ltr'><strong>auin‘iorumque</strong></span> <span class='ocrx_word' id='word_1_14' title='bbox 2246 507 2514 562; x_wconf 84' lang='lat' dir='ltr'><strong>olliciuam</strong></span> <span class='ocrx_word' id='word_1_15' title='bbox 2577 507 2844 563; x_wconf 82' lang='lat' dir='ltr'><strong>modicam</strong></span> <span class='ocrx_word' id='word_1_16' title='bbox 2901 506 3047 563; x_wconf 87' lang='lat' dir='ltr'><strong>fecit.</strong></span> <span class='ocrx_word' id='word_1_17' title='bbox 3098 510 3175 562; x_wconf 82' lang='lat' dir='ltr'><strong>Ad</strong></span> <span class='ocrx_word' id='word_1_18' title='bbox 3231 512 3343 566; x_wconf 72' lang='lat' dir='ltr'><strong>haec</strong></span> 
     </span>
    </p>
   </div>
   <div class='ocr_carea' id='block_1_6' title="bbox 101 598 1674 680">
    <p class='ocr_par' dir='ltr' id='par_1_6' title="bbox 101 604 1666 680">
     <span class='ocr_line' id='line_1_6' title="bbox 101 604 1666 680; baseline -0.005 -18"><span class='ocrx_word' id='word_1_19' title='bbox 101 615 183 662; x_wconf 72' lang='grc' dir='ltr'><strong>καὶ</strong></span> <span class='ocrx_word' id='word_1_20' title='bbox 209 612 442 680; x_wconf 74' lang='grc' dir='ltr'><strong>ἰατρεῖον</strong></span> <span class='ocrx_word' id='word_1_21' title='bbox 463 609 651 677; x_wconf 81' lang='grc' dir='ltr'>ψυχῶν</span> <span class='ocrx_word' id='word_1_22' title='bbox 678 608 1073 675; x_wconf 84' lang='grc' dir='ltr'><strong>ἀπειργάσατο.</strong></span> <span class='ocrx_word' id='word_1_23' title='bbox 1113 605 1237 659; x_wconf 80' lang='grc' dir='ltr'><strong>Ἑπὶ</strong></span> <span class='ocrx_word' id='word_1_24' title='bbox 1258 604 1469 666; x_wconf 76' lang='grc' dir='ltr'><strong>τούτοις</strong></span> <span class='ocrx_word' id='word_1_25' title='bbox 1493 604 1666 656; x_wconf 76' lang='grc' dir='ltr'><strong>ἅπασι</strong></span> 
     </span>
    </p>
   </div>
   <div class='ocr_carea' id='block_1_7' title="bbox 1777 598 3346 680">
    <p class='ocr_par' dir='ltr' id='par_1_7' title="bbox 1777 598 3346 667">
     <span class='ocr_line' id='line_1_7' title="bbox 1777 598 3346 667; baseline 0 -13"><span class='ocrx_word' id='word_1_26' title='bbox 1777 603 1949 655; x_wconf 66' lang='lat' dir='ltr'><strong>smnia</strong></span> <span class='ocrx_word' id='word_1_27' title='bbox 1978 599 2220 653; x_wconf 65' lang='lat' dir='ltr'><strong>caelestis</strong></span> <span class='ocrx_word' id='word_1_28' title='bbox 2253 599 2458 652; x_wconf 70' lang='lat' dir='ltr'><strong>militiae</strong></span> <span class='ocrx_word' id='word_1_29' title='bbox 2495 598 2754 667; x_wconf 80' lang='lat' dir='ltr'><strong>principis</strong></span> <span class='ocrx_word' id='word_1_30' title='bbox 2788 598 3074 654; x_wconf 82' lang='lat' dir='ltr'><strong>Michae‘lis</strong></span> <span class='ocrx_word' id='word_1_31' title='bbox 3107 600 3159 653; x_wconf 87' lang='lat' dir='ltr'><strong>iu</strong></span> <span class='ocrx_word' id='word_1_32' title='bbox 3213 599 3346 654; x_wconf 88' lang='lat' dir='ltr'><strong>Sos-</strong></span> 
     </span>
    </p>
   </div>
   <div class='ocr_carea' id='block_1_8' title="bbox 97 691 1668 771">
    <p class='ocr_par' dir='ltr' id='par_1_8' title="bbox 97 691 1668 771">
     <span class='ocr_line' id='line_1_8' title="bbox 97 691 1668 771; baseline -0.007 -17"><span class='ocrx_word' id='word_1_33' title='bbox 97 704 180 755; x_wconf 80' lang='grc' dir='ltr'><strong>τδν</strong></span> <span class='ocrx_word' id='word_1_34' title='bbox 222 702 317 754; x_wconf 84' lang='grc' dir='ltr'><strong>τοῦ</strong></span> <span class='ocrx_word' id='word_1_35' title='bbox 373 703 815 771; x_wconf 79' lang='grc' dir='ltr'><strong>ἀρχιστρατήγου</strong></span> <span class='ocrx_word' id='word_1_36' title='bbox 879 696 1102 767; x_wconf 81' lang='grc' dir='ltr'><strong>Μιχαὴλ</strong></span> <span class='ocrx_word' id='word_1_37' title='bbox 1153 696 1296 766; x_wconf 82' lang='grc' dir='ltr'><strong>ἱερὸν</strong></span> <span class='ocrx_word' id='word_1_38' title='bbox 1329 691 1476 748; x_wconf 78' lang='grc' dir='ltr'><strong>οἷκον</strong></span> <span class='ocrx_word' id='word_1_39' title='bbox 1505 695 1563 746; x_wconf 81' lang='grc' dir='ltr'><strong>ὲν</strong></span> <span class='ocrx_word' id='word_1_40' title='bbox 1590 691 1668 763; x_wconf 79' lang='grc' dir='ltr'><strong>τῷ</strong></span> 
     </span>
    </p>
   </div>
   <div class='ocr_carea' id='block_1_9' title="bbox 98 786 1664 862">
    <p class='ocr_par' dir='ltr' id='par_1_9' title="bbox 98 786 1664 862">
     <span class='ocr_line' id='line_1_9' title="bbox 98 786 1664 862; baseline -0.006 -16"><span class='ocrx_word' id='word_1_41' title='bbox 98 793 393 862; x_wconf 83' lang='grc' dir='ltr'><strong>Σωσθενίῳ,</strong></span> <span class='ocrx_word' id='word_1_42' title='bbox 426 794 490 845; x_wconf 75' lang='grc' dir='ltr'><strong>ἐκ</strong></span> <span class='ocrx_word' id='word_1_43' title='bbox 527 791 755 861; x_wconf 80' lang='grc' dir='ltr'><strong>μακρῶν</strong></span> <span class='ocrx_word' id='word_1_44' title='bbox 779 790 1113 860; x_wconf 78' lang='grc' dir='ltr'><strong>διαρῤυέντα</strong></span> <span class='ocrx_word' id='word_1_45' title='bbox 1145 789 1357 859; x_wconf 81' lang='grc' dir='ltr'><strong>χρόνων</strong></span> <span class='ocrx_word' id='word_1_46' title='bbox 1383 789 1477 841; x_wconf 75' lang='grc' dir='ltr'><strong>καὶ</strong></span> <span class='ocrx_word' id='word_1_47' title='bbox 1511 786 1664 840; x_wconf 90' lang='grc' dir='ltr'><strong>πλεί-</strong></span> 
     </span>
    </p>
   </div>
   <div class='ocr_carea' id='block_1_10' title="bbox 100 875 1706 953">
    <p class='ocr_par' dir='ltr' id='par_1_10' title="bbox 100 875 1706 953">
     <span class='ocr_line' id='line_1_10' title="bbox 100 875 1706 953; baseline -0.006 -15"><span class='ocrx_word' id='word_1_48' title='bbox 100 903 235 948; x_wconf 83' lang='grc' dir='ltr'><strong>στοις</strong></span> <span class='ocrx_word' id='word_1_49' title='bbox 263 886 573 939; x_wconf 81' lang='grc' dir='ltr'><strong>ὀκλάσαντα</strong></span> <span class='ocrx_word' id='word_1_50' title='bbox 605 885 850 953; x_wconf 80' lang='grc' dir='ltr'><strong>ρήγμασι</strong></span> <span class='ocrx_word' id='word_1_51' title='bbox 905 883 1001 936; x_wconf 66' lang='grc' dir='ltr'><strong>κα)⁸</strong></span> <span class='ocrx_word' id='word_1_52' title='bbox 1033 881 1134 952; x_wconf 68' lang='grc' dir='ltr'><strong>ἢδη</strong></span> <span class='ocrx_word' id='word_1_53' title='bbox 1158 883 1178 912; x_wconf 75' lang='grc'><strong>⁹</strong></span> <span class='ocrx_word' id='word_1_54' title='bbox 1205 880 1343 951; x_wconf 83' lang='grc' dir='ltr'><strong>πρὸς</strong></span> <span class='ocrx_word' id='word_1_55' title='bbox 1390 879 1516 946; x_wconf 86' lang='grc' dir='ltr'>γόνυ</span> <span class='ocrx_word' id='word_1_56' title='bbox 1553 875 1668 931; x_wconf 86' lang='grc' dir='ltr'><strong>κλι-</strong></span> <span class='ocrx_word' id='word_1_57' title='bbox 1703 892 1706 896; x_wconf 92' lang='grc'><strong>·</strong></span> 
     </span>
    </p>
   </div>
   <div class='ocr_carea' id='block_1_11' title="bbox 98 968 1668 1045">
    <p class='ocr_par' dir='ltr' id='par_1_11' title="bbox 98 968 1668 1045">
     <span class='ocr_line' id='line_1_11' title="bbox 98 968 1668 1045; baseline -0.004 -17"><span class='ocrx_word' id='word_1_58' title='bbox 98 978 252 1030; x_wconf 79' lang='grc' dir='ltr'><strong>θέντα</strong></span> <span class='ocrx_word' id='word_1_59' title='bbox 282 977 470 1045; x_wconf 75' lang='grc' dir='ltr'><strong>σχεδὸν</strong></span> <span class='ocrx_word' id='word_1_60' title='bbox 501 977 674 1028; x_wconf 78' lang='grc' dir='ltr'><strong>καὶτὸ</strong></span> <span class='ocrx_word' id='word_1_61' title='bbox 703 974 834 1026; x_wconf 83' lang='grc' dir='ltr'><strong>πολὺ</strong></span> <span class='ocrx_word' id='word_1_62' title='bbox 865 974 964 1042; x_wconf 82' lang='grc' dir='ltr'><strong>τῆς</strong></span> <span class='ocrx_word' id='word_1_63' title='bbox 990 974 1116 1042; x_wconf 80' lang='grc' dir='ltr'><strong>περὶ</strong></span> <span class='ocrx_word' id='word_1_64' title='bbox 1142 972 1304 1026; x_wconf 79' lang='grc' dir='ltr'><strong>αὑτὸν</strong></span> <span class='ocrx_word' id='word_1_65' title='bbox 1336 968 1668 1039; x_wconf 72' lang='grc' dir='ltr'>εὐπρεπείας</span> 
     </span>
    </p>
   </div>
   <div class='ocr_carea' id='block_1_12' title="bbox 95 1062 1667 1139">
    <p class='ocr_par' dir='ltr' id='par_1_12' title="bbox 95 1062 1667 1139">
     <span class='ocr_line' id='line_1_12' title="bbox 95 1062 1667 1139; baseline -0.007 -17"><span class='ocrx_word' id='word_1_66' title='bbox 95 1069 454 1132; x_wconf 76' lang='grc' dir='ltr'><strong>ἀποϐαλόντα,</strong></span> <span class='ocrx_word' id='word_1_67' title='bbox 493 1067 578 1139; x_wconf 75' lang='grc' dir='ltr'><strong>[Ρ.</strong></span> <span class='ocrx_word' id='word_1_68' title='bbox 608 1067 737 1138; x_wconf 70' lang='grc'><strong>210]</strong></span> <span class='ocrx_word' id='word_1_69' title='bbox 770 1066 880 1118; x_wconf 86' lang='grc' dir='ltr'><strong>τῶν</strong></span> <span class='ocrx_word' id='word_1_70' title='bbox 912 1065 1222 1135; x_wconf 83' lang='grc' dir='ltr'><strong>πτωμάτων</strong></span> <span class='ocrx_word' id='word_1_71' title='bbox 1251 1081 1311 1117; x_wconf 88' lang='grc' dir='ltr'><strong>τε</strong></span> <span class='ocrx_word' id='word_1_72' title='bbox 1362 1062 1667 1128; x_wconf 78' lang='grc' dir='ltr'><strong>διανίστησι</strong></span> 
     </span>
    </p>
   </div>
   <div class='ocr_carea' id='block_1_13' title="bbox 94 1154 1670 1230">
    <p class='ocr_par' dir='ltr' id='par_1_13' title="bbox 94 1154 1670 1230">
     <span class='ocr_line' id='line_1_13' title="bbox 94 1154 1670 1230; baseline -0.005 -17"><span class='ocrx_word' id='word_1_73' title='bbox 94 1162 182 1214; x_wconf 72' lang='grc' dir='ltr'><strong>καὶ</strong></span> <span class='ocrx_word' id='word_1_74' title='bbox 239 1163 378 1230; x_wconf 74' lang='grc' dir='ltr'><strong>πρὸς</strong></span> <span class='ocrx_word' id='word_1_75' title='bbox 432 1161 533 1229; x_wconf 75' lang='grc' dir='ltr'><strong>τὴν</strong></span> <span class='ocrx_word' id='word_1_76' title='bbox 591 1159 865 1229; x_wconf 89' lang='grc' dir='ltr'><strong>προτέραν</strong></span> <span class='ocrx_word' id='word_1_77' title='bbox 939 1157 1125 1228; x_wconf 82' lang='grc' dir='ltr'><strong>ἀκμὴν</strong></span> <span class='ocrx_word' id='word_1_78' title='bbox 1198 1154 1670 1224; x_wconf 80' lang='grc' dir='ltr'><strong>ἀνακαλεσάμενος</strong></span> 
     </span>
    </p>
   </div>
   <div class='ocr_carea' id='block_1_14' title="bbox 92 1246 1670 1322">
    <p class='ocr_par' dir='ltr' id='par_1_14' title="bbox 92 1246 1670 1322">
     <span class='ocr_line' id='line_1_14' title="bbox 92 1246 1670 1322; baseline -0.003 -18"><span class='ocrx_word' id='word_1_79' title='bbox 92 1253 422 1322; x_wconf 82' lang='grc' dir='ltr'><strong>ὡραιότητος</strong></span> <span class='ocrx_word' id='word_1_80' title='bbox 447 1253 666 1320; x_wconf 79' lang='grc' dir='ltr'><strong>ἀπάσης</strong></span> <span class='ocrx_word' id='word_1_81' title='bbox 689 1250 890 1314; x_wconf 76' lang='grc' dir='ltr'><strong>ἔδειξεν</strong></span> <span class='ocrx_word' id='word_1_82' title='bbox 922 1250 1196 1317; x_wconf 77' lang='grc' dir='ltr'><strong>ἔμπλεων.</strong></span> <span class='ocrx_word' id='word_1_83' title='bbox 1231 1249 1340 1302; x_wconf 72' lang='grc' dir='ltr'><strong>Καὶ</strong></span> <span class='ocrx_word' id='word_1_84' title='bbox 1373 1247 1503 1318; x_wconf 79' lang='grc' dir='ltr'><strong>περὶ</strong></span> <span class='ocrx_word' id='word_1_85' title='bbox 1528 1247 1624 1316; x_wconf 86' lang='grc' dir='ltr'><strong>μὲν</strong></span> <span class='ocrx_word' id='word_1_86' title='bbox 1650 1246 1670 1276; x_wconf 86' lang='grc'><strong><em>³</em></strong></span> 
     </span>
    </p>
   </div>
   <div class='ocr_carea' id='block_1_15' title="bbox 93 1338 1670 1411">
    <p class='ocr_par' dir='ltr' id='par_1_15' title="bbox 93 1338 1670 1411">
     <span class='ocr_line' id='line_1_15' title="bbox 93 1338 1670 1411; baseline -0.003 -16"><span class='ocrx_word' id='word_1_87' title='bbox 93 1345 208 1405; x_wconf 66' lang='grc' dir='ltr'><strong>τοὺς</strong></span> <span class='ocrx_word' id='word_1_88' title='bbox 243 1345 424 1411; x_wconf 76' lang='grc' dir='ltr'><strong>ίεροὺς</strong></span> <span class='ocrx_word' id='word_1_89' title='bbox 458 1343 641 1406; x_wconf 80' lang='grc' dir='ltr'><strong>οἴκους</strong></span> <span class='ocrx_word' id='word_1_90' title='bbox 676 1344 770 1395; x_wconf 80' lang='grc' dir='ltr'><strong>καὶ</strong></span> <span class='ocrx_word' id='word_1_91' title='bbox 805 1342 904 1411; x_wconf 82' lang='grc' dir='ltr'><strong>τὴν</strong></span> <span class='ocrx_word' id='word_1_92' title='bbox 959 1340 1166 1394; x_wconf 86' lang='grc' dir='ltr'><strong>τούτων</strong></span> <span class='ocrx_word' id='word_1_93' title='bbox 1220 1341 1538 1409; x_wconf 70' lang='grc' dir='ltr'><strong>ἐπιμέλειαν</strong></span> <span class='ocrx_word' id='word_1_94' title='bbox 1569 1338 1670 1406; x_wconf 49' lang='grc' dir='ltr'><strong>,καὶ</strong></span> 
     </span>
    </p>
   </div>
   <div class='ocr_carea' id='block_1_16' title="bbox 92 1430 1668 1507">
    <p class='ocr_par' dir='ltr' id='par_1_16' title="bbox 92 1430 1668 1507">
     <span class='ocr_line' id='line_1_16' title="bbox 92 1430 1668 1507; baseline -0.003 -19"><span class='ocrx_word' id='word_1_95' title='bbox 92 1437 394 1506; x_wconf 80' lang='grc' dir='ltr'><strong>διόρθωσιν,</strong></span> <span class='ocrx_word' id='word_1_96' title='bbox 427 1438 519 1505; x_wconf 81' lang='grc' dir='ltr'><strong>ἀφ’</strong></span> <span class='ocrx_word' id='word_1_97' title='bbox 550 1430 625 1491; x_wconf 85' lang='grc' dir='ltr'><strong>ὧν</strong></span> <span class='ocrx_word' id='word_1_98' title='bbox 655 1437 889 1506; x_wconf 77' lang='grc' dir='ltr'><strong>μάλιστα</strong></span> <span class='ocrx_word' id='word_1_99' title='bbox 921 1439 952 1506; x_wconf 81' lang='grc' dir='ltr'>ἡ</span> <span class='ocrx_word' id='word_1_100' title='bbox 988 1437 1115 1507; x_wconf 77' lang='grc' dir='ltr'><strong>περὶ</strong></span> <span class='ocrx_word' id='word_1_101' title='bbox 1168 1436 1227 1488; x_wconf 81' lang='grc' dir='ltr'><strong>τὸ</strong></span> <span class='ocrx_word' id='word_1_102' title='bbox 1273 1436 1426 1487; x_wconf 79' lang='grc' dir='ltr'><strong>Θείον</strong></span> <span class='ocrx_word' id='word_1_103' title='bbox 1453 1432 1668 1503; x_wconf 82' lang='grc' dir='ltr'><strong>ὁσιότης</strong></span> 
     </span>
    </p>
   </div>
   <div class='ocr_carea' id='block_1_17' title="bbox 92 1525 1670 1598">
    <p class='ocr_par' dir='ltr' id='par_1_17' title="bbox 92 1525 1670 1598">
     <span class='ocr_line' id='line_1_17' title="bbox 92 1525 1670 1598; baseline -0.001 -19"><span class='ocrx_word' id='word_1_104' title='bbox 92 1528 582 1597; x_wconf 77' lang='grc' dir='ltr'><strong>χαρακτηρίζεται,</strong></span> <span class='ocrx_word' id='word_1_105' title='bbox 616 1528 859 1592; x_wconf 82' lang='grc' dir='ltr'><strong>τοιοῦτος</strong></span> <span class='ocrx_word' id='word_1_106' title='bbox 900 1531 927 1581; x_wconf 87' lang='grc' dir='ltr'>ὁ</span> <span class='ocrx_word' id='word_1_107' title='bbox 975 1529 1034 1580; x_wconf 78' lang='grc' dir='ltr'><strong>ἐν</strong></span> <span class='ocrx_word' id='word_1_108' title='bbox 1071 1525 1382 1597; x_wconf 85' lang='grc' dir='ltr'><strong>βασιλεῦσιν</strong></span> <span class='ocrx_word' id='word_1_109' title='bbox 1430 1525 1670 1598; x_wconf 78' lang='grc' dir='ltr'><strong>ἀοίδιμος</strong></span> 
     </span>
    </p>
   </div>
   <div class='ocr_carea' id='block_1_18' title="bbox 91 1615 466 1689">
    <p class='ocr_par' dir='ltr' id='par_1_18' title="bbox 91 1615 466 1689">
     <span class='ocr_line' id='line_1_18' title="bbox 91 1615 466 1689; baseline 0.003 -18"><span class='ocrx_word' id='word_1_110' title='bbox 91 1620 372 1681; x_wconf 80' lang='grc' dir='ltr'><strong>Βασίλειος</strong></span> <span class='ocrx_word' id='word_1_111' title='bbox 396 1615 466 1689; x_wconf 78' lang='grc' dir='ltr'><strong>ἦν</strong></span> 
     </span>
    </p>
   </div>
   <div class='ocr_carea' id='block_1_19' title="bbox 155 1708 1674 1777">
    <p class='ocr_par' dir='ltr' id='par_1_19' title="bbox 155 1708 1674 1777">
     <span class='ocr_line' id='line_1_19' title="bbox 155 1708 1674 1777; baseline 0.001 -14"><span class='ocrx_word' id='word_1_112' title='bbox 155 1708 258 1777; x_wconf 54' lang='grc' dir='ltr'><strong>ιβ’.</strong></span> <span class='ocrx_word' id='word_1_113' title='bbox 287 1710 459 1773; x_wconf 82' lang='grc' dir='ltr'><strong>Εἰδὼς</strong></span> <span class='ocrx_word' id='word_1_114' title='bbox 517 1711 572 1763; x_wconf 79' lang='grc' dir='ltr'><strong>δὲ</strong></span> <span class='ocrx_word' id='word_1_115' title='bbox 621 1711 704 1764; x_wconf 84' lang='grc' dir='ltr'><strong>ὃτι</strong></span> <span class='ocrx_word' id='word_1_116' title='bbox 735 1710 822 1763; x_wconf 77' lang='grc' dir='ltr'><strong>ἐπ’</strong></span> <span class='ocrx_word' id='word_1_117' title='bbox 856 1710 876 1740; x_wconf 72' lang='grc'>⁸</span> <span class='ocrx_word' id='word_1_118' title='bbox 923 1711 1100 1764; x_wconf 72' lang='grc' dir='ltr'><strong>οὐδενὶ</strong></span> <span class='ocrx_word' id='word_1_119' title='bbox 1128 1711 1381 1764; x_wconf 88' lang='grc' dir='ltr'><strong>τοσοῦτον</strong></span> <span class='ocrx_word' id='word_1_120' title='bbox 1411 1711 1535 1765; x_wconf 84' lang='grc' dir='ltr'><strong>ὅσον</strong></span> <span class='ocrx_word' id='word_1_121' title='bbox 1581 1711 1674 1764; x_wconf 72' lang='grc' dir='ltr'><strong>ἐπὶ</strong></span> 
     </span>
    </p>
   </div>
   <div class='ocr_carea' id='block_1_20' title="bbox 1769 690 3344 759">
    <p class='ocr_par' dir='ltr' id='par_1_20' title="bbox 1769 690 3344 759">
     <span class='ocr_line' id='line_1_20' title="bbox 1769 690 3344 759; baseline -0.001 -14"><span class='ocrx_word' id='word_1_122' title='bbox 1769 691 1950 745; x_wconf 88' lang='lat' dir='ltr'><strong>thenio</strong></span> <span class='ocrx_word' id='word_1_123' title='bbox 2002 705 2212 744; x_wconf 80' lang='lat' dir='ltr'><strong>sacram</strong></span> <span class='ocrx_word' id='word_1_124' title='bbox 2250 691 2442 753; x_wconf 66' lang='lat' dir='ltr'><strong>aedem,</strong></span> <span class='ocrx_word' id='word_1_125' title='bbox 2477 690 2635 759; x_wconf 83' lang='lat' dir='ltr'><strong>longa</strong></span> <span class='ocrx_word' id='word_1_126' title='bbox 2683 698 2954 745; x_wconf 76' lang='lat' dir='ltr'><strong>vetustate</strong></span> <span class='ocrx_word' id='word_1_127' title='bbox 2985 691 3344 746; x_wconf 82' lang='lat' dir='ltr'><strong>collabentem</strong></span> 
     </span>
    </p>
   </div>
   <div class='ocr_carea' id='block_1_21' title="bbox 1766 777 3344 851">
    <p class='ocr_par' dir='ltr' id='par_1_21' title="bbox 1766 777 3344 851">
     <span class='ocr_line' id='line_1_21' title="bbox 1766 777 3344 851; baseline 0.001 -17"><span class='ocrx_word' id='word_1_128' title='bbox 1766 782 2068 849; x_wconf 83' lang='lat' dir='ltr'><strong>multisque</strong></span> <span class='ocrx_word' id='word_1_129' title='bbox 2097 778 2255 851; x_wconf 66' lang='lat'><strong>341</strong></span> <span class='ocrx_word' id='word_1_130' title='bbox 2314 779 2553 833; x_wconf 82' lang='lat' dir='ltr'><strong>hiatibus</strong></span> <span class='ocrx_word' id='word_1_131' title='bbox 2588 777 2928 834; x_wconf 81' lang='lat' dir='ltr'><strong>fatiscentem</strong></span> <span class='ocrx_word' id='word_1_132' title='bbox 2960 795 3025 834; x_wconf 87' lang='lat' dir='ltr'><strong>ac</strong></span> <span class='ocrx_word' id='word_1_133' title='bbox 3060 779 3110 833; x_wconf 89' lang='lat' dir='ltr'><strong>in</strong></span> <span class='ocrx_word' id='word_1_134' title='bbox 3170 792 3344 847; x_wconf 80' lang='lat' dir='ltr'><strong>genua</strong></span> 
     </span>
    </p>
   </div>
   <div class='ocr_carea' id='block_1_22' title="bbox 1767 870 3347 943">
    <p class='ocr_par' dir='ltr' id='par_1_22' title="bbox 1767 870 3347 943">
     <span class='ocr_line' id='line_1_22' title="bbox 1767 870 3347 943; baseline 0 -17"><span class='ocrx_word' id='word_1_135' title='bbox 1767 887 1904 943; x_wconf 88' lang='lat' dir='ltr'><strong>pene</strong></span> <span class='ocrx_word' id='word_1_136' title='bbox 1931 879 2309 943; x_wconf 90' lang='lat' dir='ltr'><strong>proruentem,</strong></span> <span class='ocrx_word' id='word_1_137' title='bbox 2340 873 2557 926; x_wconf 94' lang='lat' dir='ltr'><strong>decoris</strong></span> <span class='ocrx_word' id='word_1_138' title='bbox 2587 870 2719 926; x_wconf 82' lang='lat' dir='ltr'><strong>ﬂore</strong></span> <span class='ocrx_word' id='word_1_139' title='bbox 2747 885 2943 940; x_wconf 86' lang='lat' dir='ltr'><strong>magna</strong></span> <span class='ocrx_word' id='word_1_140' title='bbox 2978 881 3129 941; x_wconf 90' lang='lat' dir='ltr'><strong>parte</strong></span> <span class='ocrx_word' id='word_1_141' title='bbox 3157 874 3347 942; x_wconf 82' lang='lat' dir='ltr'><strong>deper-</strong></span> 
     </span>
    </p>
   </div>
   <div class='ocr_carea' id='block_1_23' title="bbox 1767 964 3342 1034">
    <p class='ocr_par' dir='ltr' id='par_1_23' title="bbox 1767 964 3342 1034">
     <span class='ocr_line' id='line_1_23' title="bbox 1767 964 3342 1034; baseline 0 -14"><span class='ocrx_word' id='word_1_142' title='bbox 1767 967 1901 1025; x_wconf 89' lang='lat' dir='ltr'><strong>dito.</strong></span> <span class='ocrx_word' id='word_1_143' title='bbox 1936 980 1966 1019; x_wconf 88' lang='lat' dir='ltr'><strong>e</strong></span> <span class='ocrx_word' id='word_1_144' title='bbox 1994 964 2170 1019; x_wconf 91' lang='lat' dir='ltr'><strong>ruinis</strong></span> <span class='ocrx_word' id='word_1_145' title='bbox 2199 971 2444 1033; x_wconf 83' lang='lat' dir='ltr'><strong>ereptam</strong></span> <span class='ocrx_word' id='word_1_146' title='bbox 2469 964 2812 1034; x_wconf 88' lang='lat' dir='ltr'><strong>pristinoque</strong></span> <span class='ocrx_word' id='word_1_147' title='bbox 2840 964 3006 1033; x_wconf 77' lang='lat' dir='ltr'><strong>vigori</strong></span> <span class='ocrx_word' id='word_1_148' title='bbox 3038 965 3342 1020; x_wconf 83' lang='lat' dir='ltr'><strong>restitutam</strong></span> 
     </span>
    </p>
   </div>
   <div class='ocr_carea' id='block_1_24' title="bbox 1766 1056 3344 1128">
    <p class='ocr_par' dir='ltr' id='par_1_24' title="bbox 1766 1056 3344 1128">
     <span class='ocr_line' id='line_1_24' title="bbox 1766 1056 3344 1128; baseline 0.001 -18"><span class='ocrx_word' id='word_1_149' title='bbox 1766 1058 1915 1111; x_wconf 88' lang='lat' dir='ltr'><strong>omni</strong></span> <span class='ocrx_word' id='word_1_150' title='bbox 1951 1066 2239 1112; x_wconf 80' lang='lat' dir='ltr'><strong>venustate</strong></span> <span class='ocrx_word' id='word_1_151' title='bbox 2269 1056 2551 1126; x_wconf 83' lang='lat' dir='ltr'><strong>gratiaque</strong></span> <span class='ocrx_word' id='word_1_152' title='bbox 2589 1057 2854 1125; x_wconf 85' lang='lat' dir='ltr'><strong>implevit.</strong></span> <span class='ocrx_word' id='word_1_153' title='bbox 2899 1057 2991 1110; x_wconf 90' lang='lat' dir='ltr'><strong>Sic</strong></span> <span class='ocrx_word' id='word_1_154' title='bbox 3017 1057 3198 1126; x_wconf 88' lang='lat' dir='ltr'><strong>itaque</strong></span> <span class='ocrx_word' id='word_1_155' title='bbox 3218 1072 3344 1128; x_wconf 83' lang='lat' dir='ltr'><strong>erga</strong></span> 
     </span>
    </p>
   </div>
   <div class='ocr_carea' id='block_1_25' title="bbox 1769 1147 3345 1216">
    <p class='ocr_par' dir='ltr' id='par_1_25' title="bbox 1769 1147 3345 1216">
     <span class='ocr_line' id='line_1_25' title="bbox 1769 1147 3345 1216; baseline -0.001 -14"><span class='ocrx_word' id='word_1_156' title='bbox 1769 1163 1954 1202; x_wconf 77' lang='lat' dir='ltr'><strong>sat-ras</strong></span> <span class='ocrx_word' id='word_1_157' title='bbox 2019 1149 2162 1202; x_wconf 71' lang='lat' dir='ltr'><strong>mdes</strong></span> <span class='ocrx_word' id='word_1_158' title='bbox 2225 1162 2528 1216; x_wconf 86' lang='lat' dir='ltr'><strong>earumque</strong></span> <span class='ocrx_word' id='word_1_159' title='bbox 2579 1163 2766 1202; x_wconf 92' lang='lat' dir='ltr'><strong>curam</strong></span> <span class='ocrx_word' id='word_1_160' title='bbox 2831 1156 2878 1200; x_wconf 86' lang='lat' dir='ltr'><strong>et</strong></span> <span class='ocrx_word' id='word_1_161' title='bbox 2945 1147 3345 1216; x_wconf 87' lang='lat' dir='ltr'><strong>reparationem</strong></span> 
     </span>
    </p>
   </div>
   <div class='ocr_carea' id='block_1_26' title="bbox 1777 1237 3344 1309">
    <p class='ocr_par' dir='ltr' id='par_1_26' title="bbox 1777 1237 3344 1309">
     <span class='ocr_line' id='line_1_26' title="bbox 1777 1237 3344 1309; baseline 0.001 -18"><span class='ocrx_word' id='word_1_162' title='bbox 1777 1239 1994 1309; x_wconf 88' lang='lat' dir='ltr'><strong>(quibus</strong></span> <span class='ocrx_word' id='word_1_163' title='bbox 2026 1237 2373 1308; x_wconf 90' lang='lat' dir='ltr'><strong>potissimum</strong></span> <span class='ocrx_word' id='word_1_164' title='bbox 2407 1238 2580 1306; x_wconf 89' lang='lat' dir='ltr'><strong>pietas</strong></span> <span class='ocrx_word' id='word_1_165' title='bbox 2612 1238 2667 1291; x_wconf 89' lang='lat' dir='ltr'><strong>in</strong></span> <span class='ocrx_word' id='word_1_166' title='bbox 2693 1237 2860 1292; x_wconf 84' lang='lat' dir='ltr'><strong>Deum</strong></span> <span class='ocrx_word' id='word_1_167' title='bbox 2887 1247 3054 1306; x_wconf 87' lang='lat' dir='ltr'><strong>atque</strong></span> <span class='ocrx_word' id='word_1_168' title='bbox 3083 1237 3344 1293; x_wconf 85' lang='lat' dir='ltr'><strong>sanctitas</strong></span> 
     </span>
    </p>
   </div>
   <div class='ocr_carea' id='block_1_27' title="bbox 1774 1327 3345 1399">
    <p class='ocr_par' dir='ltr' id='par_1_27' title="bbox 1774 1327 3345 1399">
     <span class='ocr_line' id='line_1_27' title="bbox 1774 1327 3345 1399; baseline -0.001 -16"><span class='ocrx_word' id='word_1_169' title='bbox 1774 1330 2112 1399; x_wconf 72' lang='lat' dir='ltr'><strong>designatur)</strong></span> <span class='ocrx_word' id='word_1_170' title='bbox 2131 1330 2273 1382; x_wconf 91' lang='lat' dir='ltr'><strong>inter</strong></span> <span class='ocrx_word' id='word_1_171' title='bbox 2300 1329 2656 1399; x_wconf 82' lang='lat' dir='ltr'><strong>imperatores</strong></span> <span class='ocrx_word' id='word_1_172' title='bbox 2683 1328 2895 1398; x_wconf 67' lang='lat' dir='ltr'><strong>inclytae</strong></span> <span class='ocrx_word' id='word_1_173' title='bbox 2918 1327 3196 1382; x_wconf 74' lang='lat' dir='ltr'><strong>memoriae</strong></span> <span class='ocrx_word' id='word_1_174' title='bbox 3225 1342 3345 1383; x_wconf 87' lang='lat' dir='ltr'><strong>sese</strong></span> 
     </span>
    </p>
   </div>
   <div class='ocr_carea' id='block_1_28' title="bbox 1772 1420 2250 1476">
    <p class='ocr_par' dir='ltr' id='par_1_28' title="bbox 1772 1420 2250 1476">
     <span class='ocr_line' id='line_1_28' title="bbox 1772 1420 2250 1476; baseline -0.002 -2"><span class='ocrx_word' id='word_1_175' title='bbox 1772 1421 2006 1476; x_wconf 89' lang='lat' dir='ltr'><strong>Basilius</strong></span> <span class='ocrx_word' id='word_1_176' title='bbox 2041 1420 2250 1475; x_wconf 89' lang='lat' dir='ltr'><strong>habuit.</strong></span> 
     </span>
    </p>
   </div>
   <div class='ocr_carea' id='block_1_29' title="bbox 1843 1717 3348 1779">
    <p class='ocr_par' dir='ltr' id='par_1_29' title="bbox 1843 1717 3348 1779">
     <span class='ocr_line' id='line_1_29' title="bbox 1843 1717 3348 1779; baseline 0 -2"><span class='ocrx_word' id='word_1_177' title='bbox 1843 1723 1933 1777; x_wconf 84' lang='lat'><strong>95.</strong></span> <span class='ocrx_word' id='word_1_178' title='bbox 1981 1719 2181 1775; x_wconf 81' lang='lat' dir='ltr'><strong>Videtis</strong></span> <span class='ocrx_word' id='word_1_179' title='bbox 2214 1726 2397 1774; x_wconf 90' lang='lat' dir='ltr'><strong>autem</strong></span> <span class='ocrx_word' id='word_1_180' title='bbox 2428 1717 2575 1774; x_wconf 88' lang='lat' dir='ltr'><strong>nulla</strong></span> <span class='ocrx_word' id='word_1_181' title='bbox 2603 1734 2662 1774; x_wconf 90' lang='lat' dir='ltr'><strong>re</strong></span> <span class='ocrx_word' id='word_1_182' title='bbox 2695 1719 2774 1774; x_wconf 82' lang='lat' dir='ltr'><strong>sic</strong></span> <span class='ocrx_word' id='word_1_183' title='bbox 2799 1720 2970 1776; x_wconf 86' lang='lat' dir='ltr'><strong>Deum</strong></span> <span class='ocrx_word' id='word_1_184' title='bbox 3004 1721 3263 1779; x_wconf 85' lang='lat' dir='ltr'><strong>delectari</strong></span> <span class='ocrx_word' id='word_1_185' title='bbox 3289 1731 3348 1779; x_wconf 92' lang='lat' dir='ltr'><strong>ut</strong></span> 
     </span>
    </p>
   </div>
   <div class='ocr_carea' id='block_1_30' title="bbox 92 1801 1674 1887">
    <p class='ocr_par' dir='ltr' id='par_1_30' title="bbox 92 1801 1673 1873">
     <span class='ocr_line' id='line_1_30' title="bbox 92 1801 1673 1873; baseline 0.002 -20"><span class='ocrx_word' id='word_1_186' title='bbox 92 1804 337 1872; x_wconf 71' lang='grc' dir='ltr'><strong>σωτηρίᾳ</strong></span> <span class='ocrx_word' id='word_1_187' title='bbox 371 1801 560 1873; x_wconf 73' lang='grc' dir='ltr'><strong>ψυχῶν</strong></span> <span class='ocrx_word' id='word_1_188' title='bbox 591 1804 619 1855; x_wconf 86' lang='grc' dir='ltr'>ὁ</span> <span class='ocrx_word' id='word_1_189' title='bbox 656 1804 676 1834; x_wconf 82' lang='grc'><strong><em>⁸</em></strong></span> <span class='ocrx_word' id='word_1_190' title='bbox 738 1803 873 1865; x_wconf 82' lang='grc' dir='ltr'>Θεὸς</span> <span class='ocrx_word' id='word_1_191' title='bbox 912 1804 1364 1873; x_wconf 71' lang='grc' dir='ltr'><strong>ὲπευφραίνεται,</strong></span> <span class='ocrx_word' id='word_1_192' title='bbox 1417 1805 1510 1857; x_wconf 77' lang='grc' dir='ltr'><strong>καὶ</strong></span> <span class='ocrx_word' id='word_1_193' title='bbox 1533 1804 1615 1857; x_wconf 85' lang='grc' dir='ltr'><strong>ὅτι</strong></span> <span class='ocrx_word' id='word_1_194' title='bbox 1645 1805 1673 1856; x_wconf 84' lang='grc' dir='ltr'>ὁ</span> 
     </span>
    </p>
   </div>
   <div class='ocr_carea' id='block_1_31' title="bbox 1777 1801 3349 1887">
    <p class='ocr_par' dir='ltr' id='par_1_31' title="bbox 1777 1813 3349 1887">
     <span class='ocr_line' id='line_1_31' title="bbox 1777 1813 3349 1887; baseline 0.001 -18"><span class='ocrx_word' id='word_1_195' title='bbox 1777 1816 2082 1869; x_wconf 88' lang='lat' dir='ltr'><strong>animorum</strong></span> <span class='ocrx_word' id='word_1_196' title='bbox 2119 1813 2299 1868; x_wconf 83' lang='lat' dir='ltr'><strong>salute</strong></span> <span class='ocrx_word' id='word_1_197' title='bbox 2329 1829 2567 1882; x_wconf 88' lang='lat' dir='ltr'><strong>eumque</strong></span> <span class='ocrx_word' id='word_1_198' title='bbox 2594 1814 2685 1883; x_wconf 90' lang='lat' dir='ltr'><strong>qui</strong></span> <span class='ocrx_word' id='word_1_199' title='bbox 2720 1815 2945 1885; x_wconf 88' lang='lat' dir='ltr'><strong>dignum</strong></span> <span class='ocrx_word' id='word_1_200' title='bbox 3000 1817 3069 1870; x_wconf 84' lang='lat' dir='ltr'><strong>ab</strong></span> <span class='ocrx_word' id='word_1_201' title='bbox 3123 1817 3349 1887; x_wconf 83' lang='lat' dir='ltr'><strong>indigno</strong></span> 
     </span>
    </p>
   </div>
   <div class='ocr_carea' id='block_1_32' title="bbox 89 1893 1673 1966">
    <p class='ocr_par' dir='ltr' id='par_1_32' title="bbox 89 1893 1673 1966">
     <span class='ocr_line' id='line_1_32' title="bbox 89 1893 1673 1966; baseline 0.002 -21"><span class='ocrx_word' id='word_1_202' title='bbox 89 1895 298 1960; x_wconf 69' lang='grc' dir='ltr'><strong>ἐξάγων</strong></span> <span class='ocrx_word' id='word_1_203' title='bbox 325 1893 477 1957; x_wconf 77' lang='grc' dir='ltr'><strong>ἄξιον</strong></span> <span class='ocrx_word' id='word_1_204' title='bbox 503 1893 564 1957; x_wconf 76' lang='grc' dir='ltr'><strong>ἐξ</strong></span> <span class='ocrx_word' id='word_1_205' title='bbox 594 1893 816 1957; x_wconf 81' lang='grc' dir='ltr'><strong>ἀναξίου</strong></span> <span class='ocrx_word' id='word_1_206' title='bbox 839 1897 913 1958; x_wconf 87' lang='grc' dir='ltr'><strong>ὼς</strong></span> <span class='ocrx_word' id='word_1_207' title='bbox 933 1896 952 1926; x_wconf 81' lang='grc'>⁸</span> <span class='ocrx_word' id='word_1_208' title='bbox 986 1896 1162 1965; x_wconf 79' lang='grc' dir='ltr'><strong>στόμα</strong></span> <span class='ocrx_word' id='word_1_209' title='bbox 1184 1896 1514 1966; x_wconf 74' lang='grc' dir='ltr'><strong>χρηματίζει</strong></span> <span class='ocrx_word' id='word_1_210' title='bbox 1541 1897 1673 1964; x_wconf 82' lang='grc' dir='ltr'><strong>Χρι-</strong></span> 
     </span>
    </p>
   </div>
   <div class='ocr_carea' id='block_1_33' title="bbox 89 1986 1672 2060">
    <p class='ocr_par' dir='ltr' id='par_1_33' title="bbox 89 1986 1672 2060">
     <span class='ocr_line' id='line_1_33' title="bbox 89 1986 1672 2060; baseline 0.002 -22"><span class='ocrx_word' id='word_1_211' title='bbox 89 1986 236 2049; x_wconf 87' lang='grc' dir='ltr'><strong>στοῦ,</strong></span> <span class='ocrx_word' id='word_1_212' title='bbox 275 1986 396 2039; x_wconf 77' lang='grc' dir='ltr'><strong>οὐδὲ</strong></span> <span class='ocrx_word' id='word_1_213' title='bbox 423 1989 553 2056; x_wconf 70' lang='grc' dir='ltr'><strong>περὶ</strong></span> <span class='ocrx_word' id='word_1_214' title='bbox 594 1987 656 2040; x_wconf 81' lang='grc' dir='ltr'><strong>τὸ</strong></span> <span class='ocrx_word' id='word_1_215' title='bbox 688 1988 1044 2040; x_wconf 77' lang='grc' dir='ltr'><strong>ἀποστολικὸν</strong></span> <span class='ocrx_word' id='word_1_216' title='bbox 1093 1989 1251 2042; x_wconf 87' lang='grc' dir='ltr'><strong>τοῦτο</strong></span> <span class='ocrx_word' id='word_1_217' title='bbox 1280 1989 1441 2059; x_wconf 77' lang='grc' dir='ltr'><strong>ἔργον</strong></span> <span class='ocrx_word' id='word_1_218' title='bbox 1469 1990 1672 2060; x_wconf 79' lang='grc' dir='ltr'><strong>ἀμελὴς</strong></span> 
     </span>
    </p>
   </div>
   <div class='ocr_carea' id='block_1_34' title="bbox 89 2079 1672 2153">
    <p class='ocr_par' dir='ltr' id='par_1_34' title="bbox 89 2079 1672 2153">
     <span class='ocr_line' id='line_1_34' title="bbox 89 2079 1672 2153; baseline 0.004 -23"><span class='ocrx_word' id='word_1_219' title='bbox 89 2080 256 2149; x_wconf 67' lang='grc' dir='ltr'><strong>ἐφάνη</strong></span> <span class='ocrx_word' id='word_1_220' title='bbox 293 2081 389 2132; x_wconf 82' lang='grc' dir='ltr'><strong>καὶ</strong></span> <span class='ocrx_word' id='word_1_221' title='bbox 424 2079 688 2150; x_wconf 77' lang='grc' dir='ltr'><strong>ῥᾴθυμος,</strong></span> <span class='ocrx_word' id='word_1_222' title='bbox 718 2080 856 2133; x_wconf 92' lang='grc' dir='ltr'><strong>ἀλλά</strong></span> <span class='ocrx_word' id='word_1_223' title='bbox 894 2081 1110 2151; x_wconf 89' lang='grc' dir='ltr'><strong>πρῶτον</strong></span> <span class='ocrx_word' id='word_1_224' title='bbox 1145 2083 1243 2153; x_wconf 82' lang='grc' dir='ltr'><strong>μὲν</strong></span> <span class='ocrx_word' id='word_1_225' title='bbox 1285 2082 1346 2136; x_wconf 82' lang='grc' dir='ltr'><strong>τὸ</strong></span> <span class='ocrx_word' id='word_1_226' title='bbox 1397 2084 1505 2136; x_wconf 89' lang='grc' dir='ltr'><strong>τῶν</strong></span> <span class='ocrx_word' id='word_1_227' title='bbox 1538 2085 1672 2137; x_wconf 87' lang='grc' dir='ltr'><strong>Ἰου-</strong></span> 
     </span>
    </p>
   </div>
   <div class='ocr_carea' id='block_1_35' title="bbox 87 2169 1673 2245">
    <p class='ocr_par' dir='ltr' id='par_1_35' title="bbox 87 2169 1673 2245">
     <span class='ocr_line' id='line_1_35' title="bbox 87 2169 1673 2245; baseline 0.004 -25"><span class='ocrx_word' id='word_1_228' title='bbox 87 2170 252 2222; x_wconf 82' lang='grc' dir='ltr'><strong>δαιων</strong></span> <span class='ocrx_word' id='word_1_229' title='bbox 292 2169 450 2232; x_wconf 69' lang='grc' dir='ltr'><strong>ἔθνος</strong></span> <span class='ocrx_word' id='word_1_230' title='bbox 484 2171 864 2241; x_wconf 86' lang='grc' dir='ltr'><strong>ἀπερίτμητόν</strong></span> <span class='ocrx_word' id='word_1_231' title='bbox 910 2189 969 2225; x_wconf 87' lang='grc' dir='ltr'><strong>τε</strong></span> <span class='ocrx_word' id='word_1_232' title='bbox 1000 2174 1095 2226; x_wconf 78' lang='grc' dir='ltr'><strong>καὶ</strong></span> <span class='ocrx_word' id='word_1_233' title='bbox 1125 2174 1578 2245; x_wconf 84' lang='grc' dir='ltr'><strong>σκληροκάρδιον,</strong></span> <span class='ocrx_word' id='word_1_234' title='bbox 1612 2176 1673 2227; x_wconf 85' lang='grc' dir='ltr'><strong>τὸ</strong></span> 
     </span>
    </p>
   </div>
   <div class='ocr_carea' id='block_1_36' title="bbox 89 2261 1672 2337">
    <p class='ocr_par' dir='ltr' id='par_1_36' title="bbox 89 2261 1672 2337">
     <span class='ocr_line' id='line_1_36' title="bbox 89 2261 1672 2337; baseline 0.003 -24"><span class='ocrx_word' id='word_1_235' title='bbox 89 2263 209 2313; x_wconf 80' lang='grc' dir='ltr'><strong>ὅσον</strong></span> <span class='ocrx_word' id='word_1_236' title='bbox 241 2261 330 2314; x_wconf 76' lang='grc' dir='ltr'><strong>ἐπ’</strong></span> <span class='ocrx_word' id='word_1_237' title='bbox 379 2263 400 2294; x_wconf 84' lang='grc'><strong>⁷</strong></span> <span class='ocrx_word' id='word_1_238' title='bbox 450 2261 618 2331; x_wconf 72' lang='grc' dir='ltr'><strong>αὐτῷ,</strong></span> <span class='ocrx_word' id='word_1_239' title='bbox 653 2265 733 2326; x_wconf 89' lang='grc' dir='ltr'><strong>είς</strong></span> <span class='ocrx_word' id='word_1_240' title='bbox 761 2263 859 2333; x_wconf 76' lang='grc' dir='ltr'><strong>τὴν</strong></span> <span class='ocrx_word' id='word_1_241' title='bbox 893 2265 1174 2335; x_wconf 81' lang='grc' dir='ltr'><strong>ὑποταγὴν</strong></span> <span class='ocrx_word' id='word_1_242' title='bbox 1214 2267 1504 2337; x_wconf 86' lang='grc' dir='ltr'><strong>σαγηνεύει</strong></span> <span class='ocrx_word' id='word_1_243' title='bbox 1536 2268 1672 2336; x_wconf 87' lang='grc' dir='ltr'><strong>Χρι-</strong></span> 
     </span>
    </p>
   </div>
   <div class='ocr_carea' id='block_1_37' title="bbox 92 2350 1671 2424">
    <p class='ocr_par' dir='ltr' id='par_1_37' title="bbox 92 2350 1671 2424">
     <span class='ocr_line' id='line_1_37' title="bbox 92 2350 1671 2424; baseline 0.003 -20"><span class='ocrx_word' id='word_1_244' title='bbox 92 2350 238 2405; x_wconf 81' lang='grc' dir='ltr'><strong>στοῦ.</strong></span> <span class='ocrx_word' id='word_1_245' title='bbox 296 2351 580 2415; x_wconf 83' lang='grc' dir='ltr'><strong>Κελεύσας</strong></span> <span class='ocrx_word' id='word_1_246' title='bbox 616 2354 724 2420; x_wconf 80' lang='grc' dir='ltr'><strong>γὰρ</strong></span> <span class='ocrx_word' id='word_1_247' title='bbox 776 2354 976 2418; x_wconf 77' lang='grc' dir='ltr'><strong>αὐτοὺς</strong></span> <span class='ocrx_word' id='word_1_248' title='bbox 1003 2356 1099 2424; x_wconf 61' lang='grc' dir='ltr'><strong>τῆν,</strong></span> <span class='ocrx_word' id='word_1_249' title='bbox 1132 2355 1338 2418; x_wconf 81' lang='grc' dir='ltr'><strong>οἰκείας</strong></span> <span class='ocrx_word' id='word_1_250' title='bbox 1376 2355 1671 2424; x_wconf 85' lang='grc' dir='ltr'><strong>θρησκείας</strong></span> 
     </span>
    </p>
   </div>
   <div class='ocr_carea' id='block_1_38' title="bbox 89 2446 1668 2519">
    <p class='ocr_par' dir='ltr' id='par_1_38' title="bbox 89 2446 1668 2519">
     <span class='ocr_line' id='line_1_38' title="bbox 89 2446 1668 2519; baseline 0.004 -22"><span class='ocrx_word' id='word_1_251' title='bbox 89 2449 181 2507; x_wconf 70' lang='grc' dir='ltr'><strong>τὰς</strong></span> <span class='ocrx_word' id='word_1_252' title='bbox 214 2446 524 2512; x_wconf 74' lang='grc' dir='ltr'><strong>ἀποδείξεις</strong></span> <span class='ocrx_word' id='word_1_253' title='bbox 556 2447 882 2516; x_wconf 76' lang='grc' dir='ltr'><strong>κομίζοντας</strong></span> <span class='ocrx_word' id='word_1_254' title='bbox 914 2450 992 2511; x_wconf 90' lang='grc' dir='ltr'><strong>είς</strong></span> <span class='ocrx_word' id='word_1_255' title='bbox 1027 2449 1291 2515; x_wconf 81' lang='grc' dir='ltr'><strong>διαλέξεις</strong></span> <span class='ocrx_word' id='word_1_256' title='bbox 1347 2451 1546 2519; x_wconf 83' lang='grc' dir='ltr'><strong>χωρεῖν</strong></span> <span class='ocrx_word' id='word_1_257' title='bbox 1579 2451 1668 2503; x_wconf 56' lang='grc' dir='ltr'><strong>καλ</strong></span> 
     </span>
    </p>
   </div>
   <div class='ocr_carea' id='block_1_39' title="bbox 90 2538 1645 2612">
    <p class='ocr_par' dir='ltr' id='par_1_39' title="bbox 90 2538 1645 2612">
     <span class='ocr_line' id='line_1_39' title="bbox 90 2538 1645 2612; baseline 0.001 -22"><span class='ocrx_word' id='word_1_258' title='bbox 90 2540 120 2604; x_wconf 74' lang='grc' dir='ltr'><strong>ἢ</strong></span> <span class='ocrx_word' id='word_1_259' title='bbox 170 2538 455 2590; x_wconf 74' lang='grc' dir='ltr'><strong>δεικνύναι</strong></span> <span class='ocrx_word' id='word_1_260' title='bbox 483 2540 552 2591; x_wconf 71' lang='grc' dir='ltr'><strong>τα</strong></span> <span class='ocrx_word' id='word_1_261' title='bbox 580 2538 702 2591; x_wconf 81' lang='grc' dir='ltr'><strong>κατ’</strong></span> <span class='ocrx_word' id='word_1_262' title='bbox 730 2541 930 2602; x_wconf 79' lang='grc' dir='ltr'><strong>αὐτοὺς</strong></span> <span class='ocrx_word' id='word_1_263' title='bbox 985 2540 1184 2611; x_wconf 75' lang='grc' dir='ltr'><strong>ἰσχυρά</strong></span> <span class='ocrx_word' id='word_1_264' title='bbox 1216 2556 1275 2592; x_wconf 85' lang='grc' dir='ltr'><strong>τε</strong></span> <span class='ocrx_word' id='word_1_265' title='bbox 1303 2543 1396 2593; x_wconf 82' lang='grc' dir='ltr'><strong>καὶ</strong></span> <span class='ocrx_word' id='word_1_266' title='bbox 1422 2542 1645 2612; x_wconf 77' lang='grc' dir='ltr'><strong>ἀναντίῤ</strong></span> 
     </span>
    </p>
   </div>
   <div class='ocr_carea' id='block_1_40' title="bbox 93 2627 1669 2700">
    <p class='ocr_par' dir='ltr' id='par_1_40' title="bbox 93 2627 1669 2700">
     <span class='ocr_line' id='line_1_40' title="bbox 93 2627 1669 2700; baseline 0.004 -22"><span class='ocrx_word' id='word_1_267' title='bbox 93 2630 250 2697; x_wconf 81' lang='grc' dir='ltr'><strong>ρητα,</strong></span> <span class='ocrx_word' id='word_1_268' title='bbox 286 2627 319 2696; x_wconf 78' lang='grc' dir='ltr'>ἦ</span> <span class='ocrx_word' id='word_1_269' title='bbox 352 2627 709 2697; x_wconf 83' lang='grc' dir='ltr'><strong>πειθομένους</strong></span> <span class='ocrx_word' id='word_1_270' title='bbox 755 2631 838 2681; x_wconf 86' lang='grc' dir='ltr'><strong>ὅτι</strong></span> <span class='ocrx_word' id='word_1_271' title='bbox 896 2630 1191 2698; x_wconf 85' lang='grc' dir='ltr'><strong>κεφάλαιον</strong></span> <span class='ocrx_word' id='word_1_272' title='bbox 1235 2629 1328 2683; x_wconf 89' lang='grc' dir='ltr'><strong>τοῦ</strong></span> <span class='ocrx_word' id='word_1_273' title='bbox 1365 2631 1530 2700; x_wconf 90' lang='grc' dir='ltr'><strong>νόμου</strong></span> <span class='ocrx_word' id='word_1_274' title='bbox 1580 2633 1669 2685; x_wconf 63' lang='grc' dir='ltr'><strong>κα)</strong></span> 
     </span>
    </p>
   </div>
   <div class='ocr_carea' id='block_1_41' title="bbox 90 2719 1674 2794">
    <p class='ocr_par' dir='ltr' id='par_1_41' title="bbox 90 2719 1674 2794">
     <span class='ocr_line' id='line_1_41' title="bbox 90 2719 1674 2794; baseline 0.003 -24"><span class='ocrx_word' id='word_1_275' title='bbox 90 2720 194 2772; x_wconf 87' lang='grc' dir='ltr'><strong>τῶν</strong></span> <span class='ocrx_word' id='word_1_276' title='bbox 227 2721 533 2790; x_wconf 79' lang='grc' dir='ltr'><strong>προφητῶν</strong></span> <span class='ocrx_word' id='word_1_277' title='bbox 587 2724 615 2774; x_wconf 85' lang='grc' dir='ltr'>ὁ</span> <span class='ocrx_word' id='word_1_278' title='bbox 645 2723 883 2791; x_wconf 80' lang='grc' dir='ltr'><strong>Χριστὸς</strong></span> <span class='ocrx_word' id='word_1_279' title='bbox 939 2719 1006 2794; x_wconf 82' lang='grc' dir='ltr'><strong>ἦν</strong></span> <span class='ocrx_word' id='word_1_280' title='bbox 1040 2726 1133 2776; x_wconf 77' lang='grc' dir='ltr'><strong>καὶ</strong></span> <span class='ocrx_word' id='word_1_281' title='bbox 1167 2723 1249 2777; x_wconf 82' lang='grc' dir='ltr'><strong>ὅτι</strong></span> <span class='ocrx_word' id='word_1_282' title='bbox 1306 2727 1464 2787; x_wconf 79' lang='grc' dir='ltr'><strong>σκιᾶς</strong></span> <span class='ocrx_word' id='word_1_283' title='bbox 1505 2723 1674 2776; x_wconf 78' lang='grc' dir='ltr'><strong>τύπον</strong></span> 
     </span>
    </p>
   </div>
   <div class='ocr_carea' id='block_1_42' title="bbox 93 2804 1672 2884">
    <p class='ocr_par' dir='ltr' id='par_1_42' title="bbox 93 2804 1672 2884">
     <span class='ocr_line' id='line_1_42' title="bbox 93 2804 1672 2884; baseline 0.003 -22"><span class='ocrx_word' id='word_1_284' title='bbox 93 2804 234 2880; x_wconf 72' lang='grc' dir='ltr'><strong>εἶχεν</strong></span> <span class='ocrx_word' id='word_1_285' title='bbox 264 2813 292 2863; x_wconf 82' lang='grc' dir='ltr'>ὁ</span> <span class='ocrx_word' id='word_1_286' title='bbox 333 2813 522 2878; x_wconf 76' lang='grc' dir='ltr'><strong>νόμος,</strong></span> <span class='ocrx_word' id='word_1_287' title='bbox 545 2814 578 2882; x_wconf 81' lang='grc' dir='ltr'>ἢ</span> <span class='ocrx_word' id='word_1_288' title='bbox 615 2814 680 2883; x_wconf 82' lang='grc' dir='ltr'><strong>τῇ</strong></span> <span class='ocrx_word' id='word_1_289' title='bbox 717 2813 1015 2881; x_wconf 71' lang='grc' dir='ltr'><strong>ἐπιλάμψει</strong></span> <span class='ocrx_word' id='word_1_290' title='bbox 1051 2813 1144 2866; x_wconf 88' lang='grc' dir='ltr'><strong>τοῦ</strong></span> <span class='ocrx_word' id='word_1_291' title='bbox 1187 2815 1412 2884; x_wconf 77' lang='grc' dir='ltr'><strong>ἡλιακοῦ</strong></span> <span class='ocrx_word' id='word_1_292' title='bbox 1437 2814 1613 2881; x_wconf 64' lang='grc' dir='ltr'><strong>φωτὸς</strong></span> <span class='ocrx_word' id='word_1_293' title='bbox 1651 2814 1672 2844; x_wconf 82' lang='grc'><strong><em>⁸</em></strong></span> 
     </span>
    </p>
   </div>
   <div class='ocr_carea' id='block_1_43' title="bbox 93 2904 1654 2976">
    <p class='ocr_par' dir='ltr' id='par_1_43' title="bbox 93 2904 1654 2976">
     <span class='ocr_line' id='line_1_43' title="bbox 93 2904 1654 2976; baseline 0.003 -22"><span class='ocrx_word' id='word_1_294' title='bbox 93 2904 528 2966; x_wconf 74' lang='grc' dir='ltr'><strong>διασκεδάζεται,</strong></span> <span class='ocrx_word' id='word_1_295' title='bbox 561 2905 964 2976; x_wconf 82' lang='grc' dir='ltr'><strong>προσέρχεσθαι</strong></span> <span class='ocrx_word' id='word_1_296' title='bbox 987 2908 1052 2974; x_wconf 81' lang='grc' dir='ltr'><strong>τῇ</strong></span> <span class='ocrx_word' id='word_1_297' title='bbox 1073 2905 1167 2958; x_wconf 90' lang='grc' dir='ltr'><strong>τοῦ</strong></span> <span class='ocrx_word' id='word_1_298' title='bbox 1198 2907 1404 2974; x_wconf 83' lang='grc' dir='ltr'><strong>Κυρίου</strong></span> <span class='ocrx_word' id='word_1_299' title='bbox 1429 2906 1654 2960; x_wconf 86' lang='grc' dir='ltr'><strong>διδασκα</strong></span> 
     </span>
    </p>
   </div>
   <div class='ocr_carea' id='block_1_44' title="bbox 93 2995 1674 3068">
    <p class='ocr_par' dir='ltr' id='par_1_44' title="bbox 93 2995 1674 3068">
     <span class='ocr_line' id='line_1_44' title="bbox 93 2995 1674 3068; baseline 0.002 -22"><span class='ocrx_word' id='word_1_300' title='bbox 93 2995 178 3064; x_wconf 74' lang='grc' dir='ltr'><strong>λία</strong></span> <span class='ocrx_word' id='word_1_301' title='bbox 205 2998 226 3026; x_wconf 77' lang='grc'><strong><em>⁵</em></strong></span> <span class='ocrx_word' id='word_1_302' title='bbox 255 2997 353 3047; x_wconf 82' lang='grc' dir='ltr'><strong>καὶ</strong></span> <span class='ocrx_word' id='word_1_303' title='bbox 401 2995 781 3065; x_wconf 79' lang='grc' dir='ltr'><strong>βαπτίζεσθαι,</strong></span> <span class='ocrx_word' id='word_1_304' title='bbox 838 2997 1096 3068; x_wconf 81' lang='grc' dir='ltr'><strong>προσθεὶς</strong></span> <span class='ocrx_word' id='word_1_305' title='bbox 1139 2998 1195 3050; x_wconf 79' lang='grc' dir='ltr'><strong>δὲ</strong></span> <span class='ocrx_word' id='word_1_306' title='bbox 1230 2999 1321 3050; x_wconf 84' lang='grc' dir='ltr'><strong>καὶ</strong></span> <span class='ocrx_word' id='word_1_307' title='bbox 1349 2997 1674 3067; x_wconf 78' lang='grc' dir='ltr'><strong>ἀξιωμάτων</strong></span> 
     </span>
    </p>
   </div>
   <div class='ocr_carea' id='block_1_45' title="bbox 93 3089 1674 3161">
    <p class='ocr_par' dir='ltr' id='par_1_45' title="bbox 93 3089 1674 3161">
     <span class='ocr_line' id='line_1_45' title="bbox 93 3089 1674 3161; baseline 0.001 -20"><span class='ocrx_word' id='word_1_308' title='bbox 93 3092 201 3151; x_wconf 88' lang='grc' dir='ltr'><strong>τοῖς</strong></span> <span class='ocrx_word' id='word_1_309' title='bbox 239 3089 710 3159; x_wconf 85' lang='grc' dir='ltr'><strong>προσερχομένοις</strong></span> <span class='ocrx_word' id='word_1_310' title='bbox 745 3089 1007 3160; x_wconf 83' lang='grc' dir='ltr'><strong>διανομάς</strong></span> <span class='ocrx_word' id='word_1_311' title='bbox 1048 3090 1146 3144; x_wconf 78' lang='grc' dir='ltr'><strong>καὶ</strong></span> <span class='ocrx_word' id='word_1_312' title='bbox 1198 3091 1290 3144; x_wconf 88' lang='grc' dir='ltr'><strong>τοῦ</strong></span> <span class='ocrx_word' id='word_1_313' title='bbox 1335 3089 1535 3161; x_wconf 81' lang='grc' dir='ltr'><strong>βάρους</strong></span> <span class='ocrx_word' id='word_1_314' title='bbox 1566 3089 1674 3143; x_wconf 86' lang='grc' dir='ltr'><strong>τῶν</strong></span> 
     </span>
    </p>
   </div>
   <div class='ocr_carea' id='block_1_46' title="bbox 1699 1861 1746 1922">
    <p class='ocr_par' dir='ltr' id='par_1_46' title="bbox 1699 1861 1746 1922">
     <span class='ocr_line' id='line_1_46' title="bbox 1699 1861 1746 1922; baseline 0 0"><span class='ocrx_word' id='word_1_315' title='bbox 1699 1861 1746 1922; x_wconf 89' lang='grc' dir='ltr'>Β</span> 
     </span>
    </p>
   </div>
   <div class='ocr_carea' id='block_1_47' title="bbox 1773 1905 3344 1977">
    <p class='ocr_par' dir='ltr' id='par_1_47' title="bbox 1773 1905 3344 1977">
     <span class='ocr_line' id='line_1_47' title="bbox 1773 1905 3344 1977; baseline 0 -15"><span class='ocrx_word' id='word_1_316' title='bbox 1773 1907 1968 1962; x_wconf 83' lang='lat' dir='ltr'><strong>educat</strong></span> <span class='ocrx_word' id='word_1_317' title='bbox 1994 1905 2198 1961; x_wconf 84' lang='lat' dir='ltr'><strong>Christi</strong></span> <span class='ocrx_word' id='word_1_318' title='bbox 2239 1920 2300 1959; x_wconf 92' lang='lat' dir='ltr'><strong>os</strong></span> <span class='ocrx_word' id='word_1_319' title='bbox 2330 1907 2638 1975; x_wconf 89' lang='lat' dir='ltr'><strong>nuncupari</strong></span> <span class='ocrx_word' id='word_1_320' title='bbox 2674 1908 2725 1970; x_wconf 76' lang='grc' dir='ltr'><strong>ιι,</strong></span> <span class='ocrx_word' id='word_1_321' title='bbox 2773 1921 2949 1976; x_wconf 89' lang='lat' dir='ltr'><strong>neque</strong></span> <span class='ocrx_word' id='word_1_322' title='bbox 2985 1909 3344 1977; x_wconf 82' lang='lat' dir='ltr'><strong>apostolicum</strong></span> 
     </span>
    </p>
   </div>
   <div class='ocr_carea' id='block_1_48' title="bbox 1775 1998 3345 2069">
    <p class='ocr_par' dir='ltr' id='par_1_48' title="bbox 1775 1998 3345 2069">
     <span class='ocr_line' id='line_1_48' title="bbox 1775 1998 3345 2069; baseline 0 -14"><span class='ocrx_word' id='word_1_323' title='bbox 1775 2015 1910 2069; x_wconf 86' lang='lat' dir='ltr'><strong>opus</strong></span> <span class='ocrx_word' id='word_1_324' title='bbox 1944 2002 2046 2055; x_wconf 88' lang='lat' dir='ltr'><strong>hoc</strong></span> <span class='ocrx_word' id='word_1_325' title='bbox 2101 1998 2205 2053; x_wconf 83' lang='lat' dir='ltr'><strong>sibi</strong></span> <span class='ocrx_word' id='word_1_326' title='bbox 2264 1999 2644 2068; x_wconf 82' lang='lat' dir='ltr'><strong>negligendum</strong></span> <span class='ocrx_word' id='word_1_327' title='bbox 2702 2001 2994 2068; x_wconf 88' lang='lat' dir='ltr'><strong>segniusve</strong></span> <span class='ocrx_word' id='word_1_328' title='bbox 3039 2000 3345 2058; x_wconf 86' lang='lat' dir='ltr'><strong>habendum</strong></span> 
     </span>
    </p>
   </div>
   <div class='ocr_carea' id='block_1_49' title="bbox 1775 2088 3348 2161">
    <p class='ocr_par' dir='ltr' id='par_1_49' title="bbox 1775 2088 3348 2161">
     <span class='ocr_line' id='line_1_49' title="bbox 1775 2088 3348 2161; baseline 0.001 -16"><span class='ocrx_word' id='word_1_329' title='bbox 1775 2092 2002 2161; x_wconf 82' lang='lat' dir='ltr'><strong>putavit.</strong></span> <span class='ocrx_word' id='word_1_330' title='bbox 2053 2088 2158 2144; x_wconf 87' lang='lat' dir='ltr'><strong>Sed</strong></span> <span class='ocrx_word' id='word_1_331' title='bbox 2191 2100 2316 2144; x_wconf 84' lang='lat' dir='ltr'><strong>ante</strong></span> <span class='ocrx_word' id='word_1_332' title='bbox 2373 2091 2554 2144; x_wconf 88' lang='lat' dir='ltr'><strong>omnia</strong></span> <span class='ocrx_word' id='word_1_333' title='bbox 2581 2090 2892 2145; x_wconf 65' lang='lat' dir='ltr'><strong>Judmorum</strong></span> <span class='ocrx_word' id='word_1_334' title='bbox 2935 2101 3146 2161; x_wconf 80' lang='lat' dir='ltr'><strong>gentem</strong></span> <span class='ocrx_word' id='word_1_335' title='bbox 3182 2094 3348 2149; x_wconf 87' lang='lat' dir='ltr'><strong>incir-</strong></span> 
     </span>
    </p>
   </div>
   <div class='ocr_carea' id='block_1_50' title="bbox 1774 2181 3349 2253">
    <p class='ocr_par' dir='ltr' id='par_1_50' title="bbox 1774 2181 3349 2253">
     <span class='ocr_line' id='line_1_50' title="bbox 1774 2181 3349 2253; baseline 0.001 -15"><span class='ocrx_word' id='word_1_336' title='bbox 1774 2185 2072 2238; x_wconf 88' lang='lat' dir='ltr'><strong>cumcisam</strong></span> <span class='ocrx_word' id='word_1_337' title='bbox 2099 2191 2154 2238; x_wconf 80' lang='lat' dir='ltr'><strong>et</strong></span> <span class='ocrx_word' id='word_1_338' title='bbox 2182 2181 2320 2236; x_wconf 90' lang='lat' dir='ltr'><strong>duro</strong></span> <span class='ocrx_word' id='word_1_339' title='bbox 2355 2183 2517 2236; x_wconf 83' lang='lat' dir='ltr'><strong>corde</strong></span> <span class='ocrx_word' id='word_1_340' title='bbox 2573 2197 2636 2237; x_wconf 90' lang='lat' dir='ltr'><strong>ac</strong></span> <span class='ocrx_word' id='word_1_341' title='bbox 2668 2184 2900 2246; x_wconf 80' lang='lat' dir='ltr'><strong>cervice,</strong></span> <span class='ocrx_word' id='word_1_342' title='bbox 2934 2184 3084 2253; x_wconf 89' lang='lat' dir='ltr'><strong>quod</strong></span> <span class='ocrx_word' id='word_1_343' title='bbox 3134 2185 3188 2238; x_wconf 92' lang='lat' dir='ltr'><strong>in</strong></span> <span class='ocrx_word' id='word_1_344' title='bbox 3229 2185 3349 2253; x_wconf 87' lang='lat' dir='ltr'><strong>ipso</strong></span> 
     </span>
    </p>
   </div>
   <div class='ocr_carea' id='block_1_51' title="bbox 1775 2273 3348 2343">
    <p class='ocr_par' dir='ltr' id='par_1_51' title="bbox 1775 2273 3348 2343">
     <span class='ocr_line' id='line_1_51' title="bbox 1775 2273 3348 2343; baseline 0.003 -15"><span class='ocrx_word' id='word_1_345' title='bbox 1775 2273 1901 2340; x_wconf 91' lang='lat' dir='ltr'><strong>fuit,</strong></span> <span class='ocrx_word' id='word_1_346' title='bbox 1954 2274 2007 2326; x_wconf 91' lang='lat' dir='ltr'><strong>in</strong></span> <span class='ocrx_word' id='word_1_347' title='bbox 2044 2273 2250 2327; x_wconf 89' lang='lat' dir='ltr'><strong>Christi</strong></span> <span class='ocrx_word' id='word_1_348' title='bbox 2302 2273 2624 2342; x_wconf 85' lang='lat' dir='ltr'><strong>obsequium</strong></span> <span class='ocrx_word' id='word_1_349' title='bbox 2669 2273 2820 2328; x_wconf 87' lang='lat' dir='ltr'><strong>verbi</strong></span> <span class='ocrx_word' id='word_1_350' title='bbox 2873 2289 3071 2343; x_wconf 79' lang='lat' dir='ltr'><strong>sagena</strong></span> <span class='ocrx_word' id='word_1_351' title='bbox 3129 2276 3348 2331; x_wconf 89' lang='lat' dir='ltr'><strong>irretiit.</strong></span> 
     </span>
    </p>
   </div>
   <div class='ocr_carea' id='block_1_52' title="bbox 1772 2365 3350 2436">
    <p class='ocr_par' dir='ltr' id='par_1_52' title="bbox 1772 2365 3350 2436">
     <span class='ocr_line' id='line_1_52' title="bbox 1772 2365 3350 2436; baseline 0.002 -16"><span class='ocrx_word' id='word_1_352' title='bbox 1772 2365 1980 2421; x_wconf 81' lang='lat' dir='ltr'><strong>Jubens</strong></span> <span class='ocrx_word' id='word_1_353' title='bbox 2016 2367 2160 2419; x_wconf 89' lang='lat' dir='ltr'><strong>enim</strong></span> <span class='ocrx_word' id='word_1_354' title='bbox 2199 2380 2312 2419; x_wconf 67' lang='lat' dir='ltr'><strong>sua:</strong></span> <span class='ocrx_word' id='word_1_355' title='bbox 2340 2366 2617 2436; x_wconf 81' lang='lat' dir='ltr'><strong>religionis</strong></span> <span class='ocrx_word' id='word_1_356' title='bbox 2643 2368 2977 2433; x_wconf 75' lang='lat' dir='ltr'><strong>argumentis</strong></span> <span class='ocrx_word' id='word_1_357' title='bbox 3008 2369 3188 2422; x_wconf 85' lang='lat' dir='ltr'><strong>allatis</strong></span> <span class='ocrx_word' id='word_1_358' title='bbox 3235 2369 3350 2423; x_wconf 85' lang='lat' dir='ltr'><strong>dis-</strong></span> 
     </span>
    </p>
   </div>
   <div class='ocr_carea' id='block_1_53' title="bbox 1777 2455 3348 2526">
    <p class='ocr_par' dir='ltr' id='par_1_53' title="bbox 1777 2455 3348 2526">
     <span class='ocr_line' id='line_1_53' title="bbox 1777 2455 3348 2526; baseline 0.003 -17"><span class='ocrx_word' id='word_1_359' title='bbox 1777 2455 2076 2526; x_wconf 89' lang='lat' dir='ltr'><strong>putationis</strong></span> <span class='ocrx_word' id='word_1_360' title='bbox 2135 2455 2309 2510; x_wconf 88' lang='lat' dir='ltr'><strong>aleam</strong></span> <span class='ocrx_word' id='word_1_361' title='bbox 2335 2455 2593 2524; x_wconf 69' lang='lat' dir='ltr'><strong>caperiri,</strong></span> <span class='ocrx_word' id='word_1_362' title='bbox 2625 2471 2688 2510; x_wconf 90' lang='lat' dir='ltr'><strong>ac</strong></span> <span class='ocrx_word' id='word_1_363' title='bbox 2718 2457 2801 2509; x_wconf 88' lang='lat' dir='ltr'><strong>vel</strong></span> <span class='ocrx_word' id='word_1_364' title='bbox 2836 2472 2935 2510; x_wconf 89' lang='lat' dir='ltr'><strong>sua</strong></span> <span class='ocrx_word' id='word_1_365' title='bbox 2966 2459 3117 2512; x_wconf 81' lang='lat' dir='ltr'><strong>firma</strong></span> <span class='ocrx_word' id='word_1_366' title='bbox 3162 2470 3348 2514; x_wconf 86' lang='lat' dir='ltr'><strong>osten-</strong></span> 
     </span>
    </p>
   </div>
   <div class='ocr_carea' id='block_1_54' title="bbox 1774 2547 3348 2620">
    <p class='ocr_par' dir='ltr' id='par_1_54' title="bbox 1774 2547 3348 2620">
     <span class='ocr_line' id='line_1_54' title="bbox 1774 2547 3348 2620; baseline 0.003 -18"><span class='ocrx_word' id='word_1_367' title='bbox 1774 2548 1902 2603; x_wconf 88' lang='lat' dir='ltr'><strong>dere</strong></span> <span class='ocrx_word' id='word_1_368' title='bbox 1933 2557 1986 2604; x_wconf 91' lang='lat' dir='ltr'><strong>et</strong></span> <span class='ocrx_word' id='word_1_369' title='bbox 2015 2547 2217 2618; x_wconf 88' lang='lat' dir='ltr'><strong>quibus</strong></span> <span class='ocrx_word' id='word_1_370' title='bbox 2246 2547 2543 2602; x_wconf 87' lang='lat' dir='ltr'><strong>contradici</strong></span> <span class='ocrx_word' id='word_1_371' title='bbox 2574 2563 2679 2602; x_wconf 89' lang='lat' dir='ltr'><strong>non</strong></span> <span class='ocrx_word' id='word_1_372' title='bbox 2707 2551 2897 2619; x_wconf 89' lang='lat' dir='ltr'><strong>possit,</strong></span> <span class='ocrx_word' id='word_1_373' title='bbox 2936 2559 3029 2604; x_wconf 91' lang='lat' dir='ltr'><strong>aut</strong></span> <span class='ocrx_word' id='word_1_374' title='bbox 3055 2566 3348 2620; x_wconf 84' lang='lat' dir='ltr'><strong>persuasos</strong></span> 
     </span>
    </p>
   </div>
   <div class='ocr_carea' id='block_1_55' title="bbox 1774 2639 3348 2713">
    <p class='ocr_par' dir='ltr' id='par_1_55' title="bbox 1774 2639 3348 2713">
     <span class='ocr_line' id='line_1_55' title="bbox 1774 2639 3348 2713; baseline 0.002 -17"><span class='ocrx_word' id='word_1_375' title='bbox 1774 2639 2053 2697; x_wconf 82' lang='lat' dir='ltr'><strong>Christum</strong></span> <span class='ocrx_word' id='word_1_376' title='bbox 2078 2641 2212 2710; x_wconf 82' lang='lat' dir='ltr'><strong>legis</strong></span> <span class='ocrx_word' id='word_1_377' title='bbox 2235 2649 2396 2710; x_wconf 91' lang='lat' dir='ltr'><strong>caput</strong></span> <span class='ocrx_word' id='word_1_378' title='bbox 2421 2655 2543 2696; x_wconf 88' lang='lat' dir='ltr'><strong>esse</strong></span> <span class='ocrx_word' id='word_1_379' title='bbox 2572 2655 2637 2695; x_wconf 88' lang='lat' dir='ltr'><strong>ac</strong></span> <span class='ocrx_word' id='word_1_380' title='bbox 2659 2641 3068 2710; x_wconf 84' lang='lat' dir='ltr'><strong>prophetarum,</strong></span> <span class='ocrx_word' id='word_1_381' title='bbox 3095 2651 3149 2697; x_wconf 90' lang='lat' dir='ltr'><strong>et</strong></span> <span class='ocrx_word' id='word_1_382' title='bbox 3179 2641 3348 2713; x_wconf 83' lang='lat' dir='ltr'><strong>legem</strong></span> 
     </span>
    </p>
   </div>
   <div class='ocr_carea' id='block_1_56' title="bbox 1776 2730 3352 2804">
    <p class='ocr_par' dir='ltr' id='par_1_56' title="bbox 1776 2730 3352 2804">
     <span class='ocr_line' id='line_1_56' title="bbox 1776 2730 3352 2804; baseline 0.001 -18"><span class='ocrx_word' id='word_1_383' title='bbox 1776 2733 1982 2788; x_wconf 72' lang='lat' dir='ltr'><strong>umbrae</strong></span> <span class='ocrx_word' id='word_1_384' title='bbox 2007 2743 2193 2803; x_wconf 86' lang='lat' dir='ltr'><strong>typum</strong></span> <span class='ocrx_word' id='word_1_385' title='bbox 2228 2734 2557 2802; x_wconf 68' lang='lat' dir='ltr'><strong>praztulisse,</strong></span> <span class='ocrx_word' id='word_1_386' title='bbox 2584 2747 2707 2802; x_wconf 75' lang='lat' dir='ltr'><strong>quae</strong></span> <span class='ocrx_word' id='word_1_387' title='bbox 2741 2733 2873 2788; x_wconf 81' lang='lat' dir='ltr'><strong>solis</strong></span> <span class='ocrx_word' id='word_1_388' title='bbox 2897 2732 3066 2788; x_wconf 85' lang='lat' dir='ltr'><strong>radiis</strong></span> <span class='ocrx_word' id='word_1_389' title='bbox 3101 2730 3352 2804; x_wconf 76' lang='lat' dir='ltr'><strong>ingruen-</strong></span> 
     </span>
    </p>
   </div>
   <div class='ocr_carea' id='block_1_57' title="bbox 1777 2823 3352 2894">
    <p class='ocr_par' dir='ltr' id='par_1_57' title="bbox 1777 2823 3352 2894">
     <span class='ocr_line' id='line_1_57' title="bbox 1777 2823 3352 2894; baseline 0.003 -16"><span class='ocrx_word' id='word_1_390' title='bbox 1777 2825 1927 2879; x_wconf 87' lang='lat' dir='ltr'><strong>tibus</strong></span> <span class='ocrx_word' id='word_1_391' title='bbox 1943 2825 2267 2894; x_wconf 86' lang='lat' dir='ltr'><strong>dissipatur,</strong></span> <span class='ocrx_word' id='word_1_392' title='bbox 2298 2824 2364 2878; x_wconf 91' lang='lat' dir='ltr'><strong>ad</strong></span> <span class='ocrx_word' id='word_1_393' title='bbox 2399 2823 2615 2878; x_wconf 92' lang='lat' dir='ltr'><strong>Domini</strong></span> <span class='ocrx_word' id='word_1_394' title='bbox 2650 2824 2960 2881; x_wconf 86' lang='lat' dir='ltr'><strong>doctrinam</strong></span> <span class='ocrx_word' id='word_1_395' title='bbox 2993 2825 3258 2882; x_wconf 82' lang='lat' dir='ltr'><strong>accedere</strong></span> <span class='ocrx_word' id='word_1_396' title='bbox 3285 2842 3352 2882; x_wconf 86' lang='lat' dir='ltr'><strong>ac</strong></span> 
     </span>
    </p>
   </div>
   <div class='ocr_carea' id='block_1_58' title="bbox 1776 2915 3345 2988">
    <p class='ocr_par' dir='ltr' id='par_1_58' title="bbox 1776 2915 3345 2988">
     <span class='ocr_line' id='line_1_58' title="bbox 1776 2915 3345 2988; baseline 0 -16"><span class='ocrx_word' id='word_1_397' title='bbox 1776 2918 2044 2988; x_wconf 85' lang='lat' dir='ltr'><strong>baptisma</strong></span> <span class='ocrx_word' id='word_1_398' title='bbox 2097 2919 2396 2986; x_wconf 86' lang='lat' dir='ltr'><strong>suscipere,</strong></span> <span class='ocrx_word' id='word_1_399' title='bbox 2449 2915 2742 2985; x_wconf 87' lang='lat' dir='ltr'><strong>propositis</strong></span> <span class='ocrx_word' id='word_1_400' title='bbox 2793 2916 2958 2970; x_wconf 82' lang='lat' dir='ltr'><strong>etiam</strong></span> <span class='ocrx_word' id='word_1_401' title='bbox 3011 2919 3248 2986; x_wconf 64' lang='lat' dir='ltr'><strong>praemiis</strong></span> <span class='ocrx_word' id='word_1_402' title='bbox 3277 2934 3345 2972; x_wconf 90' lang='lat' dir='ltr'><strong>ac</strong></span> 
     </span>
    </p>
   </div>
   <div class='ocr_carea' id='block_1_59' title="bbox 1778 3007 3354 3079">
    <p class='ocr_par' dir='ltr' id='par_1_59' title="bbox 1778 3007 3354 3079">
     <span class='ocr_line' id='line_1_59' title="bbox 1778 3007 3354 3079; baseline 0.001 -16"><span class='ocrx_word' id='word_1_403' title='bbox 1778 3010 2084 3064; x_wconf 88' lang='lat' dir='ltr'><strong>honoribus</strong></span> <span class='ocrx_word' id='word_1_404' title='bbox 2109 3009 2192 3063; x_wconf 88' lang='lat' dir='ltr'><strong>his</strong></span> <span class='ocrx_word' id='word_1_405' title='bbox 2223 3010 2313 3078; x_wconf 91' lang='lat' dir='ltr'><strong>qui</strong></span> <span class='ocrx_word' id='word_1_406' title='bbox 2351 3023 2410 3064; x_wconf 89' lang='lat' dir='ltr'><strong>se</strong></span> <span class='ocrx_word' id='word_1_407' title='bbox 2437 3007 2656 3063; x_wconf 88' lang='lat' dir='ltr'><strong>Christo</strong></span> <span class='ocrx_word' id='word_1_408' title='bbox 2682 3007 3052 3076; x_wconf 84' lang='lat' dir='ltr'><strong>adjunxeriut,</strong></span> <span class='ocrx_word' id='word_1_409' title='bbox 3086 3009 3354 3079; x_wconf 88' lang='lat' dir='ltr'><strong>priorum-</strong></span> 
     </span>
    </p>
   </div>
   <div class='ocr_carea' id='block_1_60' title="bbox 1777 3101 3354 3172">
    <p class='ocr_par' dir='ltr' id='par_1_60' title="bbox 1777 3101 3354 3172">
     <span class='ocr_line' id='line_1_60' title="bbox 1777 3101 3354 3172; baseline 0.002 -18"><span class='ocrx_word' id='word_1_410' title='bbox 1777 3117 1884 3171; x_wconf 92' lang='lat' dir='ltr'><strong>que</strong></span> <span class='ocrx_word' id='word_1_411' title='bbox 1916 3103 2260 3171; x_wconf 73' lang='lat' dir='ltr'><strong>vectigalium</strong></span> <span class='ocrx_word' id='word_1_412' title='bbox 2297 3116 2463 3156; x_wconf 89' lang='lat' dir='ltr'><strong>onere</strong></span> <span class='ocrx_word' id='word_1_413' title='bbox 2515 3101 2822 3156; x_wconf 88' lang='lat' dir='ltr'><strong>levaturum</strong></span> <span class='ocrx_word' id='word_1_414' title='bbox 2887 3101 3164 3171; x_wconf 77' lang='lat' dir='ltr'><strong>pollicitus</strong></span> <span class='ocrx_word' id='word_1_415' title='bbox 3191 3111 3354 3172; x_wconf 82' lang='lat' dir='ltr'><strong>atque</strong></span> 
     </span>
    </p>
   </div>
   <div class='ocr_carea' id='block_1_61' title="bbox 93 3180 1674 3263">
    <p class='ocr_par' dir='ltr' id='par_1_61' title="bbox 93 3180 1672 3253">
     <span class='ocr_line' id='line_1_61' title="bbox 93 3180 1672 3253; baseline 0.002 -21"><span class='ocrx_word' id='word_1_416' title='bbox 93 3180 378 3250; x_wconf 79' lang='grc' dir='ltr'><strong>προτέρων</strong></span> <span class='ocrx_word' id='word_1_417' title='bbox 406 3181 721 3244; x_wconf 77' lang='grc' dir='ltr'><strong>ἀπαλλάξας</strong></span> <span class='ocrx_word' id='word_1_418' title='bbox 744 3182 924 3250; x_wconf 80' lang='grc' dir='ltr'><strong>φόρων</strong></span> <span class='ocrx_word' id='word_1_419' title='bbox 955 3181 1048 3236; x_wconf 79' lang='grc' dir='ltr'><strong>καὶ</strong></span> <span class='ocrx_word' id='word_1_420' title='bbox 1071 3182 1354 3252; x_wconf 76' lang='grc' dir='ltr'><strong>ἐπιτίμους</strong></span> <span class='ocrx_word' id='word_1_421' title='bbox 1381 3185 1439 3249; x_wconf 78' lang='grc' dir='ltr'><strong>ἐξ</strong></span> <span class='ocrx_word' id='word_1_422' title='bbox 1461 3183 1672 3253; x_wconf 87' lang='grc' dir='ltr'><strong>ἀτίμων</strong></span> 
     </span>
    </p>
   </div>
   <div class='ocr_carea' id='block_1_62' title="bbox 1777 3180 3350 3263">
    <p class='ocr_par' dir='ltr' id='par_1_62' title="bbox 1777 3192 3350 3258">
     <span class='ocr_line' id='line_1_62' title="bbox 1777 3192 3350 3258; baseline -0.001 -9"><span class='ocrx_word' id='word_1_423' title='bbox 1777 3210 1842 3250; x_wconf 82' lang='lat' dir='ltr'><strong>ex</strong></span> <span class='ocrx_word' id='word_1_424' title='bbox 1899 3198 2132 3248; x_wconf 90' lang='lat' dir='ltr'><strong>obscura</strong></span> <span class='ocrx_word' id='word_1_425' title='bbox 2185 3192 2315 3247; x_wconf 70' lang='lat' dir='ltr'><strong>faece</strong></span> <span class='ocrx_word' id='word_1_426' title='bbox 2354 3192 2565 3247; x_wconf 89' lang='lat' dir='ltr'><strong>nobiles</strong></span> <span class='ocrx_word' id='word_1_427' title='bbox 2598 3208 2662 3247; x_wconf 91' lang='lat' dir='ltr'><strong>ac</strong></span> <span class='ocrx_word' id='word_1_428' title='bbox 2705 3194 3006 3248; x_wconf 87' lang='lat' dir='ltr'><strong>honoratos</strong></span> <span class='ocrx_word' id='word_1_429' title='bbox 3053 3193 3350 3258; x_wconf 85' lang='lat' dir='ltr'><strong>facturum,</strong></span> 
     </span>
    </p>
   </div>
   <div class='ocr_carea' id='block_1_63' title="bbox 92 3273 1672 3345">
    <p class='ocr_par' dir='ltr' id='par_1_63' title="bbox 92 3273 1672 3345">
     <span class='ocr_line' id='line_1_63' title="bbox 92 3273 1672 3345; baseline 0.004 -22"><span class='ocrx_word' id='word_1_430' title='bbox 92 3275 265 3327; x_wconf 80' lang='grc' dir='ltr'><strong>ποιεῖν</strong></span> <span class='ocrx_word' id='word_1_431' title='bbox 287 3273 893 3342; x_wconf 76' lang='grc' dir='ltr'><strong>κατεπαγγειλάμενος,</strong></span> <span class='ocrx_word' id='word_1_432' title='bbox 930 3275 1164 3336; x_wconf 82' lang='grc' dir='ltr'><strong>πολλοὺς</strong></span> <span class='ocrx_word' id='word_1_433' title='bbox 1189 3274 1284 3327; x_wconf 82' lang='grc' dir='ltr'><strong>τοῦ</strong></span> <span class='ocrx_word' id='word_1_434' title='bbox 1320 3277 1672 3345; x_wconf 77' lang='grc' dir='ltr'><strong>ἐπικειμένου</strong></span> 
     </span>
    </p>
   </div>
   <div class='ocr_carea' id='block_1_64' title="bbox 92 3364 1674 3439">
    <p class='ocr_par' dir='ltr' id='par_1_64' title="bbox 92 3364 1674 3439">
     <span class='ocr_line' id='line_1_64' title="bbox 92 3364 1674 3439; baseline 0.001 -20"><span class='ocrx_word' id='word_1_435' title='bbox 92 3365 456 3434; x_wconf 82' lang='grc' dir='ltr'><strong>καλύμματος</strong></span> <span class='ocrx_word' id='word_1_436' title='bbox 488 3366 532 3398; x_wconf 77' lang='grc'><strong>⁸⁸</strong></span> <span class='ocrx_word' id='word_1_437' title='bbox 561 3365 662 3432; x_wconf 80' lang='grc' dir='ltr'><strong>τῆς</strong></span> <span class='ocrx_word' id='word_1_438' title='bbox 688 3364 997 3435; x_wconf 85' lang='grc' dir='ltr'><strong>πωρώσεως</strong></span> <span class='ocrx_word' id='word_1_439' title='bbox 1027 3367 1370 3436; x_wconf 72' lang='grc' dir='ltr'><strong>ἠλευθέρωσε</strong></span> <span class='ocrx_word' id='word_1_440' title='bbox 1402 3369 1496 3420; x_wconf 77' lang='grc' dir='ltr'><strong>καὶ</strong></span> <span class='ocrx_word' id='word_1_441' title='bbox 1538 3369 1674 3439; x_wconf 76' lang='grc' dir='ltr'><strong>πρὸς</strong></span> 
     </span>
    </p>
   </div>
   <div class='ocr_carea' id='block_1_65' title="bbox 91 3458 1675 3529">
    <p class='ocr_par' dir='ltr' id='par_1_65' title="bbox 91 3458 1675 3529">
     <span class='ocr_line' id='line_1_65' title="bbox 91 3458 1675 3529; baseline 0.001 -19"><span class='ocrx_word' id='word_1_442' title='bbox 91 3460 274 3511; x_wconf 78' lang='grc' dir='ltr'><strong>πίστιν</strong></span> <span class='ocrx_word' id='word_1_443' title='bbox 302 3458 528 3511; x_wconf 65' lang='grc' dir='ltr'><strong>ε’ῡικυσε</strong></span> <span class='ocrx_word' id='word_1_444' title='bbox 549 3459 644 3511; x_wconf 89' lang='grc' dir='ltr'><strong>τοῦ</strong></span> <span class='ocrx_word' id='word_1_445' title='bbox 671 3458 934 3529; x_wconf 79' lang='grc' dir='ltr'><strong>Χριστοῦ,</strong></span> <span class='ocrx_word' id='word_1_446' title='bbox 983 3459 1032 3510; x_wconf 89' lang='grc' dir='ltr'><strong>εί</strong></span> <span class='ocrx_word' id='word_1_447' title='bbox 1065 3460 1156 3512; x_wconf 73' lang='grc' dir='ltr'><strong>καὶ</strong></span> <span class='ocrx_word' id='word_1_448' title='bbox 1183 3459 1345 3514; x_wconf 82' lang='grc' dir='ltr'><strong>πάλιν</strong></span> <span class='ocrx_word' id='word_1_449' title='bbox 1376 3460 1426 3512; x_wconf 81' lang='grc' dir='ltr'><strong>οἱ</strong></span> <span class='ocrx_word' id='word_1_450' title='bbox 1459 3459 1675 3525; x_wconf 88' lang='grc' dir='ltr'><strong>πλείους</strong></span> 
     </span>
    </p>
   </div>
   <div class='ocr_carea' id='block_1_66' title="bbox 92 3551 1675 3624">
    <p class='ocr_par' dir='ltr' id='par_1_66' title="bbox 92 3551 1675 3624">
     <span class='ocr_line' id='line_1_66' title="bbox 92 3551 1675 3624; baseline 0.001 -20"><span class='ocrx_word' id='word_1_451' title='bbox 92 3553 232 3620; x_wconf 83' lang='grc' dir='ltr'><strong>μετά</strong></span> <span class='ocrx_word' id='word_1_452' title='bbox 263 3551 371 3621; x_wconf 76' lang='grc' dir='ltr'><strong>τὴν</strong></span> <span class='ocrx_word' id='word_1_453' title='bbox 401 3553 467 3604; x_wconf 80' lang='grc' dir='ltr'><strong>ὲκ</strong></span> <span class='ocrx_word' id='word_1_454' title='bbox 500 3552 541 3582; x_wconf 79' lang='grc'>¹¹</span> <span class='ocrx_word' id='word_1_455' title='bbox 571 3551 665 3604; x_wconf 88' lang='grc' dir='ltr'><strong>τοῦ</strong></span> <span class='ocrx_word' id='word_1_456' title='bbox 698 3551 812 3622; x_wconf 76' lang='grc' dir='ltr'><strong>βίου</strong></span> <span class='ocrx_word' id='word_1_457' title='bbox 835 3551 931 3604; x_wconf 89' lang='grc' dir='ltr'><strong>τοῦ</strong></span> <span class='ocrx_word' id='word_1_458' title='bbox 965 3552 1230 3622; x_wconf 79' lang='grc' dir='ltr'><strong>βασιλέως</strong></span> <span class='ocrx_word' id='word_1_459' title='bbox 1254 3553 1675 3624; x_wconf 79' lang='grc' dir='ltr'><strong>ἐπαναχώρησιν</strong></span> 
     </span>
    </p>
   </div>
   <div class='ocr_carea' id='block_1_67' title="bbox 91 3644 1676 3715">
    <p class='ocr_par' dir='ltr' id='par_1_67' title="bbox 91 3644 1676 3715">
     <span class='ocr_line' id='line_1_67' title="bbox 91 3644 1676 3715; baseline 0.004 -21"><span class='ocrx_word' id='word_1_460' title='bbox 91 3645 223 3714; x_wconf 77' lang='grc' dir='ltr'><strong>πρὸς</strong></span> <span class='ocrx_word' id='word_1_461' title='bbox 251 3645 353 3697; x_wconf 79' lang='grc' dir='ltr'><strong>τὸν</strong></span> <span class='ocrx_word' id='word_1_462' title='bbox 378 3645 581 3696; x_wconf 82' lang='grc' dir='ltr'><strong>οἰκεῖον</strong></span> <span class='ocrx_word' id='word_1_463' title='bbox 603 3644 678 3707; x_wconf 86' lang='grc' dir='ltr'><strong>ὡς</strong></span> <span class='ocrx_word' id='word_1_464' title='bbox 700 3644 860 3707; x_wconf 82' lang='grc' dir='ltr'><strong>κύνες</strong></span> <span class='ocrx_word' id='word_1_465' title='bbox 889 3644 1235 3715; x_wconf 77' lang='grc' dir='ltr'><strong>ὑπέστρεψαν</strong></span> <span class='ocrx_word' id='word_1_466' title='bbox 1264 3646 1478 3715; x_wconf 81' lang='grc' dir='ltr'><strong>ὲμετὸν.</strong></span> <span class='ocrx_word' id='word_1_467' title='bbox 1516 3646 1676 3700; x_wconf 81' lang='grc' dir='ltr'><strong>Ἀλλά</strong></span> 
     </span>
    </p>
   </div>
   <div class='ocr_carea' id='block_1_68' title="bbox 89 3737 1676 3807">
    <p class='ocr_par' dir='ltr' id='par_1_68' title="bbox 89 3737 1676 3807">
     <span class='ocr_line' id='line_1_68' title="bbox 89 3737 1676 3807; baseline 0.001 -18"><span class='ocrx_word' id='word_1_468' title='bbox 89 3738 189 3789; x_wconf 69' lang='grc' dir='ltr'>κᾶν</span> <span class='ocrx_word' id='word_1_469' title='bbox 218 3739 452 3799; x_wconf 77' lang='grc' dir='ltr'><strong>ἐκεῖνοι,</strong></span> <span class='ocrx_word' id='word_1_470' title='bbox 493 3737 697 3807; x_wconf 78' lang='grc' dir='ltr'><strong>μᾶλλον</strong></span> <span class='ocrx_word' id='word_1_471' title='bbox 743 3738 802 3790; x_wconf 83' lang='grc' dir='ltr'><strong>δέ</strong></span> <span class='ocrx_word' id='word_1_472' title='bbox 842 3755 984 3800; x_wconf 86' lang='grc' dir='ltr'><strong>τινες</strong></span> <span class='ocrx_word' id='word_1_473' title='bbox 1013 3739 1258 3803; x_wconf 72' lang='grc' dir='ltr'><strong>ἐκείνων,</strong></span> <span class='ocrx_word' id='word_1_474' title='bbox 1304 3738 1380 3801; x_wconf 81' lang='grc' dir='ltr'><strong>ὡς</strong></span> <span class='ocrx_word' id='word_1_475' title='bbox 1420 3737 1676 3800; x_wconf 78' lang='grc' dir='ltr'><strong>Αἰθίοπες</strong></span> 
     </span>
    </p>
   </div>
   <div class='ocr_carea' id='block_1_69' title="bbox 91 3829 1677 3901">
    <p class='ocr_par' dir='ltr' id='par_1_69' title="bbox 91 3829 1677 3901">
     <span class='ocr_line' id='line_1_69' title="bbox 91 3829 1677 3901; baseline 0.003 -21"><span class='ocrx_word' id='word_1_476' title='bbox 91 3831 320 3899; x_wconf 70' lang='grc' dir='ltr'><strong>ἔμειναν</strong></span> <span class='ocrx_word' id='word_1_477' title='bbox 378 3829 771 3900; x_wconf 74' lang='grc' dir='ltr'><strong>ἀμετάὸὶητοι,</strong></span> <span class='ocrx_word' id='word_1_478' title='bbox 819 3829 932 3882; x_wconf 83' lang='grc' dir='ltr'><strong>ἀλλ’</strong></span> <span class='ocrx_word' id='word_1_479' title='bbox 972 3831 1000 3884; x_wconf 84' lang='grc' dir='ltr'><strong>ὅ</strong></span> <span class='ocrx_word' id='word_1_480' title='bbox 1030 3848 1093 3899; x_wconf 83' lang='grc' dir='ltr'><strong>γε</strong></span> <span class='ocrx_word' id='word_1_481' title='bbox 1126 3830 1372 3900; x_wconf 82' lang='grc' dir='ltr'><strong>φιλόθεος</strong></span> <span class='ocrx_word' id='word_1_482' title='bbox 1425 3831 1677 3901; x_wconf 79' lang='grc' dir='ltr'><strong>βασιλεὺς</strong></span> 
     </span>
    </p>
   </div>
   <div class='ocr_carea' id='block_1_70' title="bbox 92 3921 1678 3994">
    <p class='ocr_par' dir='ltr' id='par_1_70' title="bbox 92 3921 1678 3994">
     <span class='ocr_line' id='line_1_70' title="bbox 92 3921 1678 3994; baseline 0.001 -19"><span class='ocrx_word' id='word_1_483' title='bbox 92 3924 333 3986; x_wconf 70' lang='grc' dir='ltr'><strong>ἐντελεῖς</strong></span> <span class='ocrx_word' id='word_1_484' title='bbox 363 3921 462 3975; x_wconf 89' lang='grc' dir='ltr'><strong>τοῦ</strong></span> <span class='ocrx_word' id='word_1_485' title='bbox 486 3922 649 3992; x_wconf 77' lang='grc' dir='ltr'><strong>ἔργου</strong></span> <span class='ocrx_word' id='word_1_486' title='bbox 682 3923 809 3985; x_wconf 81' lang='grc' dir='ltr'><strong>τοὺς</strong></span> <span class='ocrx_word' id='word_1_487' title='bbox 841 3922 1068 3991; x_wconf 79' lang='grc' dir='ltr'><strong>μισθοὺς</strong></span> <span class='ocrx_word' id='word_1_488' title='bbox 1102 3923 1268 3976; x_wconf 68' lang='grc' dir='ltr'><strong>ἕνεκα</strong></span> <span class='ocrx_word' id='word_1_489' title='bbox 1313 3924 1412 3993; x_wconf 80' lang='grc' dir='ltr'><strong>τῆς</strong></span> <span class='ocrx_word' id='word_1_490' title='bbox 1443 3923 1678 3994; x_wconf 83' lang='grc' dir='ltr'><strong>σπουδῆς</strong></span> 
     </span>
    </p>
   </div>
   <div class='ocr_carea' id='block_1_71' title="bbox 89 4013 1159 4084">
    <p class='ocr_par' dir='ltr' id='par_1_71' title="bbox 89 4013 1159 4084">
     <span class='ocr_line' id='line_1_71' title="bbox 89 4013 1159 4084; baseline 0.002 -18"><span class='ocrx_word' id='word_1_491' title='bbox 89 4016 239 4084; x_wconf 74' lang='grc' dir='ltr'><strong>παρὰ</strong></span> <span class='ocrx_word' id='word_1_492' title='bbox 260 4013 407 4067; x_wconf 85' lang='grc' dir='ltr'><strong>Θεοῦ</strong></span> <span class='ocrx_word' id='word_1_493' title='bbox 434 4014 812 4084; x_wconf 82' lang='grc' dir='ltr'><strong>ἀπολήψεσθαι</strong></span> <span class='ocrx_word' id='word_1_494' title='bbox 843 4015 884 4045; x_wconf 83' lang='grc'>¹¹</span> <span class='ocrx_word' id='word_1_495' title='bbox 913 4013 1159 4084; x_wconf 77' lang='grc' dir='ltr'><strong>ἔμελλεν.</strong></span> 
     </span>
    </p>
   </div>
   <div class='ocr_carea' id='block_1_72' title="bbox 160 4102 1678 4176">
    <p class='ocr_par' dir='ltr' id='par_1_72' title="bbox 160 4102 1678 4176">
     <span class='ocr_line' id='line_1_72' title="bbox 160 4102 1678 4176; baseline -0.002 -16"><span class='ocrx_word' id='word_1_496' title='bbox 160 4113 280 4174; x_wconf 59' lang='lat' dir='ltr'><strong>hc“.</strong></span> <span class='ocrx_word' id='word_1_497' title='bbox 329 4102 607 4169; x_wconf 75' lang='grc' dir='ltr'><strong>Ὡσαύτως</strong></span> <span class='ocrx_word' id='word_1_498' title='bbox 653 4107 710 4159; x_wconf 85' lang='grc' dir='ltr'><strong>δὲ</strong></span> <span class='ocrx_word' id='word_1_499' title='bbox 739 4107 833 4158; x_wconf 76' lang='grc' dir='ltr'><strong>καὶ</strong></span> <span class='ocrx_word' id='word_1_500' title='bbox 889 4106 1016 4176; x_wconf 73' lang='grc' dir='ltr'><strong>περὶ</strong></span> <span class='ocrx_word' id='word_1_501' title='bbox 1053 4105 1115 4158; x_wconf 76' lang='grc' dir='ltr'><strong>τὸ</strong></span> <span class='ocrx_word' id='word_1_502' title='bbox 1171 4103 1495 4175; x_wconf 80' lang='grc' dir='ltr'><strong>Βουλγάρων</strong></span> <span class='ocrx_word' id='word_1_503' title='bbox 1527 4105 1678 4172; x_wconf 86' lang='grc' dir='ltr'><strong>γένος</strong></span> 
     </span>
    </p>
   </div>
   <div class='ocr_carea' id='block_1_73' title="bbox 93 4195 1678 4268">
    <p class='ocr_par' dir='ltr' id='par_1_73' title="bbox 93 4195 1678 4268">
     <span class='ocr_line' id='line_1_73' title="bbox 93 4195 1678 4268; baseline -0.001 -17"><span class='ocrx_word' id='word_1_504' title='bbox 93 4200 416 4268; x_wconf 75' lang='grc' dir='ltr'><strong>εὑρίσκεται</strong></span> <span class='ocrx_word' id='word_1_505' title='bbox 478 4198 826 4266; x_wconf 82' lang='grc' dir='ltr'><strong>διαγεγονὼς.</strong></span> <span class='ocrx_word' id='word_1_506' title='bbox 879 4197 953 4249; x_wconf 80' lang='grc' dir='ltr'>Τὸ</span> <span class='ocrx_word' id='word_1_507' title='bbox 987 4197 1098 4266; x_wconf 76' lang='grc' dir='ltr'><strong>γάρ</strong></span> <span class='ocrx_word' id='word_1_508' title='bbox 1144 4196 1383 4250; x_wconf 88' lang='grc' dir='ltr'><strong>τοιοῦτον</strong></span> <span class='ocrx_word' id='word_1_509' title='bbox 1415 4195 1584 4260; x_wconf 71' lang='grc' dir='ltr'><strong>ἔθνος,</strong></span> <span class='ocrx_word' id='word_1_510' title='bbox 1630 4199 1678 4249; x_wconf 89' lang='grc' dir='ltr'><strong>εί</strong></span> 
     </span>
    </p>
   </div>
   <div class='ocr_carea' id='block_1_74' title="bbox 95 4288 1678 4360">
    <p class='ocr_par' dir='ltr' id='par_1_74' title="bbox 95 4288 1678 4360">
     <span class='ocr_line' id='line_1_74' title="bbox 95 4288 1678 4360; baseline 0 -18"><span class='ocrx_word' id='word_1_511' title='bbox 95 4293 188 4344; x_wconf 70' lang='grc' dir='ltr'><strong>καὶ</strong></span> <span class='ocrx_word' id='word_1_512' title='bbox 221 4291 334 4360; x_wconf 79' lang='grc' dir='ltr'><strong>πρὸ</strong></span> <span class='ocrx_word' id='word_1_513' title='bbox 357 4289 549 4342; x_wconf 89' lang='grc' dir='ltr'><strong>τούτου</strong></span> <span class='ocrx_word' id='word_1_514' title='bbox 569 4291 670 4359; x_wconf 89' lang='grc' dir='ltr'><strong>τὴν</strong></span> <span class='ocrx_word' id='word_1_515' title='bbox 699 4289 834 4359; x_wconf 85' lang='grc' dir='ltr'><strong>πρὸς</strong></span> <span class='ocrx_word' id='word_1_516' title='bbox 857 4289 1142 4342; x_wconf 82' lang='grc' dir='ltr'><strong>εὐσέὸειαν</strong></span> <span class='ocrx_word' id='word_1_517' title='bbox 1174 4288 1478 4358; x_wconf 79' lang='grc' dir='ltr'><strong>μεταϐολὴν</strong></span> <span class='ocrx_word' id='word_1_518' title='bbox 1503 4289 1678 4342; x_wconf 77' lang='grc' dir='ltr'><strong>εἰσδέ-</strong></span> 
     </span>
    </p>
   </div>
   <div class='ocr_carea' id='block_1_75' title="bbox 95 4379 1676 4450">
    <p class='ocr_par' dir='ltr' id='par_1_75' title="bbox 95 4379 1676 4450">
     <span class='ocr_line' id='line_1_75' title="bbox 95 4379 1676 4450; baseline -0.003 -17"><span class='ocrx_word' id='word_1_519' title='bbox 95 4381 292 4447; x_wconf 80' lang='grc' dir='ltr'><strong>ξασθαι</strong></span> <span class='ocrx_word' id='word_1_520' title='bbox 327 4380 477 4445; x_wconf 79' lang='grc' dir='ltr'><strong>ἔδοξε</strong></span> <span class='ocrx_word' id='word_1_521' title='bbox 506 4379 601 4433; x_wconf 82' lang='grc' dir='ltr'><strong>καὶ</strong></span> <span class='ocrx_word' id='word_1_522' title='bbox 632 4379 766 4450; x_wconf 79' lang='grc' dir='ltr'><strong>πρὸς</strong></span> <span class='ocrx_word' id='word_1_523' title='bbox 795 4380 887 4434; x_wconf 84' lang='grc' dir='ltr'><strong>τὸν</strong></span> <span class='ocrx_word' id='word_1_524' title='bbox 920 4379 1353 4449; x_wconf 80' lang='grc' dir='ltr'><strong>Χριστιανισμὸν</strong></span> <span class='ocrx_word' id='word_1_525' title='bbox 1377 4379 1676 4449; x_wconf 83' lang='grc' dir='ltr'><strong>μετελθεῖν,</strong></span> 
     </span>
    </p>
   </div>
   <div class='ocr_carea' id='block_1_76' title="bbox 94 4466 1680 4542">
    <p class='ocr_par' dir='ltr' id='par_1_76' title="bbox 94 4466 1680 4542">
     <span class='ocr_line' id='line_1_76' title="bbox 94 4466 1680 4542; baseline -0.001 -18"><span class='ocrx_word' id='word_1_526' title='bbox 94 4474 208 4524; x_wconf 79' lang='grc' dir='ltr'><strong>ἀλλ’</strong></span> <span class='ocrx_word' id='word_1_527' title='bbox 239 4475 397 4542; x_wconf 78' lang='grc' dir='ltr'><strong>ὅμως</strong></span> <span class='ocrx_word' id='word_1_528' title='bbox 427 4470 642 4539; x_wconf 74' lang='grc' dir='ltr'><strong>ἀπαγὲς</strong></span> <span class='ocrx_word' id='word_1_529' title='bbox 685 4466 755 4540; x_wconf 81' lang='grc' dir='ltr'><strong>ἦν</strong></span> <span class='ocrx_word' id='word_1_530' title='bbox 786 4470 866 4524; x_wconf 78' lang='grc' dir='ltr'><strong>ἔτι</strong></span> <span class='ocrx_word' id='word_1_531' title='bbox 895 4472 1028 4539; x_wconf 82' lang='grc' dir='ltr'><strong>πρὸς</strong></span> <span class='ocrx_word' id='word_1_532' title='bbox 1053 4473 1114 4522; x_wconf 88' lang='grc' dir='ltr'><strong>τὸ</strong></span> <span class='ocrx_word' id='word_1_533' title='bbox 1150 4472 1195 4503; x_wconf 85' lang='grc'><strong>¹³</strong></span> <span class='ocrx_word' id='word_1_534' title='bbox 1232 4472 1399 4524; x_wconf 86' lang='grc' dir='ltr'><strong>καλὸν</strong></span> <span class='ocrx_word' id='word_1_535' title='bbox 1449 4473 1543 4524; x_wconf 78' lang='grc' dir='ltr'><strong>καὶ</strong></span> <span class='ocrx_word' id='word_1_536' title='bbox 1589 4473 1680 4523; x_wconf 87' lang='grc' dir='ltr'><strong>ἁν-</strong></span> 
     </span>
    </p>
   </div>
   <div class='ocr_carea' id='block_1_77' title="bbox 1779 3285 3354 3354">
    <p class='ocr_par' dir='ltr' id='par_1_77' title="bbox 1779 3285 3354 3354">
     <span class='ocr_line' id='line_1_77' title="bbox 1779 3285 3354 3354; baseline 0 -14"><span class='ocrx_word' id='word_1_537' title='bbox 1779 3287 1979 3340; x_wconf 91' lang='lat' dir='ltr'><strong>multos</strong></span> <span class='ocrx_word' id='word_1_538' title='bbox 2027 3285 2229 3349; x_wconf 89' lang='lat' dir='ltr'><strong>ablato,</strong></span> <span class='ocrx_word' id='word_1_539' title='bbox 2268 3285 2414 3354; x_wconf 88' lang='lat' dir='ltr'><strong>quod</strong></span> <span class='ocrx_word' id='word_1_540' title='bbox 2447 3285 2768 3353; x_wconf 88' lang='lat' dir='ltr'><strong>impositum</strong></span> <span class='ocrx_word' id='word_1_541' title='bbox 2826 3286 3045 3350; x_wconf 76' lang='lat' dir='ltr'><strong>habent.</strong></span> <span class='ocrx_word' id='word_1_542' title='bbox 3092 3286 3354 3342; x_wconf 63' lang='lat' dir='ltr'><strong>eet-citatis</strong></span> 
     </span>
    </p>
   </div>
   <div class='ocr_carea' id='block_1_78' title="bbox 1776 3375 3351 3450">
    <p class='ocr_par' dir='ltr' id='par_1_78' title="bbox 1776 3375 3351 3450">
     <span class='ocr_line' id='line_1_78' title="bbox 1776 3375 3351 3450; baseline 0 -20"><span class='ocrx_word' id='word_1_543' title='bbox 1776 3380 2043 3434; x_wconf 91' lang='lat' dir='ltr'><strong>velamine</strong></span> <span class='ocrx_word' id='word_1_544' title='bbox 2074 3380 2139 3432; x_wconf 91' lang='lat' dir='ltr'><strong>ad</strong></span> <span class='ocrx_word' id='word_1_545' title='bbox 2170 3377 2372 3432; x_wconf 86' lang='lat' dir='ltr'><strong>Christi</strong></span> <span class='ocrx_word' id='word_1_546' title='bbox 2394 3375 2555 3448; x_wconf 60' lang='lat'><strong>352</strong></span> <span class='ocrx_word' id='word_1_547' title='bbox 2590 3377 2745 3431; x_wconf 85' lang='lat' dir='ltr'><strong>fidem</strong></span> <span class='ocrx_word' id='word_1_548' title='bbox 2775 3379 3016 3440; x_wconf 61' lang='lat' dir='ltr'><strong>attraxit,</strong></span> <span class='ocrx_word' id='word_1_549' title='bbox 3041 3393 3351 3450; x_wconf 84' lang='lat' dir='ltr'><strong>quanquam</strong></span> 
     </span>
    </p>
   </div>
   <div class='ocr_carea' id='block_1_79' title="bbox 1777 3470 3353 3544">
    <p class='ocr_par' dir='ltr' id='par_1_79' title="bbox 1777 3470 3353 3544">
     <span class='ocr_line' id='line_1_79' title="bbox 1777 3470 3353 3544; baseline -0.003 -17"><span class='ocrx_word' id='word_1_550' title='bbox 1777 3473 2022 3544; x_wconf 87' lang='lat' dir='ltr'><strong>plerique</strong></span> <span class='ocrx_word' id='word_1_551' title='bbox 2065 3487 2308 3536; x_wconf 88' lang='lat' dir='ltr'><strong>rursum,</strong></span> <span class='ocrx_word' id='word_1_552' title='bbox 2343 3479 2468 3540; x_wconf 90' lang='lat' dir='ltr'><strong>post</strong></span> <span class='ocrx_word' id='word_1_553' title='bbox 2498 3471 2882 3540; x_wconf 86' lang='lat' dir='ltr'><strong>imperatorem</strong></span> <span class='ocrx_word' id='word_1_554' title='bbox 2923 3485 2954 3525; x_wconf 91' lang='lat' dir='ltr'><strong>e</strong></span> <span class='ocrx_word' id='word_1_555' title='bbox 2997 3470 3137 3525; x_wconf 85' lang='lat' dir='ltr'><strong>vivis</strong></span> <span class='ocrx_word' id='word_1_556' title='bbox 3167 3485 3353 3526; x_wconf 73' lang='lat' dir='ltr'><strong>exem-</strong></span> 
     </span>
    </p>
   </div>
   <div class='ocr_carea' id='block_1_80' title="bbox 1779 3563 3354 3638">
    <p class='ocr_par' dir='ltr' id='par_1_80' title="bbox 1779 3563 3354 3638">
     <span class='ocr_line' id='line_1_80' title="bbox 1779 3563 3354 3638; baseline -0.003 -18"><span class='ocrx_word' id='word_1_557' title='bbox 1779 3578 1953 3638; x_wconf 92' lang='lat' dir='ltr'><strong>ptum,</strong></span> <span class='ocrx_word' id='word_1_558' title='bbox 1985 3565 2053 3621; x_wconf 87' lang='lat' dir='ltr'><strong>ad</strong></span> <span class='ocrx_word' id='word_1_559' title='bbox 2112 3566 2374 3620; x_wconf 90' lang='lat' dir='ltr'><strong>vomitum</strong></span> <span class='ocrx_word' id='word_1_560' title='bbox 2430 3580 2590 3620; x_wconf 91' lang='lat' dir='ltr'><strong>suum</strong></span> <span class='ocrx_word' id='word_1_561' title='bbox 2647 3573 2705 3618; x_wconf 88' lang='lat' dir='ltr'><strong>ut</strong></span> <span class='ocrx_word' id='word_1_562' title='bbox 2754 3579 2920 3618; x_wconf 87' lang='lat' dir='ltr'><strong>canes</strong></span> <span class='ocrx_word' id='word_1_563' title='bbox 2958 3563 3161 3618; x_wconf 89' lang='lat' dir='ltr'><strong>reversi</strong></span> <span class='ocrx_word' id='word_1_564' title='bbox 3204 3571 3354 3617; x_wconf 86' lang='lat' dir='ltr'><strong>sunt.</strong></span> 
     </span>
    </p>
   </div>
   <div class='ocr_carea' id='block_1_81' title="bbox 1779 3651 3350 3723">
    <p class='ocr_par' dir='ltr' id='par_1_81' title="bbox 1779 3651 3350 3723">
     <span class='ocr_line' id='line_1_81' title="bbox 1779 3651 3350 3723; baseline -0.002 -15"><span class='ocrx_word' id='word_1_565' title='bbox 1779 3653 2022 3709; x_wconf 89' lang='lat' dir='ltr'><strong>Tametsi</strong></span> <span class='ocrx_word' id='word_1_566' title='bbox 2053 3668 2182 3708; x_wconf 87' lang='lat' dir='ltr'><strong>vero</strong></span> <span class='ocrx_word' id='word_1_567' title='bbox 2211 3654 2289 3707; x_wconf 92' lang='lat' dir='ltr'><strong>illi</strong></span> <span class='ocrx_word' id='word_1_568' title='bbox 2325 3651 2442 3722; x_wconf 85' lang='lat' dir='ltr'><strong>(seu</strong></span> <span class='ocrx_word' id='word_1_569' title='bbox 2489 3654 2672 3722; x_wconf 82' lang='lat' dir='ltr'><strong>potius</strong></span> <span class='ocrx_word' id='word_1_570' title='bbox 2706 3653 2922 3706; x_wconf 82' lang='lat' dir='ltr'><strong>illorum</strong></span> <span class='ocrx_word' id='word_1_571' title='bbox 2966 3668 3092 3722; x_wconf 88' lang='lat' dir='ltr'><strong>pars</strong></span> <span class='ocrx_word' id='word_1_572' title='bbox 3121 3653 3350 3723; x_wconf 81' lang='lat' dir='ltr'><strong>aliqua),</strong></span> 
     </span>
    </p>
   </div>
   <div class='ocr_carea' id='block_1_82' title="bbox 1778 3742 3355 3815">
    <p class='ocr_par' dir='ltr' id='par_1_82' title="bbox 1778 3742 3355 3815">
     <span class='ocr_line' id='line_1_82' title="bbox 1778 3742 3355 3815; baseline -0.003 -14"><span class='ocrx_word' id='word_1_573' title='bbox 1778 3747 1928 3801; x_wconf 90' lang='lat' dir='ltr'><strong>velut</strong></span> <span class='ocrx_word' id='word_1_574' title='bbox 1953 3745 2260 3815; x_wconf 60' lang='lat' dir='ltr'><strong>:Ethiopes,</strong></span> <span class='ocrx_word' id='word_1_575' title='bbox 2286 3759 2528 3800; x_wconf 91' lang='lat' dir='ltr'><strong>errorem</strong></span> <span class='ocrx_word' id='word_1_576' title='bbox 2557 3744 2700 3798; x_wconf 87' lang='lat' dir='ltr'><strong>haud</strong></span> <span class='ocrx_word' id='word_1_577' title='bbox 2730 3751 3032 3808; x_wconf 82' lang='lat' dir='ltr'><strong>mutarunt,</strong></span> <span class='ocrx_word' id='word_1_578' title='bbox 3056 3742 3355 3813; x_wconf 85' lang='lat' dir='ltr'><strong>religiosis-</strong></span> 
     </span>
    </p>
   </div>
   <div class='ocr_carea' id='block_1_83' title="bbox 1779 3835 3352 3908">
    <p class='ocr_par' dir='ltr' id='par_1_83' title="bbox 1779 3835 3352 3908">
     <span class='ocr_line' id='line_1_83' title="bbox 1779 3835 3352 3908; baseline -0.003 -13"><span class='ocrx_word' id='word_1_579' title='bbox 1779 3841 1952 3895; x_wconf 86' lang='lat' dir='ltr'><strong>simus</strong></span> <span class='ocrx_word' id='word_1_580' title='bbox 2010 3849 2192 3893; x_wconf 89' lang='lat' dir='ltr'><strong>tamen</strong></span> <span class='ocrx_word' id='word_1_581' title='bbox 2262 3838 2561 3908; x_wconf 89' lang='lat' dir='ltr'><strong>imperator</strong></span> <span class='ocrx_word' id='word_1_582' title='bbox 2611 3837 2878 3907; x_wconf 88' lang='lat' dir='ltr'><strong>integram</strong></span> <span class='ocrx_word' id='word_1_583' title='bbox 2932 3851 2962 3891; x_wconf 94' lang='lat' dir='ltr'><strong>a</strong></span> <span class='ocrx_word' id='word_1_584' title='bbox 3011 3835 3126 3892; x_wconf 90' lang='lat' dir='ltr'><strong>Deo</strong></span> <span class='ocrx_word' id='word_1_585' title='bbox 3173 3835 3352 3906; x_wconf 85' lang='lat' dir='ltr'><strong>operis</strong></span> 
     </span>
    </p>
   </div>
   <div class='ocr_carea' id='block_1_84' title="bbox 1781 3929 3354 3999">
    <p class='ocr_par' dir='ltr' id='par_1_84' title="bbox 1781 3929 3354 3999">
     <span class='ocr_line' id='line_1_84' title="bbox 1781 3929 3354 3999; baseline -0.004 -13"><span class='ocrx_word' id='word_1_586' title='bbox 1781 3931 2136 3996; x_wconf 89' lang='lat' dir='ltr'><strong>mercedem,</strong></span> <span class='ocrx_word' id='word_1_587' title='bbox 2203 3930 2323 3999; x_wconf 89' lang='lat' dir='ltr'><strong>ejus</strong></span> <span class='ocrx_word' id='word_1_588' title='bbox 2391 3929 2694 3984; x_wconf 89' lang='lat' dir='ltr'><strong>molitionis</strong></span> <span class='ocrx_word' id='word_1_589' title='bbox 2758 3942 2924 3983; x_wconf 85' lang='lat' dir='ltr'><strong>causa</strong></span> <span class='ocrx_word' id='word_1_590' title='bbox 2997 3939 3354 3997; x_wconf 86' lang='lat' dir='ltr'><strong>percepturus</strong></span> 
     </span>
    </p>
   </div>
   <div class='ocr_carea' id='block_1_85' title="bbox 1778 4035 1918 4082">
    <p class='ocr_par' dir='ltr' id='par_1_85' title="bbox 1778 4035 1918 4082">
     <span class='ocr_line' id='line_1_85' title="bbox 1778 4035 1918 4082; baseline 0 0"><span class='ocrx_word' id='word_1_591' title='bbox 1778 4035 1918 4082; x_wconf 89' lang='lat' dir='ltr'><strong>erat.</strong></span> 
     </span>
    </p>
   </div>
   <div class='ocr_carea' id='block_1_86' title="bbox 1849 4109 3350 4182">
    <p class='ocr_par' dir='ltr' id='par_1_86' title="bbox 1849 4109 3350 4182">
     <span class='ocr_line' id='line_1_86' title="bbox 1849 4109 3350 4182; baseline -0.003 -11"><span class='ocrx_word' id='word_1_592' title='bbox 1849 4117 1941 4171; x_wconf 85' lang='lat'><strong>96.</strong></span> <span class='ocrx_word' id='word_1_593' title='bbox 1981 4115 2247 4170; x_wconf 90' lang='lat' dir='ltr'><strong>Similiter</strong></span> <span class='ocrx_word' id='word_1_594' title='bbox 2277 4128 2408 4166; x_wconf 90' lang='lat' dir='ltr'><strong>vero</strong></span> <span class='ocrx_word' id='word_1_595' title='bbox 2431 4128 2489 4167; x_wconf 89' lang='lat' dir='ltr'><strong>se</strong></span> <span class='ocrx_word' id='word_1_596' title='bbox 2514 4112 2674 4166; x_wconf 89' lang='lat' dir='ltr'><strong>etiam</strong></span> <span class='ocrx_word' id='word_1_597' title='bbox 2707 4126 2833 4180; x_wconf 87' lang='lat' dir='ltr'><strong>erga</strong></span> <span class='ocrx_word' id='word_1_598' title='bbox 2865 4109 3124 4182; x_wconf 85' lang='lat' dir='ltr'><strong>Bulgaros</strong></span> <span class='ocrx_word' id='word_1_599' title='bbox 3161 4110 3350 4182; x_wconf 79' lang='lat' dir='ltr'><strong>gessit.</strong></span> 
     </span>
    </p>
   </div>
   <div class='ocr_carea' id='block_1_87' title="bbox 1781 4202 3353 4276">
    <p class='ocr_par' dir='ltr' id='par_1_87' title="bbox 1781 4202 3353 4276">
     <span class='ocr_line' id='line_1_87' title="bbox 1781 4202 3353 4276; baseline -0.004 -13"><span class='ocrx_word' id='word_1_600' title='bbox 1781 4209 1855 4263; x_wconf 87' lang='lat' dir='ltr'><strong>Ea</strong></span> <span class='ocrx_word' id='word_1_601' title='bbox 1888 4208 2033 4262; x_wconf 88' lang='lat' dir='ltr'><strong>enim</strong></span> <span class='ocrx_word' id='word_1_602' title='bbox 2063 4221 2196 4276; x_wconf 86' lang='lat' dir='ltr'><strong>gens</strong></span> <span class='ocrx_word' id='word_1_603' title='bbox 2218 4206 2320 4260; x_wconf 89' lang='lat' dir='ltr'><strong>etsi</strong></span> <span class='ocrx_word' id='word_1_604' title='bbox 2352 4215 2510 4259; x_wconf 83' lang='lat' dir='ltr'><strong>antea</strong></span> <span class='ocrx_word' id='word_1_605' title='bbox 2540 4204 2608 4258; x_wconf 88' lang='lat' dir='ltr'><strong>ad</strong></span> <span class='ocrx_word' id='word_1_606' title='bbox 2640 4202 2895 4273; x_wconf 89' lang='lat' dir='ltr'><strong>pietatem</strong></span> <span class='ocrx_word' id='word_1_607' title='bbox 2922 4202 3208 4257; x_wconf 83' lang='lat' dir='ltr'><strong>transiisse</strong></span> <span class='ocrx_word' id='word_1_608' title='bbox 3240 4205 3353 4256; x_wconf 85' lang='lat' dir='ltr'><strong>visa</strong></span> 
     </span>
    </p>
   </div>
   <div class='ocr_carea' id='block_1_88' title="bbox 1782 4292 3352 4362">
    <p class='ocr_par' dir='ltr' id='par_1_88' title="bbox 1782 4292 3352 4362">
     <span class='ocr_line' id='line_1_88' title="bbox 1782 4292 3352 4362; baseline -0.006 -7"><span class='ocrx_word' id='word_1_609' title='bbox 1782 4300 1958 4355; x_wconf 80' lang='lat' dir='ltr'><strong>fuerat</strong></span> <span class='ocrx_word' id='word_1_610' title='bbox 1991 4308 2046 4352; x_wconf 91' lang='lat' dir='ltr'><strong>et</strong></span> <span class='ocrx_word' id='word_1_611' title='bbox 2067 4296 2508 4352; x_wconf 81' lang='lat' dir='ltr'><strong>Christianorum</strong></span> <span class='ocrx_word' id='word_1_612' title='bbox 2555 4294 2690 4348; x_wconf 92' lang='lat' dir='ltr'><strong>ritus</strong></span> <span class='ocrx_word' id='word_1_613' title='bbox 2715 4293 3011 4362; x_wconf 83' lang='lat' dir='ltr'><strong>recepisse,</strong></span> <span class='ocrx_word' id='word_1_614' title='bbox 3041 4292 3224 4349; x_wconf 81' lang='lat' dir='ltr'><strong>adhuc</strong></span> <span class='ocrx_word' id='word_1_615' title='bbox 3270 4303 3352 4346; x_wconf 84' lang='lat' dir='ltr'><strong>ta-</strong></span> 
     </span>
    </p>
   </div>
   <div class='ocr_carea' id='block_1_89' title="bbox 1783 4383 3354 4453">
    <p class='ocr_par' dir='ltr' id='par_1_89' title="bbox 1783 4383 3354 4453">
     <span class='ocr_line' id='line_1_89' title="bbox 1783 4383 3354 4453; baseline -0.005 -7"><span class='ocrx_word' id='word_1_616' title='bbox 1783 4407 1908 4445; x_wconf 90' lang='lat' dir='ltr'><strong>men</strong></span> <span class='ocrx_word' id='word_1_617' title='bbox 1941 4391 1994 4445; x_wconf 93' lang='lat' dir='ltr'><strong>in</strong></span> <span class='ocrx_word' id='word_1_618' title='bbox 2032 4389 2175 4442; x_wconf 88' lang='lat' dir='ltr'><strong>bono</strong></span> <span class='ocrx_word' id='word_1_619' title='bbox 2203 4385 2481 4441; x_wconf 86' lang='lat' dir='ltr'><strong>instabilis</strong></span> <span class='ocrx_word' id='word_1_620' title='bbox 2510 4401 2574 4439; x_wconf 87' lang='lat' dir='ltr'><strong>ac</strong></span> <span class='ocrx_word' id='word_1_621' title='bbox 2605 4384 2761 4453; x_wconf 91' lang='lat' dir='ltr'><strong>quasi</strong></span> <span class='ocrx_word' id='word_1_622' title='bbox 2789 4383 3021 4438; x_wconf 79' lang='lat' dir='ltr'><strong>volatica</strong></span> <span class='ocrx_word' id='word_1_623' title='bbox 3058 4393 3205 4449; x_wconf 69' lang='lat' dir='ltr'><strong>erat,</strong></span> <span class='ocrx_word' id='word_1_624' title='bbox 3241 4385 3354 4438; x_wconf 78' lang='grc' dir='ltr'><strong>νιι-</strong></span> 
     </span>
    </p>
   </div>
   <div class='ocr_carea' id='block_1_90' title="bbox 1784 4476 3357 4549">
    <p class='ocr_par' dir='ltr' id='par_1_90' title="bbox 1784 4476 3357 4549">
     <span class='ocr_line' id='line_1_90' title="bbox 1784 4476 3357 4549; baseline -0.006 -11"><span class='ocrx_word' id='word_1_625' title='bbox 1784 4492 1844 4538; x_wconf 93' lang='lat' dir='ltr'><strong>ut</strong></span> <span class='ocrx_word' id='word_1_626' title='bbox 1907 4481 2098 4536; x_wconf 92' lang='lat' dir='ltr'><strong>folium</strong></span> <span class='ocrx_word' id='word_1_627' title='bbox 2158 4479 2306 4549; x_wconf 89' lang='lat' dir='ltr'><strong>quod</strong></span> <span class='ocrx_word' id='word_1_628' title='bbox 2357 4477 2518 4533; x_wconf 83' lang='lat' dir='ltr'><strong>facile</strong></span> <span class='ocrx_word' id='word_1_629' title='bbox 2571 4477 2674 4531; x_wconf 91' lang='lat' dir='ltr'><strong>levi</strong></span> <span class='ocrx_word' id='word_1_630' title='bbox 2706 4491 2840 4534; x_wconf 88' lang='lat' dir='ltr'><strong>aura</strong></span> <span class='ocrx_word' id='word_1_631' title='bbox 2890 4476 3136 4546; x_wconf 80' lang='lat' dir='ltr'><strong>quatitur</strong></span> <span class='ocrx_word' id='word_1_632' title='bbox 3193 4486 3357 4544; x_wconf 82' lang='lat' dir='ltr'><strong>atque</strong></span> 
     </span>
    </p>
   </div>
   <div class='ocr_carea' id='block_1_91' title="bbox 98 4541 1674 4636">
    <p class='ocr_par' dir='ltr' id='par_1_91' title="bbox 98 4541 1674 4634">
     <span class='ocr_line' id='line_1_91' title="bbox 98 4541 1674 4634; baseline -0.001 -18"><span class='ocrx_word' id='word_1_633' title='bbox 98 4541 337 4634; x_wconf 75' lang='grc' dir='ltr'><strong>ίδρυτον,</strong></span> <span class='ocrx_word' id='word_1_634' title='bbox 370 4563 443 4626; x_wconf 78' lang='grc' dir='ltr'><strong>ὡς</strong></span> <span class='ocrx_word' id='word_1_635' title='bbox 468 4563 572 4617; x_wconf 82' lang='grc' dir='ltr'><strong>ὑπὸ</strong></span> <span class='ocrx_word' id='word_1_636' title='bbox 615 4564 818 4633; x_wconf 88' lang='grc' dir='ltr'><strong>ἀνέμου</strong></span> <span class='ocrx_word' id='word_1_637' title='bbox 848 4562 1020 4632; x_wconf 83' lang='grc' dir='ltr'><strong>φύλλα</strong></span> <span class='ocrx_word' id='word_1_638' title='bbox 1067 4562 1267 4634; x_wconf 75' lang='grc' dir='ltr'><strong>ῥᾳδίως</strong></span> <span class='ocrx_word' id='word_1_639' title='bbox 1319 4566 1674 4632; x_wconf 83' lang='grc' dir='ltr'><strong>σαλευόμενον</strong></span> 
     </span>
    </p>
   </div>
   <div class='ocr_carea' id='block_1_92' title="bbox 1777 4541 3357 4636">
    <p class='ocr_par' dir='ltr' id='par_1_92' title="bbox 1785 4541 3357 4636">
     <span class='ocr_line' id='line_1_92' title="bbox 1785 4541 3357 4636; baseline -0.004 -9"><span class='ocrx_word' id='word_1_640' title='bbox 1785 4583 2055 4629; x_wconf 89' lang='lat' dir='ltr'><strong>movetur.</strong></span> <span class='ocrx_word' id='word_1_641' title='bbox 2081 4541 2305 4627; x_wconf 72' lang='lat' dir='ltr'><strong>Crebris</strong></span> <span class='ocrx_word' id='word_1_642' title='bbox 2356 4579 2534 4624; x_wconf 91' lang='lat' dir='ltr'><strong>tamen</strong></span> <span class='ocrx_word' id='word_1_643' title='bbox 2595 4541 2941 4636; x_wconf 74' lang='lat' dir='ltr'><strong>imperatoris</strong></span> <span class='ocrx_word' id='word_1_644' title='bbox 2997 4541 3357 4621; x_wconf 83' lang='lat' dir='ltr'><strong>hortamentis</strong></span> 
     </span>
    </p>
   </div>
   <div class='ocr_carea' id='block_1_93' title="bbox 94 4654 1678 4726">
    <p class='ocr_par' dir='ltr' id='par_1_93' title="bbox 94 4654 1678 4726">
     <span class='ocr_line' id='line_1_93' title="bbox 94 4654 1678 4726; baseline 0.001 -18"><span class='ocrx_word' id='word_1_645' title='bbox 94 4660 186 4710; x_wconf 84' lang='grc' dir='ltr'><strong>καὶ</strong></span> <span class='ocrx_word' id='word_1_646' title='bbox 209 4655 697 4726; x_wconf 76' lang='grc' dir='ltr'><strong>μετακινούμενον.</strong></span> <span class='ocrx_word' id='word_1_647' title='bbox 724 4654 884 4709; x_wconf 82' lang='grc' dir='ltr'><strong>Ἀλλά</strong></span> <span class='ocrx_word' id='word_1_648' title='bbox 906 4657 1028 4717; x_wconf 85' lang='grc' dir='ltr'><strong>ταῖς</strong></span> <span class='ocrx_word' id='word_1_649' title='bbox 1052 4655 1141 4707; x_wconf 88' lang='grc' dir='ltr'><strong>τοῦ</strong></span> <span class='ocrx_word' id='word_1_650' title='bbox 1168 4654 1434 4724; x_wconf 80' lang='grc' dir='ltr'><strong>βασιλέως</strong></span> <span class='ocrx_word' id='word_1_651' title='bbox 1458 4659 1678 4725; x_wconf 83' lang='grc' dir='ltr'><strong>συχναῖς</strong></span> 
     </span>
    </p>
   </div>
   <div class='ocr_carea' id='block_1_94' title="bbox 98 4746 1679 4820">
    <p class='ocr_par' dir='ltr' id='par_1_94' title="bbox 98 4746 1679 4820">
     <span class='ocr_line' id='line_1_94' title="bbox 98 4746 1679 4820; baseline -0.001 -18"><span class='ocrx_word' id='word_1_652' title='bbox 98 4753 464 4820; x_wconf 78' lang='grc' dir='ltr'><strong>παραινέσεσι</strong></span> <span class='ocrx_word' id='word_1_653' title='bbox 496 4750 590 4801; x_wconf 65' lang='grc' dir='ltr'><strong>καὶ⁵</strong></span> <span class='ocrx_word' id='word_1_654' title='bbox 626 4750 748 4810; x_wconf 87' lang='grc' dir='ltr'><strong>ταῖς</strong></span> <span class='ocrx_word' id='word_1_655' title='bbox 796 4748 1079 4818; x_wconf 87' lang='grc' dir='ltr'><strong>λαμπραῖς</strong></span> <span class='ocrx_word' id='word_1_656' title='bbox 1119 4746 1450 4812; x_wconf 79' lang='grc' dir='ltr'><strong>δεξιώσεσιν,</strong></span> <span class='ocrx_word' id='word_1_657' title='bbox 1512 4748 1591 4801; x_wconf 79' lang='grc' dir='ltr'><strong>ἔτι</strong></span> <span class='ocrx_word' id='word_1_658' title='bbox 1621 4749 1679 4801; x_wconf 85' lang='grc' dir='ltr'><strong>δὲ</strong></span> 
     </span>
    </p>
   </div>
   <div class='ocr_carea' id='block_1_95' title="bbox 95 4839 1676 4910">
    <p class='ocr_par' dir='ltr' id='par_1_95' title="bbox 95 4839 1676 4910">
     <span class='ocr_line' id='line_1_95' title="bbox 95 4839 1676 4910; baseline -0.003 -16"><span class='ocrx_word' id='word_1_659' title='bbox 95 4847 187 4895; x_wconf 76' lang='grc' dir='ltr'><strong>καὶ</strong></span> <span class='ocrx_word' id='word_1_660' title='bbox 226 4843 357 4902; x_wconf 84' lang='grc' dir='ltr'><strong>ταῖς</strong></span> <span class='ocrx_word' id='word_1_661' title='bbox 387 4839 787 4909; x_wconf 79' lang='grc' dir='ltr'><strong>μεγαλοψύχοις</strong></span> <span class='ocrx_word' id='word_1_662' title='bbox 833 4841 1164 4909; x_wconf 79' lang='grc' dir='ltr'><strong>φιλοτιμίαις</strong></span> <span class='ocrx_word' id='word_1_663' title='bbox 1201 4859 1259 4894; x_wconf 88' lang='grc' dir='ltr'><strong>τε</strong></span> <span class='ocrx_word' id='word_1_664' title='bbox 1300 4842 1394 4893; x_wconf 83' lang='grc' dir='ltr'><strong>καὶ</strong></span> <span class='ocrx_word' id='word_1_665' title='bbox 1425 4841 1676 4910; x_wconf 85' lang='grc' dir='ltr'><strong>δωρεαῖς,</strong></span> 
     </span>
    </p>
   </div>
   <div class='ocr_carea' id='block_1_96' title="bbox 94 4933 1677 5006">
    <p class='ocr_par' dir='ltr' id='par_1_96' title="bbox 94 4933 1677 5006">
     <span class='ocr_line' id='line_1_96' title="bbox 94 4933 1677 5006; baseline -0.002 -18"><span class='ocrx_word' id='word_1_666' title='bbox 94 4935 537 5006; x_wconf 82' lang='grc' dir='ltr'><strong>ἀρχιεπίσκοπόν</strong></span> <span class='ocrx_word' id='word_1_667' title='bbox 563 4951 624 4987; x_wconf 86' lang='grc' dir='ltr'><strong>τε</strong></span> <span class='ocrx_word' id='word_1_668' title='bbox 657 4933 938 4988; x_wconf 88' lang='grc' dir='ltr'><strong>πείθεσθαι</strong></span> <span class='ocrx_word' id='word_1_669' title='bbox 982 4934 1382 4999; x_wconf 81' lang='grc' dir='ltr'><strong>καταδέξασθαι</strong></span> <span class='ocrx_word' id='word_1_670' title='bbox 1411 4933 1507 4988; x_wconf 75' lang='grc' dir='ltr'><strong>καὶ</strong></span> <span class='ocrx_word' id='word_1_671' title='bbox 1560 4937 1677 4986; x_wconf 78' lang='grc' dir='ltr'><strong>ὲπιο</strong></span> 
     </span>
    </p>
   </div>
   <div class='ocr_carea' id='block_1_97' title="bbox 95 5025 1684 5098">
    <p class='ocr_par' dir='ltr' id='par_1_97' title="bbox 95 5025 1684 5098">
     <span class='ocr_line' id='line_1_97' title="bbox 95 5025 1684 5098; baseline 0 -20"><span class='ocrx_word' id='word_1_672' title='bbox 95 5029 327 5089; x_wconf 73' lang='grc' dir='ltr'><strong>σκόττοις</strong></span> <span class='ocrx_word' id='word_1_673' title='bbox 375 5027 874 5096; x_wconf 80' lang='grc' dir='ltr'><strong>καταπυκνωθῆναι</strong></span> <span class='ocrx_word' id='word_1_674' title='bbox 903 5029 1003 5096; x_wconf 81' lang='grc' dir='ltr'><strong>τὴν</strong></span> <span class='ocrx_word' id='word_1_675' title='bbox 1031 5027 1217 5098; x_wconf 86' lang='grc' dir='ltr'><strong>χώραν</strong></span> <span class='ocrx_word' id='word_1_676' title='bbox 1263 5025 1511 5096; x_wconf 82' lang='grc' dir='ltr'><strong>ἀνέχεται</strong></span> <span class='ocrx_word' id='word_1_677' title='bbox 1538 5041 1551 5055; x_wconf 84' lang='lat'><strong><em>°</em></strong></span> <span class='ocrx_word' id='word_1_678' title='bbox 1589 5025 1684 5079; x_wconf 70' lang='lat' dir='ltr'><strong>xui.</strong></span> 
     </span>
    </p>
   </div>
   <div class='ocr_carea' id='block_1_98' title="bbox 94 5118 1682 5190">
    <p class='ocr_par' dir='ltr' id='par_1_98' title="bbox 94 5118 1682 5190">
     <span class='ocr_line' id='line_1_98' title="bbox 94 5118 1682 5190; baseline -0.001 -19"><span class='ocrx_word' id='word_1_679' title='bbox 94 5123 177 5173; x_wconf 77' lang='grc' dir='ltr'><strong>διά.</strong></span> <span class='ocrx_word' id='word_1_680' title='bbox 202 5139 264 5173; x_wconf 85' lang='grc' dir='ltr'><strong>τε</strong></span> <span class='ocrx_word' id='word_1_681' title='bbox 283 5121 496 5172; x_wconf 81' lang='grc' dir='ltr'><strong>τούτων</strong></span> <span class='ocrx_word' id='word_1_682' title='bbox 524 5118 614 5172; x_wconf 81' lang='grc' dir='ltr'><strong>διὰ</strong></span> <span class='ocrx_word' id='word_1_683' title='bbox 641 5137 699 5172; x_wconf 89' lang='grc' dir='ltr'><strong>τε</strong></span> <span class='ocrx_word' id='word_1_684' title='bbox 730 5119 839 5172; x_wconf 86' lang='grc' dir='ltr'><strong>τῶν</strong></span> <span class='ocrx_word' id='word_1_685' title='bbox 861 5119 919 5184; x_wconf 74' lang='grc' dir='ltr'><strong>ἐξ</strong></span> <span class='ocrx_word' id='word_1_686' title='bbox 944 5121 1115 5190; x_wconf 84' lang='grc' dir='ltr'><strong>ὀρέων</strong></span> <span class='ocrx_word' id='word_1_687' title='bbox 1140 5138 1199 5173; x_wconf 87' lang='grc' dir='ltr'><strong>τε</strong></span> <span class='ocrx_word' id='word_1_688' title='bbox 1223 5121 1262 5150; x_wconf 83' lang='grc'><strong>¹¹⁵</strong></span> <span class='ocrx_word' id='word_1_689' title='bbox 1288 5123 1380 5173; x_wconf 73' lang='grc' dir='ltr'><strong>καὶ</strong></span> <span class='ocrx_word' id='word_1_690' title='bbox 1409 5118 1517 5171; x_wconf 88' lang='grc' dir='ltr'><strong>τῶν</strong></span> <span class='ocrx_word' id='word_1_691' title='bbox 1545 5134 1682 5186; x_wconf 83' lang='grc' dir='ltr'><strong>σπη-</strong></span> 
     </span>
    </p>
   </div>
   <div class='ocr_carea' id='block_1_99' title="bbox 93 5209 1680 5282">
    <p class='ocr_par' dir='ltr' id='par_1_99' title="bbox 93 5209 1680 5282">
     <span class='ocr_line' id='line_1_99' title="bbox 93 5209 1680 5282; baseline -0.001 -19"><span class='ocrx_word' id='word_1_692' title='bbox 93 5215 265 5265; x_wconf 69' lang='grc' dir='ltr'><strong>ὶαίων</strong></span> <span class='ocrx_word' id='word_1_693' title='bbox 294 5212 400 5280; x_wconf 80' lang='grc' dir='ltr'><strong>τῆς</strong></span> <span class='ocrx_word' id='word_1_694' title='bbox 435 5213 538 5279; x_wconf 84' lang='grc' dir='ltr'><strong>γῆς</strong></span> <span class='ocrx_word' id='word_1_695' title='bbox 573 5211 1025 5282; x_wconf 79' lang='grc' dir='ltr'><strong>μετακληθέντων</strong></span> <span class='ocrx_word' id='word_1_696' title='bbox 1056 5214 1149 5265; x_wconf 76' lang='grc' dir='ltr'><strong>καὶ</strong></span> <span class='ocrx_word' id='word_1_697' title='bbox 1183 5214 1359 5265; x_wconf 74' lang='grc' dir='ltr'><strong>ἐκεῖσε</strong></span> <span class='ocrx_word' id='word_1_698' title='bbox 1405 5211 1555 5281; x_wconf 77' lang='grc' dir='ltr'><strong>παρὰ</strong></span> <span class='ocrx_word' id='word_1_699' title='bbox 1585 5209 1680 5262; x_wconf 86' lang='grc' dir='ltr'><strong>τοῦ</strong></span> 
     </span>
    </p>
   </div>
   <div class='ocr_carea' id='block_1_100' title="bbox 92 5301 1682 5374">
    <p class='ocr_par' dir='ltr' id='par_1_100' title="bbox 92 5301 1682 5374">
     <span class='ocr_line' id='line_1_100' title="bbox 92 5301 1682 5374; baseline -0.002 -17"><span class='ocrx_word' id='word_1_700' title='bbox 92 5305 371 5374; x_wconf 65' lang='grc' dir='ltr'><strong>βασιλέως</strong></span> <span class='ocrx_word' id='word_1_701' title='bbox 404 5303 846 5369; x_wconf 81' lang='grc' dir='ltr'><strong>ἀποσταλέντων,</strong></span> <span class='ocrx_word' id='word_1_702' title='bbox 877 5305 987 5356; x_wconf 88' lang='grc' dir='ltr'><strong>τῶν</strong></span> <span class='ocrx_word' id='word_1_703' title='bbox 1014 5303 1257 5357; x_wconf 76' lang='grc' dir='ltr'><strong>εὐσεϐῶν</strong></span> <span class='ocrx_word' id='word_1_704' title='bbox 1286 5303 1586 5373; x_wconf 85' lang='grc' dir='ltr'><strong>μοναστῶν,</strong></span> <span class='ocrx_word' id='word_1_705' title='bbox 1614 5301 1682 5354; x_wconf 92' lang='grc' dir='ltr'><strong>τά</strong></span> 
     </span>
    </p>
   </div>
   <div class='ocr_carea' id='block_1_101' title="bbox 91 5395 1680 5466">
    <p class='ocr_par' dir='ltr' id='par_1_101' title="bbox 91 5395 1680 5466">
     <span class='ocr_line' id='line_1_101' title="bbox 91 5395 1680 5466; baseline 0 -19"><span class='ocrx_word' id='word_1_706' title='bbox 91 5414 149 5448; x_wconf 84' lang='grc' dir='ltr'><strong>τε</strong></span> <span class='ocrx_word' id='word_1_707' title='bbox 207 5395 447 5466; x_wconf 83' lang='grc' dir='ltr'><strong>πατρῷα</strong></span> <span class='ocrx_word' id='word_1_708' title='bbox 501 5395 604 5466; x_wconf 72' lang='grc' dir='ltr'><strong>ἢθη</strong></span> <span class='ocrx_word' id='word_1_709' title='bbox 662 5397 1065 5466; x_wconf 81' lang='grc' dir='ltr'><strong>καταλιμπάνει</strong></span> <span class='ocrx_word' id='word_1_710' title='bbox 1125 5397 1219 5449; x_wconf 77' lang='grc' dir='ltr'><strong>καὶ</strong></span> <span class='ocrx_word' id='word_1_711' title='bbox 1276 5395 1570 5465; x_wconf 84' lang='grc' dir='ltr'><strong>ὁλόκληρον</strong></span> <span class='ocrx_word' id='word_1_712' title='bbox 1602 5395 1680 5464; x_wconf 82' lang='grc' dir='ltr'><strong>τῷ</strong></span> 
     </span>
    </p>
   </div>
   <div class='ocr_carea' id='block_1_102' title="bbox 92 5485 726 5556">
    <p class='ocr_par' dir='ltr' id='par_1_102' title="bbox 92 5485 726 5556">
     <span class='ocr_line' id='line_1_102' title="bbox 92 5485 726 5556; baseline 0.002 -18"><span class='ocrx_word' id='word_1_713' title='bbox 92 5485 322 5556; x_wconf 80' lang='grc' dir='ltr'><strong>Χριστῷ</strong></span> <span class='ocrx_word' id='word_1_714' title='bbox 349 5485 726 5556; x_wconf 83' lang='grc' dir='ltr'><strong>σαγηνεύεται.</strong></span> 
     </span>
    </p>
   </div>
   <div class='ocr_carea' id='block_1_103' title="bbox 168 5603 690 5670">
    <p class='ocr_par' dir='ltr' id='par_1_103' title="bbox 168 5603 690 5670">
     <span class='ocr_line' id='line_1_103' title="bbox 168 5603 690 5670; baseline -0.01 -8"><span class='ocrx_word' id='word_1_715' title='bbox 168 5605 192 5642; x_wconf 76' lang='grc'><strong>¹¹</strong></span> <span class='ocrx_word' id='word_1_716' title='bbox 219 5605 432 5661; x_wconf 80' lang='lat' dir='ltr'><strong>Jerem.</strong></span> <span class='ocrx_word' id='word_1_717' title='bbox 477 5621 567 5670; x_wconf 83' lang='lat' dir='ltr'><strong>xv,</strong></span> <span class='ocrx_word' id='word_1_718' title='bbox 604 5603 690 5658; x_wconf 82' lang='lat' dir='ltr'><strong>l9.</strong></span> 
     </span>
    </p>
   </div>
   <div class='ocr_carea' id='block_1_104' title="bbox 1781 4657 3357 4737">
    <p class='ocr_par' dir='ltr' id='par_1_104' title="bbox 1781 4657 3357 4737">
     <span class='ocr_line' id='line_1_104' title="bbox 1781 4657 3357 4737; baseline -0.008 -14"><span class='ocrx_word' id='word_1_719' title='bbox 1781 4665 2195 4737; x_wconf 76' lang='lat' dir='ltr'><strong>Splendidisque</strong></span> <span class='ocrx_word' id='word_1_720' title='bbox 2219 4661 2636 4732; x_wconf 86' lang='lat' dir='ltr'><strong>acceptionihus</strong></span> <span class='ocrx_word' id='word_1_721' title='bbox 2667 4675 2731 4714; x_wconf 85' lang='lat' dir='ltr'><strong>ac</strong></span> <span class='ocrx_word' id='word_1_722' title='bbox 2757 4657 2932 4723; x_wconf 88' lang='lat' dir='ltr'><strong>cultu,</strong></span> <span class='ocrx_word' id='word_1_723' title='bbox 2964 4672 3067 4714; x_wconf 90' lang='lat' dir='ltr'><strong>nec</strong></span> <span class='ocrx_word' id='word_1_724' title='bbox 3095 4673 3204 4713; x_wconf 89' lang='lat' dir='ltr'><strong>non</strong></span> <span class='ocrx_word' id='word_1_725' title='bbox 3242 4673 3357 4710; x_wconf 81' lang='lat' dir='ltr'><strong>ma-</strong></span> 
     </span>
    </p>
   </div>
   <div class='ocr_carea' id='block_1_105' title="bbox 1778 4749 3356 4830">
    <p class='ocr_par' dir='ltr' id='par_1_105' title="bbox 1778 4749 3356 4830">
     <span class='ocr_line' id='line_1_105' title="bbox 1778 4749 3356 4830; baseline -0.007 -15"><span class='ocrx_word' id='word_1_726' title='bbox 1778 4761 1993 4830; x_wconf 83' lang='lat' dir='ltr'><strong>gniﬁcis</strong></span> <span class='ocrx_word' id='word_1_727' title='bbox 2015 4757 2398 4828; x_wconf 85' lang='lat' dir='ltr'><strong>largitionibus</strong></span> <span class='ocrx_word' id='word_1_728' title='bbox 2427 4770 2491 4808; x_wconf 85' lang='lat' dir='ltr'><strong>ac</strong></span> <span class='ocrx_word' id='word_1_729' title='bbox 2511 4751 2852 4816; x_wconf 85' lang='lat' dir='ltr'><strong>muneribus,</strong></span> <span class='ocrx_word' id='word_1_730' title='bbox 2886 4749 3356 4819; x_wconf 83' lang='lat' dir='ltr'><strong>archiepisc0pum</strong></span> 
     </span>
    </p>
   </div>
   <div class='ocr_carea' id='block_1_106' title="bbox 1779 4841 3358 4920">
    <p class='ocr_par' dir='ltr' id='par_1_106' title="bbox 1779 4841 3358 4920">
     <span class='ocr_line' id='line_1_106' title="bbox 1779 4841 3358 4920; baseline -0.009 -12"><span class='ocrx_word' id='word_1_731' title='bbox 1779 4854 2022 4920; x_wconf 85' lang='lat' dir='ltr'><strong>recipere</strong></span> <span class='ocrx_word' id='word_1_732' title='bbox 2068 4850 2351 4912; x_wconf 88' lang='lat' dir='ltr'><strong>suadetur,</strong></span> <span class='ocrx_word' id='word_1_733' title='bbox 2401 4861 2504 4902; x_wconf 78' lang='lat' dir='ltr'><strong>nec</strong></span> <span class='ocrx_word' id='word_1_734' title='bbox 2532 4845 2717 4916; x_wconf 88' lang='lat' dir='ltr'><strong>plures</strong></span> <span class='ocrx_word' id='word_1_735' title='bbox 2747 4844 2801 4898; x_wconf 94' lang='lat' dir='ltr'><strong>in</strong></span> <span class='ocrx_word' id='word_1_736' title='bbox 2859 4842 3135 4912; x_wconf 85' lang='lat' dir='ltr'><strong>provincia</strong></span> <span class='ocrx_word' id='word_1_737' title='bbox 3182 4841 3358 4897; x_wconf 86' lang='lat' dir='ltr'><strong>creari</strong></span> 
     </span>
    </p>
   </div>
   <div class='ocr_carea' id='block_1_107' title="bbox 1782 4931 3359 5016">
    <p class='ocr_par' dir='ltr' id='par_1_107' title="bbox 1782 4931 3359 5016">
     <span class='ocr_line' id='line_1_107' title="bbox 1782 4931 3359 5016; baseline -0.011 -15"><span class='ocrx_word' id='word_1_738' title='bbox 1782 4947 2070 5016; x_wconf 85' lang='lat' dir='ltr'><strong>episcopos</strong></span> <span class='ocrx_word' id='word_1_739' title='bbox 2105 4942 2284 5010; x_wconf 90' lang='lat' dir='ltr'><strong>iisque</strong></span> <span class='ocrx_word' id='word_1_740' title='bbox 2325 4937 2628 5006; x_wconf 90' lang='lat' dir='ltr'><strong>constipari</strong></span> <span class='ocrx_word' id='word_1_741' title='bbox 2680 4933 2892 4990; x_wconf 89' lang='lat' dir='ltr'><strong>abnuit.</strong></span> <span class='ocrx_word' id='word_1_742' title='bbox 2926 4931 3133 4987; x_wconf 82' lang='lat' dir='ltr'><strong>Horum</strong></span> <span class='ocrx_word' id='word_1_743' title='bbox 3168 4947 3359 5002; x_wconf 85' lang='lat' dir='ltr'><strong>opera,</strong></span> 
     </span>
    </p>
   </div>
   <div class='ocr_carea' id='block_1_108' title="bbox 1786 5030 3359 5104">
    <p class='ocr_par' dir='ltr' id='par_1_108' title="bbox 1786 5030 3359 5104">
     <span class='ocr_line' id='line_1_108' title="bbox 1786 5030 3359 5104; baseline -0.008 -10"><span class='ocrx_word' id='word_1_744' title='bbox 1786 5051 2085 5104; x_wconf 90' lang='lat' dir='ltr'><strong>eorumque</strong></span> <span class='ocrx_word' id='word_1_745' title='bbox 2108 5049 2245 5103; x_wconf 84' lang='lat' dir='ltr'><strong>quos</strong></span> <span class='ocrx_word' id='word_1_746' title='bbox 2270 5049 2337 5087; x_wconf 79' lang='lat' dir='ltr'><strong>ex</strong></span> <span class='ocrx_word' id='word_1_747' title='bbox 2364 5031 2641 5088; x_wconf 85' lang='lat' dir='ltr'><strong>montibus</strong></span> <span class='ocrx_word' id='word_1_748' title='bbox 2674 5043 2728 5087; x_wconf 83' lang='lat' dir='ltr'><strong>et</strong></span> <span class='ocrx_word' id='word_1_749' title='bbox 2758 5030 3007 5087; x_wconf 87' lang='lat' dir='ltr'><strong>cavernis</strong></span> <span class='ocrx_word' id='word_1_750' title='bbox 3048 5039 3206 5085; x_wconf 65' lang='lat' dir='ltr'><strong>terra:</strong></span> <span class='ocrx_word' id='word_1_751' title='bbox 3233 5030 3359 5085; x_wconf 81' lang='lat' dir='ltr'><strong>reli-</strong></span> 
     </span>
    </p>
   </div>
   <div class='ocr_carea' id='block_1_109' title="bbox 1788 5122 3358 5200">
    <p class='ocr_par' dir='ltr' id='par_1_109' title="bbox 1788 5122 3358 5200">
     <span class='ocr_line' id='line_1_109' title="bbox 1788 5122 3358 5200; baseline -0.005 -16"><span class='ocrx_word' id='word_1_752' title='bbox 1788 5129 2128 5200; x_wconf 89' lang='lat' dir='ltr'><strong>giosissimos</strong></span> <span class='ocrx_word' id='word_1_753' title='bbox 2187 5126 2488 5180; x_wconf 85' lang='lat' dir='ltr'><strong>monachos</strong></span> <span class='ocrx_word' id='word_1_754' title='bbox 2545 5125 2842 5193; x_wconf 87' lang='lat' dir='ltr'><strong>imperator</strong></span> <span class='ocrx_word' id='word_1_755' title='bbox 2893 5124 3166 5178; x_wconf 80' lang='lat' dir='ltr'><strong>acciverat</strong></span> <span class='ocrx_word' id='word_1_756' title='bbox 3192 5122 3358 5192; x_wconf 85' lang='lat' dir='ltr'><strong>inque</strong></span> 
     </span>
    </p>
   </div>
   <div class='ocr_carea' id='block_1_110' title="bbox 1787 5212 3358 5282">
    <p class='ocr_par' dir='ltr' id='par_1_110' title="bbox 1787 5212 3358 5282">
     <span class='ocr_line' id='line_1_110' title="bbox 1787 5212 3358 5282; baseline -0.006 -7"><span class='ocrx_word' id='word_1_757' title='bbox 1787 5236 1908 5276; x_wconf 87' lang='lat' dir='ltr'><strong>eam</strong></span> <span class='ocrx_word' id='word_1_758' title='bbox 1943 5232 2176 5272; x_wconf 89' lang='lat' dir='ltr'><strong>messem</strong></span> <span class='ocrx_word' id='word_1_759' title='bbox 2206 5217 2531 5280; x_wconf 86' lang='lat' dir='ltr'><strong>destinarat,</strong></span> <span class='ocrx_word' id='word_1_760' title='bbox 2560 5214 2725 5269; x_wconf 88' lang='lat' dir='ltr'><strong>avitis</strong></span> <span class='ocrx_word' id='word_1_761' title='bbox 2754 5212 3001 5268; x_wconf 86' lang='lat' dir='ltr'><strong>moribus</strong></span> <span class='ocrx_word' id='word_1_762' title='bbox 3034 5213 3214 5268; x_wconf 85' lang='lat' dir='ltr'><strong>valere</strong></span> <span class='ocrx_word' id='word_1_763' title='bbox 3237 5213 3358 5282; x_wconf 90' lang='lat' dir='ltr'><strong>jus-</strong></span> 
     </span>
    </p>
   </div>
   <div class='ocr_carea' id='block_1_111' title="bbox 1789 5303 3360 5376">
    <p class='ocr_par' dir='ltr' id='par_1_111' title="bbox 1789 5303 3360 5376">
     <span class='ocr_line' id='line_1_111' title="bbox 1789 5303 3360 5376; baseline -0.003 -12"><span class='ocrx_word' id='word_1_764' title='bbox 1789 5311 1867 5365; x_wconf 90' lang='lat' dir='ltr'><strong>sis</strong></span> <span class='ocrx_word' id='word_1_765' title='bbox 1897 5311 1948 5363; x_wconf 93' lang='lat' dir='ltr'><strong>iu</strong></span> <span class='ocrx_word' id='word_1_766' title='bbox 1973 5307 2176 5362; x_wconf 89' lang='lat' dir='ltr'><strong>Christi</strong></span> <span class='ocrx_word' id='word_1_767' title='bbox 2209 5320 2489 5376; x_wconf 87' lang='lat' dir='ltr'><strong>sagenam,</strong></span> <span class='ocrx_word' id='word_1_768' title='bbox 2522 5303 2787 5376; x_wconf 86' lang='lat' dir='ltr'><strong>quidquid</strong></span> <span class='ocrx_word' id='word_1_769' title='bbox 2850 5303 3148 5374; x_wconf 75' lang='lat' dir='ltr'><strong>Bulgarica:</strong></span> <span class='ocrx_word' id='word_1_770' title='bbox 3181 5307 3360 5375; x_wconf 86' lang='lat' dir='ltr'><strong>gentis</strong></span> 
     </span>
    </p>
   </div>
   <div class='ocr_carea' id='block_1_112' title="bbox 1789 5399 3084 5468">
    <p class='ocr_par' dir='ltr' id='par_1_112' title="bbox 1789 5399 3084 5468">
     <span class='ocr_line' id='line_1_112' title="bbox 1789 5399 3084 5468; baseline -0.008 -12"><span class='ocrx_word' id='word_1_771' title='bbox 1789 5411 1891 5468; x_wconf 90' lang='lat' dir='ltr'><strong>est,</strong></span> <span class='ocrx_word' id='word_1_772' title='bbox 1929 5399 2226 5456; x_wconf 86' lang='lat' dir='ltr'><strong>concessit.</strong></span> <span class='ocrx_word' id='word_1_773' title='bbox 3079 5411 3084 5415; x_wconf 90' lang='grc'>·</span> 
     </span>
    </p>
   </div>
   <div class='ocr_carea' id='block_1_113' title="bbox 1389 5696 2073 5754">
    <p class='ocr_par' dir='ltr' id='par_1_113' title="bbox 1389 5696 2073 5754">
     <span class='ocr_line' id='line_1_113' title="bbox 1389 5696 2073 5754; baseline 0 -1"><span class='ocrx_word' id='word_1_774' title='bbox 1389 5697 1620 5754; x_wconf 70' lang='lat' dir='ltr'><strong>VARIA‘I</strong></span> <span class='ocrx_word' id='word_1_775' title='bbox 1665 5696 2073 5754; x_wconf 66' lang='lat' dir='ltr'><strong>LECTIONES.</strong></span> 
     </span>
    </p>
   </div>
   <div class='ocr_carea' id='block_1_114' title="bbox 168 5791 2237 5865">
    <p class='ocr_par' dir='ltr' id='par_1_114' title="bbox 168 5791 2237 5865">
     <span class='ocr_line' id='line_1_114' title="bbox 168 5791 2237 5865; baseline -0 -19"><span class='ocrx_word' id='word_1_776' title='bbox 168 5797 189 5825; x_wconf 88' lang='grc'>¹</span> <span class='ocrx_word' id='word_1_777' title='bbox 228 5795 328 5863; x_wconf 55' lang='lat' dir='ltr'><strong>nar,</strong></span> <span class='ocrx_word' id='word_1_778' title='bbox 362 5808 470 5865; x_wconf 76' lang='lat' dir='ltr'><strong>orn.</strong></span> <span class='ocrx_word' id='word_1_779' title='bbox 506 5791 566 5845; x_wconf 88' lang='lat' dir='ltr'><strong>P.</strong></span> <span class='ocrx_word' id='word_1_780' title='bbox 643 5793 664 5865; x_wconf 50' lang='grc' dir='ltr'><strong>ἒ</strong></span> <span class='ocrx_word' id='word_1_781' title='bbox 694 5791 815 5865; x_wconf 84' lang='grc' dir='ltr'><strong>μὲν]</strong></span> <span class='ocrx_word' id='word_1_782' title='bbox 845 5793 899 5846; x_wconf 82' lang='grc' dir='ltr'><strong>δὲ</strong></span> <span class='ocrx_word' id='word_1_783' title='bbox 933 5791 990 5865; x_wconf 58' lang='grc' dir='ltr'><strong>Ρἔ</strong></span> <span class='ocrx_word' id='word_1_784' title='bbox 1068 5791 1089 5824; x_wconf 69' lang='grc'>⁸</span> <span class='ocrx_word' id='word_1_785' title='bbox 1119 5793 1206 5845; x_wconf 83' lang='grc' dir='ltr'><strong>ἐπ’</strong></span> <span class='ocrx_word' id='word_1_786' title='bbox 1230 5808 1337 5845; x_wconf 91' lang='lat' dir='ltr'><strong>om.</strong></span> <span class='ocrx_word' id='word_1_787' title='bbox 1372 5792 1438 5865; x_wconf 69' lang='lat' dir='ltr'><strong>P1</strong></span> <span class='ocrx_word' id='word_1_788' title='bbox 1512 5793 1532 5824; x_wconf 85' lang='grc'><strong><em>⁵</em></strong></span> <span class='ocrx_word' id='word_1_789' title='bbox 1562 5794 1590 5844; x_wconf 86' lang='grc' dir='ltr'>ὁ</span> <span class='ocrx_word' id='word_1_790' title='bbox 1618 5808 1728 5865; x_wconf 80' lang='lat' dir='ltr'><strong>om.</strong></span> <span class='ocrx_word' id='word_1_791' title='bbox 1755 5794 1816 5865; x_wconf 85' lang='lat' dir='ltr'><strong>P.</strong></span> <span class='ocrx_word' id='word_1_792' title='bbox 1892 5795 1912 5824; x_wconf 81' lang='grc'>⁸</span> <span class='ocrx_word' id='word_1_793' title='bbox 1940 5792 2036 5863; x_wconf 80' lang='grc' dir='ltr'><strong>ὡς]</strong></span> <span class='ocrx_word' id='word_1_794' title='bbox 2073 5795 2150 5856; x_wconf 81' lang='grc' dir='ltr'><strong>εἰς</strong></span> <span class='ocrx_word' id='word_1_795' title='bbox 2178 5792 2237 5845; x_wconf 84' lang='grc' dir='ltr'><strong>Ρ.</strong></span> 
     </span>
    </p>
   </div>
   <div class='ocr_carea' id='block_1_115' title="bbox 415 5862 1981 5937">
    <p class='ocr_par' dir='ltr' id='par_1_115' title="bbox 415 5862 1981 5937">
     <span class='ocr_line' id='line_1_115' title="bbox 415 5862 1981 5937; baseline 0.001 -21"><span class='ocrx_word' id='word_1_796' title='bbox 415 5862 936 5937; x_wconf 44' lang='grc' dir='ltr'><strong>’θδέπικαλύμματος</strong></span> <span class='ocrx_word' id='word_1_797' title='bbox 968 5863 1029 5917; x_wconf 82' lang='grc' dir='ltr'><strong>Ρ.</strong></span> <span class='ocrx_word' id='word_1_798' title='bbox 1109 5865 1147 5895; x_wconf 83' lang='grc'>¹¹</span> <span class='ocrx_word' id='word_1_799' title='bbox 1175 5866 1378 5937; x_wconf 29' lang='grc' dir='ltr'><strong>ἐκδοιιι.</strong></span> <span class='ocrx_word' id='word_1_800' title='bbox 1413 5862 1473 5919; x_wconf 83' lang='grc' dir='ltr'><strong><em>Ρ,</em></strong></span> <span class='ocrx_word' id='word_1_801' title='bbox 1553 5865 1594 5894; x_wconf 79' lang='grc'>⁸⁸</span> <span class='ocrx_word' id='word_1_802' title='bbox 1623 5863 1889 5936; x_wconf 68' lang='grc' dir='ltr'><strong>λήψεσθαι</strong></span> <span class='ocrx_word' id='word_1_803' title='bbox 1924 5866 1981 5918; x_wconf 76' lang='grc' dir='ltr'><strong>ί).</strong></span> 
     </span>
    </p>
   </div>
   <div class='ocr_carea' id='block_1_116' title="bbox 94 5862 332 5935">
    <p class='ocr_par' dir='ltr' id='par_1_116' title="bbox 94 5862 332 5935">
     <span class='ocr_line' id='line_1_116' title="bbox 94 5862 332 5935; baseline 0.008 -19"><span class='ocrx_word' id='word_1_804' title='bbox 94 5862 234 5935; x_wconf 69' lang='grc' dir='ltr'><strong>δαχῇ</strong></span> <span class='ocrx_word' id='word_1_805' title='bbox 266 5862 332 5918; x_wconf 79' lang='lat' dir='ltr'><strong>A.</strong></span> 
     </span>
    </p>
   </div>
   <div class='ocr_carea' id='block_1_117' title="bbox 2314 5791 3360 5862">
    <p class='ocr_par' dir='ltr' id='par_1_117' title="bbox 2314 5791 3360 5862">
     <span class='ocr_line' id='line_1_117' title="bbox 2314 5791 3360 5862; baseline 0.001 -16"><span class='ocrx_word' id='word_1_806' title='bbox 2314 5794 2331 5824; x_wconf 80' lang='grc'><strong>⁷</strong></span> <span class='ocrx_word' id='word_1_807' title='bbox 2369 5795 2459 5847; x_wconf 83' lang='grc' dir='ltr'><strong>ὑπ’</strong></span> <span class='ocrx_word' id='word_1_808' title='bbox 2496 5794 2604 5848; x_wconf 82' lang='lat' dir='ltr'><strong>AP.</strong></span> <span class='ocrx_word' id='word_1_809' title='bbox 2681 5794 2702 5828; x_wconf 79' lang='grc'>⁸</span> <span class='ocrx_word' id='word_1_810' title='bbox 2742 5795 2918 5862; x_wconf 78' lang='grc' dir='ltr'><strong>φωτὸς</strong></span> <span class='ocrx_word' id='word_1_811' title='bbox 2948 5809 3057 5849; x_wconf 89' lang='lat' dir='ltr'><strong>om.</strong></span> <span class='ocrx_word' id='word_1_812' title='bbox 3096 5791 3159 5848; x_wconf 75' lang='grc' dir='ltr'><strong>Α.</strong></span> <span class='ocrx_word' id='word_1_813' title='bbox 3238 5797 3258 5827; x_wconf 87' lang='grc'><strong>⁹</strong></span> <span class='ocrx_word' id='word_1_814' title='bbox 3286 5797 3360 5847; x_wconf 76' lang='grc' dir='ltr'><strong>ει-</strong></span> 
     </span>
    </p>
   </div>
   <div class='ocr_carea' id='block_1_118' title="bbox 2067 5865 2859 5920">
    <p class='ocr_par' dir='ltr' id='par_1_118' title="bbox 2067 5865 2859 5920">
     <span class='ocr_line' id='line_1_118' title="bbox 2067 5865 2859 5920; baseline 0.003 -4"><span class='ocrx_word' id='word_1_815' title='bbox 2067 5865 2105 5893; x_wconf 88' lang='grc'><strong>¹³</strong></span> <span class='ocrx_word' id='word_1_816' title='bbox 2137 5865 2196 5917; x_wconf 76' lang='grc' dir='ltr'><strong>τὸ</strong></span> <span class='ocrx_word' id='word_1_817' title='bbox 2231 5881 2337 5918; x_wconf 83' lang='grc' dir='ltr'><strong>(ιιιι.</strong></span> <span class='ocrx_word' id='word_1_818' title='bbox 2366 5867 2424 5919; x_wconf 89' lang='lat' dir='ltr'><strong>l-‘.</strong></span> <span class='ocrx_word' id='word_1_819' title='bbox 2505 5868 2544 5895; x_wconf 78' lang='lat'><strong>“&#39;</strong></span> <span class='ocrx_word' id='word_1_820' title='bbox 2569 5883 2625 5917; x_wconf 80' lang='grc' dir='ltr'><strong>τε</strong></span> <span class='ocrx_word' id='word_1_821' title='bbox 2661 5881 2770 5919; x_wconf 88' lang='lat' dir='ltr'><strong>om.</strong></span> <span class='ocrx_word' id='word_1_822' title='bbox 2804 5868 2859 5920; x_wconf 72' lang='grc' dir='ltr'><strong>ι».</strong></span> 
     </span>
    </p>
   </div>
  </div>
