4154 6446
810 409 916 473 363

1902 404 2409 469 TIIEOPIIANES
2435 404 2995 470 CONTINUATUS.

3966 411 4069 473 364

812 522 964 584 lubet
1018 518 1107 588 qui
1147 516 1288 573 istud
1344 520 1587 573 muneris
1641 519 1807 590 probe
1861 518 2127 591 expletur!
2183 526 2389 575 essent.

2495 523 2724 589 αγαγιῐν
2759 520 2883 584 τοὺς
2920 517 3343 589 ὀφιί).οντας’τδ
3396 519 3555 590 ἔργον
3609 522 3921 579 ίπιτιλέσαι
3970 542 4066 578 κα-

814 610 950 665 '|‘nm
988 608 1210 679 genicus
1251 607 1497 663 adhibito
1523 607 1764 680 diligenti
1798 608 2051 664 examine
2095 608 2391 679 solertique

2495 610 2598 675 λῶς
2648 611 3040 683 προετρέψατο.
3104 611 3451 683 Σκιψὰμινος
3507 613 3563 667 δὲ
3618 614 3713 667 καὶ
3774 621 4072 684 φροντίσας

813 714 967 763 cura,
1008 707 1063 754 et
1094 709 1153 754 ut
1206 698 1473 769 optimum
1538 698 1613 754 illi
1671 698 1973 761 videbatur,
2022 697 2245 769 optimis
2291 698 2389 754 de-

813 791 970 847 lectis
1002 788 1342 859 maximeque
1392 789 1665 860 ingenuis.
1700 804 2001 859 eorumque
2048 788 2237 845 relatis
2286 802 2388 842 no-

811 882 1073 941 minibus.
1102 880 1244 935 baud
1277 882 1382 936 levi
1408 881 1607 950 dignus
1639 881 1911 952 vituperio
1937 880 2089 935 visus
2124 888 2210 935 est
2249 880 2389 934 acri-

812 988 985 1041 usque
1014 972 1358 1041 obiurgatus,
1380 971 1525 1041 quod
1553 972 1738 1042 eiusce
1759 971 1974 1043 generis
2007 986 2072 1026 ac
2097 971 2387 1042 probitatis

805 1062 967 1135 347
1016 1064 1165 1119 viros
1208 1064 1275 1118 ad
1308 1079 1511 1118 munus
1554 1064 1697 1118 istud
1737 1073 2082 1134 proponeret.
2138 1063 2388 1132 Cumque

806 1155 1012 1209 diceret
1065 1155 1207 1209 inter
1262 1155 1413 1209 cives
1468 1168 1534 1209 ac
1583 1163 1695 1209 tota
1745 1154 2027 1224 republica
2076 1169 2137 1211 se
2203 1154 2385 1209 nullus

806 1247 1062 1301 meliores
1093 1245 1314 1311 habere,
1344 1245 1527 1301 intulit
1561 1246 1862 1316 imperator
1892 1263 1905 1299 :
1945 1245 2102 1300 Tanti
2127 1246 2267 1316 apud
2306 1261 2385 1299 me

804 1336 920 1406 ejus
951 1338 1184 1391 muneris
1220 1336 1424 1406 functio
1458 1345 1557 1401 est,
1608 1345 1667 1390 ut
1706 1348 1755 1390 et
1802 1338 1933 1407 ipse,
1978 1338 2024 1391 si
2067 1337 2269 1401 liceret,
2317 1338 2385 1389 ad

804 1446 921 1484 eam
949 1430 1286 1499 profecturus
1320 1444 1509 1483 essent.
1565 1428 1706 1493 Quia
1739 1439 1935 1494 tamen,
1969 1440 2025 1483 ut
2063 1429 2225 1499 probe
2241 1429 2380 1495 nori,

807 1540 899 1576 nec
931 1524 1060 1575 satis
1095 1522 1230 1590 forte
1258 1521 1507 1575 decorum
1543 1523 1749 1575 videtur
1785 1539 1875 1576 nec
1908 1522 2177 1591 possibile,
2208 1538 2385 1575 neces-

806 1614 948 1669 sario
1003 1614 1058 1667 in
1101 1614 1306 1667 duobus
1358 1614 1665 1681 reipublicae
1718 1615 2014 1683 magistris,
2075 1624 2302 1681 tempore
2333 1624 2381 1667 et

805 1711 1128 1778 experientia
1176 1709 1464 1778 multisque
1515 1724 1608 1777 per
1650 1707 1864 1779 longam
1904 1718 2110 1762 a'talem
2151 1708 2384 1762 civilians

806 1803 1218 1871 magistratuum
1244 1800 1603 1868 [unctionibus
1630 1800 1958 1866 exercitatis,
1981 1800 2296 1868 sinceraque
2330 1798 2384 1851 in

806 1866 989 1948 eis'ac
1036 1866 1329 1961 explorata:
1366 1893 1581 1945 virtutis
1629 1893 1907 1961 probatis,
1968 1908 2113 1960 spem
2162 1866 2383 1956 colloco,
2416 1866 2458 1923 Β

809 2000 1015 2053 remque
1040 1984 1104 2036 ab
1132 1984 1243 2036 illis
1270 1983 1433 2052 probe
1463 1985 1848 2053 exsequendum
1885 1984 2110 2050 conﬁdo.
2156 1982 2232 2036 Tu
2266 1998 2387 2052 ergo

806 2081 914 2145 ipse
944 2078 1135 2130 vadens
1161 2076 1273 2144 ejus
1319 2077 1430 2129 illis
1470 2076 1755 2143 provincia
1798 2077 2083 2129 utilitatem
2119 2091 2389 2145 meamque

805 2168 1127 2223 voluntatem
1169 2169 1457 2233 nuntiato;
1488 2184 1551 2221 ac
1582 2168 1707 2221 dum
1732 2168 1788 2220 iu
1815 2168 2048 2220 animum
2082 2168 2388 2220 induxeriut

806 2273 863 2313 ut
895 2261 1319 2330 proﬁciscantur,
1373 2262 1544 2329 placet
1577 2272 1626 2315 et
1660 2261 1809 2324 mihi,
1863 2277 2234 2330 assensumque
2260 2278 2387 2315 con-

808 2354 928 2407 silio
955 2353 1177 2422 prwbeo.
1237 2352 1421 2418 Viros,
1454 2362 1512 2408 ut
1553 2353 1800 2419 audiere,
1839 2362 2032 2422 stupor
2066 2355 2256 2419 subiit,
2301 2370 2389 2409 se-

810 2446 1074 2513 niumque
1138 2444 1556 2515 supplicationis
1611 2445 1734 2500 loco
1789 2461 1854 2501 ac
1916 2446 2108 2515 longos
2173 2462 2273 2516 pro
2332 2463 2391 2503 re

811 2538 1026 2608 publica
1077 2538 1390 2593 exantlatos
1434 2538 1652 2595 labores
1703 2546 1867 2606 atque
1916 2540 2150 2595 sudores
2203 2550 2389 2594 osten-

809 2630 1001 2684 dentes
1037 2630 1266 2698 ejusque
1297 2629 1601 2686 lunctionis
1624 2631 1847 2685 calicem
1886 2632 1955 2685 ab
1987 2634 2066 2687 eis
2105 2633 2391 2688 transferri

811 2722 1133 2776 exorabant.
1187 2720 1510 2777 Necessario
1556 2723 1766 2793 itaque,
1817 2724 1911 2793 qui
1946 2724 2150 2779 missus
2192 2725 2390 2789 fuerat,

811 2828 872 2867 re
931 2811 1133 2867 inlecta
1192 2828 1451 2869 reversus
1505 2815 1892 2883 magistrorum
1950 2831 2212 2886 responsa
2278 2817 2393 2874 haec

814 2905 1135 2973 imperatori
1198 2906 1405 2960 retulit.
1464 2906 1605 2960 Tum
1664 2906 1965 2975 imperator
2009 2907 2094 2961 bis
2140 2909 2390 2963 auditis:

813 2997 947 3052 Cum
992 2999 1113 3067 ﬁeri
1160 3015 1262 3051 non
1313 3013 1460 3067 posse
1506 2999 1745 3051 rideatur
1778 3009 1834 3051 ut
1866 3016 1959 3069 ego
1990 3016 2171 3054 exeam
2217 3004 2396 3071 (atque

815 3092 979 3143 etiam
1014 3090 1247 3161 dicatur)
1305 3090 1756 3161 illustrissimique
1790 3094 2031 3162 magistri
2067 3110 2257 3148 munus
2300 3095 2393 3148 de-

2491 704 2519 757 ό
2566 702 2812 771 γινικδς,
2863 702 2957 756 καὶ
3004 701 3081 767 ὡς
3114 702 3288 757 ἐδόκει
3344 704 3608 759 κάλλιστα
3663 706 3788 770 τοὺς
3819 708 4072 776 ἀρίστους

2492 792 2926 864 ἐπιλεξάμενος,
2992 795 3087 849 καὶ
3144 794 3246 858 τὰς
3299 795 3410 849 τῶν
3461 796 3795 864 ἐκλεγέντων
3851 797 4073 867 κλήσεις

2491 883 2803 952 εἰσαγαγὼν
2862 884 2999 955 πρὸς
3055 886 3256 948 αὑτὸν,
3326 885 3531 955 πολλῆς
3590 887 3852 958 ἐνομίσθη
3930 890 4057 957 μέμ-

2489 977 2636 1046 ψεως
2660 977 2813 1041 ἄξιος
2848 977 2947 1031 καὶ
2980 978 3360 1049 σφοδροτέροις
3385 978 3674 1048 ὑπεδλήθη
3725 979 4072 1049 ὀνειδισμοῖς,

2489 1070 2540 1122 sl
2570 1069 2844 1132 τοιούτους
2879 1072 2958 1133 είς
2985 1069 3048 1123 τὸ
3075 1064 3317 1123 τοιοῦτον
3347 1069 3509 1138 ἔργον
3543 1071 3934 1143 προϐάλλεται.
3970 1071 4071 1124 To?

2486 1158 2544 1213 δὲ
2590 1159 2665 1232 μὴ
2693 1159 2837 1229 ἔχειν
2878 1160 2935 1213 ὲν
2978 1162 3091 1223 τοῖς
3142 1160 3581 1231 πολιτευομένοις
3631 1163 3953 1231 κρείττονας
3992 1163 4050 1216 ὶέ

2488 1266 2702 1317 γοντθς,
2727 1254 2755 1304 ὁ
2790 1251 3047 1321 βασιλεὺς
3070 1254 3427 1323 ἁπεκρίνατο,
3455 1255 3537 1308 ὅτι
3561 1256 3702 1323 Παρ⁹
3728 1256 3860 1324 ἐμοὶ
3882 1256 4065 1309 τοιοῦ⁸

2490 1358 2597 1395 τον
2624 1343 2690 1396 τὸ
2718 1341 2824 1407 τῆς
2848 1344 3247 1413 προκειμένης
3272 1344 3577 1412 διακονίας
3608 1348 3785 1417 ἔργον
3812 1350 4079 1416 κρίνεται

2486 1430 2662 1496 ὥστε,
2696 1433 2864 1500 εἴπερ
2890 1434 3020 1487 οἷόν
3049 1450 3113 1487 τε
3142 1432 3239 1504 ἦν,
3268 1438 3455 1488 αὐτὸν
3482 1437 3587 1504 ἐμὲ
3614 1438 3763 1504 πρὸς
3797 1438 3915 1505 τὴν
3947 1441 4069 1492 τοὺο

2487 1536 2605 1572 των
2647 1520 2951 1587 διοίκησιν
2983 1522 3255 1585 ἐξελθεῖν
3280 1526 3344 1578 ³³.
3403 1525 3556 1577 Ἐπεί
3605 1524 3673 1578 δὲ
3716 1527 3896 1581 τοῦτο
3949 1525 4081 1581 οἶδα

2488 1611 2577 1665 ὅτι
2606 1610 2768 1665 δοκεῖ
2797 1613 2986 1682 τυχὸν
3016 1615 3283 1681 ἀπρεπὲς
3318 1617 3417 1670 καί
3449 1618 3767 1684 ἀδύνατον,
3793 1620 3862 1683 ἐξ
3894 1620 4080 1691 ἀνάγ-

2490 1720 2606 1772 κης
2634 1704 2731 1757 ἐπὶ
2786 1704 2914 1769 τοῖς
2953 1705 3095 1759 δυσί
3126 1705 3235 1775 τῆς
3261 1711 3571 1776 πολιτείας
3604 1712 3961 1780 μαγίστροις
3984 1753 3997 1776 ,
4031 1712 4082 1764 cl

2490 1796 2587 1850 καὶ
2614 1797 2811 1864 χρόνῳ
2839 1799 2935 1850 καί
2977 1799 3152 1866 πείρᾳ
3190 1801 3286 1852 καί
3319 1800 3450 1866 ταῖς
3481 1802 3740 1866 πολλοῖς
3768 1802 3837 1855 ὲν
3862 1803 3945 1868 τῷ
3967 1821 4083 1871 μα-

2490 1886 2610 1955 κρῷ
2638 1885 2759 1953 ,ϐίῳ
2786 1887 2908 1941 τῶν
2950 1888 3277 1943 πολιτικῶν
3306 1892 3511 1960 ἀρχῶν
3555 1893 3934 1961 διοικιξσεσιν
3956 1938 3971 1960 ,
4015 1896 4085 1948 ἐν

2488 1976 2584 2046 αἶς
2622 1980 3086 2047 ἐξητάσθησαν,
3130 1982 3461 2049 ἀκίϐδηλον
3517 1985 3617 2037 καὶ
3665 1986 3925 2055 καθαρὸν
3974 1988 4082 2053 τῆς

2489 2072 2709 2141 ἀρετῆς
2755 2074 3157 2143 ἐξενηνόχασι
3204 2076 3270 2128 τὸ
3312 2076 3622 2145 δοκίμιον,
3672 2078 3771 2144 τὰς
3823 2079 4089 2146 ἐλπίδας

2488 2166 2852 2219 ἀποσαλεύω
2883 2166 2962 2230 ³⁵,
3011 2167 3111 2219 καὶ
3164 2165 3280 2233 τὴν
3325 2166 3639 2223 διακονίαν
3686 2171 3804 2223 ὑπὸ
3849 2174 4089 2225 τούτων

2490 2253 2831 2323 ἀνυσθῆναι
2853 2254 3110 2319 δεόντως
3136 2255 3350 2322 θαρῤὡ.
3389 2256 3687 2311 Ἀπελθὼν
3724 2253 3861 2323 οὖν,
3891 2261 4087 2327 φησὶν,

2490 2348 2673 2413 αὐτὸς
2705 2348 2788 2401 σὺ
2827 2349 3061 2411 τούτοις
3103 2347 3474 2416 ἀπάγγειλον
3507 2350 3571 2402 τὸ
3625 2349 3735 2418 τῆς
3769 2350 4092 2416 διακονίας

2490 2442 2799 2510 ἐπωφελὲς
2824 2440 2920 2494 καί
2940 2440 3007 2493 τὸ
3019 2439 3252 2508 θέλημα
3277 2442 3342 2494 τὸ
3362 2441 3529 2510 ἐμόν.
3551 2443 3662 2495 Kal
3683 2442 4094 2511 βουλομένων

2492 2538 2690 2593 αὐτῶν
2714 2538 2988 2602 ἐξελθεῖν
3012 2537 3319 2593 ἐπευδοκῶ
3342 2540 3439 2592 καί
3464 2540 3645 2605 αὐτὸς
3664 2541 3757 2593 καὶ
3786 2541 4093 2609 ἐπισφραο

2494 2631 2625 2698 Irij
2660 2633 2728 2683 τὸ
2778 2631 3116 2699 βούλευμα.
3166 2631 3255 2693 Ὧς
3303 2631 3361 2685 δὲ
3400 2633 3736 2695 ἀκούσαντες
3786 2633 3836 2685 οἱ
3891 2633 4094 2703 ἄνδρες

2494 2717 2659 2792 ἦλθον
2687 2708 2767 2783 είς
2798 2720 3085 2791 ἔκπληξιν,
3107 2723 3201 2775 καὶ
3230 2721 3290 2773 τὸ
3313 2722 3491 2792 γῆρας
3525 2723 3642 2776 ἀνθ’
3676 2723 3967 2793 ἱκετηρίας
3997 2728 4096 2777 καί

2492 2815 2620 2877 τοὺς
2653 2814 2881 2878 πολλοὺς
2910 2815 3052 2885 ὑπὲρ
3086 2814 3182 2866 τοῦ
3222 2814 3405 2867 κοινοῦ
3438 2816 3720 2883 καμάτους
3758 2818 3857 2869 καὶ
3890 2816 4098 2880 πόνους

2496 2906 2676 2958 αὐτῶν
2698 2905 2742 2937 ³⁸
2778 2906 3210 2975 προϐαλλόμενοι
3250 2905 3653 2976 παρενεχθῆναι
3680 2906 3741 2957 τὸ
3768 2906 3870 2977 τῆς
3900 2908 4098 2961 τοιαύ-

2494 3014 2595 3067 της
2630 2997 2906 3061 διακονίας
2946 3000 3210 3067 ποτήριον
3250 2997 3311 3063 ἐξ
3357 2998 3537 3051 αὐτῶν
3589 2998 3981 3064 καθικέτευον,
4040 2999 4099 3063 ἐξ

2496 3089 2742 3159 ἀνάγκης
2786 3090 3130 3160 ὑπέστρεψεν
3172 3090 3457 3159 ἄπρακτος
3485 3093 3514 3143 ὁ
3544 3090 3818 3159 πεμφθεὶς
3836 3130 3853 3153 ,
3886 3093 3985 3144 καὶ
4014 3092 4094 3161 τῷ

815 3185 1042 3253 fugiant,
1075 3200 1137 3235 ac
1166 3184 1257 3252 qui
1286 3184 1368 3236 illi
1398 3183 1659 3252 functioni
1706 3200 1804 3252 par
1831 3186 2092 3249 videatur,
2132 3186 2274 3240 alius
2304 3202 2394 3240 ne-

2501 3182 2714 3252 βασιλεῖ
2737 3183 2805 3234 τὰ
2836 3181 2989 3253 παρὰ
3017 3182 3126 3235 τῶν
3167 3182 3486 3253 μαγίστρων
3514 3182 3873 3252 ἀπήγγειλεν.
3906 3182 4057 3236 Ἀττε
4068 3201 4100 3251 ρ

816 3291 899 3327 mo
943 3284 1207 3343 suppetat,
1264 3275 1436 3344 placet
1500 3276 1885 3345 suggestionem
1937 3276 2291 3331 iudiscussam
2334 3294 2396 3332 ac

816 3387 1023 3423 cassam
1056 3386 1285 3427 manere.
1319 3367 1553 3423 Pra'stat
1592 3371 1753 3432 enim,
1792 3369 1989 3439 inquit,
2022 3369 2303 3422 nonnullos
2332 3384 2397 3423 ex

816 3458 933 3527 ﬁsci
982 3458 1319 3527 proventibus
1371 3474 1525 3527 reque
1584 3459 1796 3525 privata
1856 3474 1958 3510 non
2007 3457 2131 3510 bene
2176 3460 2395 3523 lucrari,

816 3568 974 3622 quam
1022 3562 1077 3605 ut
1128 3550 1296 3621 358
1342 3550 1479 3604 male
1533 3552 1810 3620 quisquam
1868 3553 2062 3603 damno
2123 3550 2399 3620 afﬁciatur

817 3644 990 3697 ullave
1010 3645 1251 3714 graviore
1281 3643 1483 3712 injuria
1510 3653 1724 3697 vexetur
1768 3653 1860 3695 aut
1889 3643 2245 3711 opprimatur.
2291 3642 2399 3697 Eo—

818 3753 927 3807 que
956 3737 1210 3803 consilio,
1245 3736 1488 3807 quandiu
1530 3736 1620 3790 ille
1650 3752 1832 3791 rerum
1865 3738 2070 3804 potitus
2093 3744 2197 3801 est,
2220 3738 2398 3790 omnis

820 3830 1065 3885 omnium
1117 3828 1378 3884 Romana:
1430 3828 1658 3885 ditionis
1709 3828 2119 3898 provinciarum
2166 3828 2400 3898 populus

822 3922 1162 3990 ininspectus
1212 3919 1294 3993 (ut
1338 3922 1413 3976 ita
1470 3919 1673 3988 dicam)
1724 3935 1788 3975 ac
1842 3920 2220 3989 inesequatus
2256 3921 2315 3991 (i.
2346 3935 2398 3975 e.

823 4028 930 4067 non
961 4011 1227 4081 censitus)
1268 4011 1496 4080 mansit,
1539 4027 1605 4067 ac
1638 4013 1681 4068 si
1717 4010 1892 4067 atavis
1934 4010 2137 4076 dicere,
2183 4010 2320 4066 liber
2346 4020 2401 4067 et

822 4106 891 4161 ub
943 4103 1322 4160 exactionibus
1372 4103 1671 4171 immunis;
1722 4101 2037 4174 praediaque
2079 4110 2134 4157 et
2182 4103 2299 4171 agri
2347 4102 2399 4157 in

821 4212 1120 4267 pauperum
1153 4195 1461 4250 vicinorum
1493 4210 1653 4249 usum
1683 4202 1989 4249 cesserunt.
2015 4193 2167 4248 Talis
2189 4194 2402 4253 scilicet

822 4293 1080 4359 princeps
1134 4288 1378 4357 optimus
1421 4302 1550 4357 erga
1609 4300 1802 4340 omnes
1857 4284 2109 4339 subditos
2147 4294 2284 4351 erat,
2338 4301 2403 4341 ac

826 4387 1099 4453 praecipue
1147 4397 1279 4453 erga
1332 4379 1667 4435 rusticanum
1721 4378 2057 4447 plebeculam
2113 4387 2400 4449 paternam

827 4475 1250 4531 sollicitudinem
1280 4488 1343 4527 ac
1363 4484 1549 4526 curam
1575 4468 1888 4524 exhibebat.

2497 3273 2739 3335 ἀκούσας
2776 3268 2927 3325 εἴπεν
2965 3274 2993 3326 ὁ
3030 3272 3313 3342 βασιλεὺς,
3348 3275 3429 3327 ὅτι
3490 3273 3557 3328 El
3585 3273 3651 3327 τὸ
3680 3273 3789 3343 ἐμὲ
3816 3274 4101 3339 ἐξελθεῖν

2497 3364 2658 3418 δοκεῖ
2684 3382 2749 3418 τε
2784 3365 2879 3417 καί
2913 3366 3148 3432 λέγεται
3178 3361 3331 3419 εἶναι
3362 3364 3696 3432 ἀδύνατον,
3731 3368 4104 3435 παραιτοῦν-

2497 3475 2588 3511 ται
2622 3457 2690 3509 δὲ
2722 3457 2837 3525 τὴν
2870 3458 3207 3526 ὐποιφγίαν
3250 3457 3349 3512 καὶ
3394 3460 3448 3511 oi
3477 3459 3890 3527 ⁸ιαμπρότατοι
3912 3459 4100 3529 piyt-

2498 3565 2695 3615 στροι,
2736 3548 2957 3602 οὐδένα
2988 3548 3148 3616 ἔχων
3207 3549 3313 3602 τοῦ
3374 3548 3719 3619 πράγματος
3767 3549 4103 3619 διοικητὴν

2498 3640 2575 3703 ἀξ
2581 3624 2635 3693 ιδ
2637 3656 2828 3707 χρεων
2846 3639 3314 3709 καταλειφθῆναι
3336 3641 3404 3694 τὸ
3426 3643 3934 3711 ὑποϐαλλόμενον
3944 3644 4105 3708 ,Βούο

2498 3734 2676 3801 λομαι
2716 3731 3165 3786 ἀνεπίσκεπτον
3191 3732 3288 3785 καί
3327 3732 3775 3802 ἀδιερεύνητον.
3807 3735 4106 3804 ιίρεῖττσν

2498 3822 2628 3893 γὰρ,
2662 3823 2829 3893 φησὶ,
2876 3824 3375 3892 παρακερδαίνειν
3424 3826 3594 3891 τινας
3623 3826 3741 3880 ἀπὸ
3771 3826 3891 3881 τῶν
3934 3828 4108 3898 ἐμῶν

2500 3919 2572 3972 οὐ
2602 3915 2804 3983 καλῶς
2844 3916 2883 3984 ἢ
2923 3916 3121 3983 κακῶς
3165 3916 3502 3973 ὑποπεσεῖν
3540 3917 3625 3991 [Ρ.
3657 3917 3787 3990 214]
3818 3934 3959 3974 τινα
4004 3921 4106 3987 (n-

2496 4009 2698 4082 μιώδει
2719 4008 2883 4075 κακῷ
2909 4010 3007 4063 καί
3028 4009 3413 4081 ἐπιτρισούσῃ
3437 4012 3628 4067 αὑτὸν
3647 4012 3959 4083 συμφορᾷ.
3993 4015 4107 4069 Καὶ

2503 4102 2595 4155 ἐπὶ
2621 4101 2795 4171 τούτῳ
2818 4101 2908 4154 τὸν
2936 4100 3156 4155 ἅπαντα
3185 4103 3379 4173 χρόνον
3405 4102 3505 4173 τῆς
3528 4104 3970 4176 αὐτοκρατορίας
4006 4110 4107 4159 ct;-

2502 4190 2597 4245 τοῦ
2626 4192 2840 4261 ἔμεινεν
2890 4192 3218 4256 ἀνέποπτος,
3254 4191 3330 4255 ὡς
3352 4194 3397 4224 ³⁸
3426 4194 3493 4247 ἄν
3535 4211 3622 4258 τις
3656 4194 3800 4247 εἴποι
3823 4240 3836 4258 ,
3873 4197 3973 4248 καὶ
4012 4200 4110 4249 ἁν-

2503 4284 2782 4349 εξίσωτος,
2809 4284 2841 4355 ἢ
2876 4284 3077 4353 μᾶλλον
3104 4286 3281 4338 είπεῖν
3307 4284 3594 4356 ἐλεύθερός
3615 4303 3674 4339 τε
3699 4289 3796 4339 καὶ
3819 4287 4111 4357 ἀδιάπρα-

2504 4394 2631 4440 κτος
2666 4379 2707 4409 ³⁷
2732 4418 2747 4440 ,
2778 4378 2806 4429 ὁ
2835 4376 2940 4429 ὑπὸ
2970 4376 3071 4446 τὴν
3128 4376 3448 4448 Ῥωμαῖκὴν
3498 4378 3752 4441 ἐξουσίαν
3793 4378 3945 4442 ἆτιας
3998 4381 4112 4433 ubi

2505 4469 2644 4523 ὅλων
2696 4470 2948 4537 θεμάτων
2980 4468 3110 4531 λαὸς
3140 4469 3238 4523 καὶ
3277 4470 3415 4524 τὰ⁸³
3466 4471 3642 4541 χωρία
3697 4472 3789 4523 καὶ
3834 4472 3888 4523 οἱ
3936 4473 4112 4542 ἀγροὶ

824 4576 935 4636 τοῖς
957 4569 1256 4641 γειτονούσι
1282 4567 1389 4620 τῶν
1414 4567 1664 4635 πενήτων
1687 4564 2045 4636 προκείμενοι
2096 4564 2177 4627 είς
2202 4563 2523 4622 ἀπόλαυσιν.
2558 4563 2813 4626 Τοιοῦτος
2839 4558 2907 4633 ἦν
2936 4564 2978 4596 ³⁸
3011 4564 3143 4633 περὶ
3176 4563 3284 4615 πᾶν
3314 4562 3375 4615 τὸ
3446 4563 3707 4633 ὑπήκοον,
3778 4565 4036 4633 μάλιστα.
4062 4568 4111 4598 ⁸⁸

823 4668 878 4721 δὲ
908 4665 999 4719 τὸν
1033 4661 1189 4733 ὄχλον
1234 4661 1326 4713 τὸν
1372 4658 1751 4729 ἀγροδίαιτον,
1787 4658 2063 4727 πατρικὴν
2101 4656 2546 4730 ἐπιδεικνύμενος
2570 4656 2897 4726 κηδεμονίαν
2927 4656 3021 4708 καὶ
3053 4656 3311 4725 πρόνοιαν
3339 4658 3368 4709 ὀ
3396 4655 3600 4725 ἀγαθὸς
3632 4654 3913 4725 βασιλεύς.

902 4755 1027 4811 100.
1084 4752 1286 4808 Verum
1320 4765 1513 4805 rursus
1545 4750 1710 4804 etiam
1748 4747 2045 4803 invidentia
2079 4748 2394 4819 procellam-

2584 4756 2651 4821 ρ’.
2696 4746 2859 4800 Ἀλλᾶ
2889 4749 2985 4800 καὶ
3020 4746 3184 4799 πάλιν
3229 4748 3257 4799 ὁ
3291 4745 3483 4815 φθόνος
3516 4748 3709 4817 ἑτέραν
3742 4747 3940 4820 ῆγειρε
3974 4756 4115 4822 περὶ

826 4851 987 4901 aliam
1018 4855 1180 4916 atque
1210 4842 1484 4899 turbinem
1526 4842 1580 4895 in
1607 4841 1754 4909 regia
1800 4838 2082 4901 excitavit,
2134 4841 2305 4909 ipsam
2346 4842 2402 4896 in

828 4958 886 4994 se
921 4940 1093 5008 ipsam
1130 4945 1381 4989 naturam
1416 4931 1752 4987 conturbaus
1782 4944 1847 4983 ac
1894 4929 2201 4983 concitans.
2262 4928 2400 4983 Cum

828 5031 973 5085 enim
1001 5030 1114 5099 iam
1144 5027 1499 5083 dulcissimus
1528 5021 1878 5094 imperatoris
1918 5021 2065 5075 [ilius
2091 5019 2407 5075 Constanti-

832 5139 937 5178 nus
969 5122 1135 5176 vitam
1176 5135 1303 5174 cum
1332 5129 1508 5174 morte
1548 5123 1963 5177 commutasset,
2001 5114 2157 5182 isque
2178 5113 2231 5167 in
2272 5114 2409 5169 aite-

830 5230 945 5268 ram
972 5213 1177 5284 prolem
1202 5211 1439 5266 Leonem
1468 5210 1672 5265 amoris
1700 5208 1811 5262 vim
1854 5206 2214 5261 convertisset
2246 5220 2402 5275 spes-

827 5323 936 5377 que
975 5308 1030 5361 in
1059 5322 1125 5361 eo
1148 5306 1399 5376 iactaret,
1432 5303 1579 5358 haud
1620 5302 1832 5371 placide
1863 5300 1988 5354 tulit
2016 5300 2261 5353 invidum
2292 5298 2404 5352 dte-

2504 4840 2572 4894 φὲ
2600 4839 2847 4910 βασίλεια
2879 4837 3048 4908 ζάλην
3074 4837 3170 4889 καὶ
3203 4836 3451 4902 θύελλαν,
3486 4838 3606 4891 καθ’
3637 4838 3840 4908 ἑαυτῆς
3866 4842 3974 4910 τὴν
4004 4845 4115 4909 φύ-

2508 4951 2594 4986 σιν
2617 4931 3004 5002 συνταράσσων
3030 4947 3089 4982 τε
3114 4930 3205 4982 καὶ
3234 4930 3439 4982 κυκῶν.
3474 4932 3631 5000 Ἀρτι
3651 4931 3759 5001 γὰρ
3782 4932 3880 4983 τοῦ
3906 4935 4113 5001 φιλτά-

2507 5042 2600 5078 του
2631 5022 2707 5091 τῷ
2732 5022 2944 5088 βασιλεί
2964 5021 3081 5077 υἱοῦ
3102 5023 3519 5076 Κωνσταντίνου
3548 5024 3639 5077 τὸν
3669 5024 3780 5094 βίον
3802 5028 4112 5081 ancisa-riv-

2508 5132 2619 5177 τος,
2656 5113 2751 5165 καὶ
2782 5112 3184 5180 μεταπεσόντος
3214 5112 3310 5165 τοῦ
3340 5112 3566 5183 φίλτρου
3597 5116 3691 5166 καὶ
3719 5114 3830 5167 τῶν
3863 5116 4116 5170 ἐλπίδων

2513 5207 2605 5260 ἐπὶ
2634 5206 2723 5259 τδν
2754 5205 3008 5275 δεύτερον
3048 5205 3163 5258 υἱὸν
3194 5205 3237 5237 ⁸¹
3267 5206 3472 5259 Λέοντα
3494 5247 3508 5269 ,
3538 5206 3639 5259 οὐκ
3670 5207 3874 5277 ἠνετκε
3908 5210 4115 5279 πράως

2510 5299 2571 5351 τὸ
2605 5298 2875 5368 βάσκανον
2907 5299 3016 5349 τῶν
3046 5298 3316 5367 δαιμόνων
3348 5298 3512 5366 φῦλον
3538 5298 3601 5350 τδ
3630 5300 3803 5368 πρᾶον
3834 5302 3931 5352 καὶ
3966 5300 4109 5371 ἥσυ-

828 5411 1050 5451 mnnum
1102 5412 1312 5467 genus,
1364 5396 1513 5451 leves
1560 5393 1950 5462 placidosque,
2002 5390 2394 5459 religiososque

2510 5408 2604 5461 χον
2640 5389 2733 5442 καὶ
2769 5389 2991 5451 εὐσεϐὲς
3031 5390 3145 5459 ἅμα
3183 5391 3278 5443 καὶ
3306 5391 3564 5461 ἐμμελὲς,
3609 5390 3685 5453 ὡς
3718 5391 3923 5456 ἔοικεν,
3963 5395 4118 5462 δρᾶν

828 5489 990 5544 simul
1034 5504 1099 5545 ac
1130 5489 1233 5544 rite
1264 5489 1625 5559 compositos,
1668 5492 1728 5541 ut
1764 5499 1862 5556 par
1893 5493 2002 5549 est,
2036 5484 2185 5538 illius
2215 5496 2394 5537 mores

2509 5481 2604 5535 τοῦ
2664 5480 3003 5551 διαδέχεσθαι
3062 5480 3349 5551 μέλλοντος
3405 5482 3505 5553 τὴν
3562 5481 3838 5551 βασίλειον
3892 5486 4117 5556 ταύτην

2122 5641 2355 5701 VARle
2397 5639 2805 5698 LECTIONES.

2002 5788 2045 5820 ³⁵
2068 5786 2158 5839 καὶ
2193 5785 2391 5846 πόνους
2418 5781 2599 5837 αὐτῶν
2634 5796 2744 5833 om.
2782 5779 2841 5833 Ρ.
2931 5780 2976 5811 ³⁸
3006 5778 3080 5841 ὡς
3113 5778 3501 5843 Cmnbetisius,
3530 5778 3649 5833 libri
3686 5796 3783 5833 ων.
3868 5778 3909 5809 ³⁷
3946 5781 4114 5833 diu-

1706 5860 1747 5887 “
1777 5855 1842 5927 ἧν
1862 5873 1972 5911 om.
2009 5857 2064 5910 Ι).
2156 5857 2198 5885 ³ο
2234 5856 2433 5925 μᾶλλον
2465 5853 2526 5907 Ρ.
2602 5855 2642 5882 ⁸¹
2673 5851 2785 5919 υξδν
2832 5866 2941 5904 utn.
2979 5850 3037 5902 l'.

903 5789 946 5820 "
975 5788 1227 5840 ἀπελοεῖν
1260 5788 1316 5840 P.
1421 5788 1466 5818 ³⁸
1498 5787 1807 5840 ἐπισαλεύω
1840 5786 1898 5839 Ρ.

832 5858 1145 5930 clipeum?
1245 5859 1371 5911 ³³τ3ι
1405 5874 1511 5910 om.
1547 5858 1604 5911 ι’.
