4154 6446
118 475 303 544 ἀρχὴν,
336 471 431 525 καὶ
461 471 560 542 τὴν
596 468 848 524 ἐντεῦθεν
882 471 974 523 τοῦ
1004 469 1246 540 omum

115 570 201 622 ἐπὶ
233 568 333 636 τῆς
371 563 537 616 αὑτοῦ
567 562 848 634 βασιλείας
877 563 1166 632 εὐετηρίαν
1212 579 1305 613 και
1343 563 1480 630 πρὸς
1516 558 1693 610 πάντα

112 661 177 711 τε
200 656 575 725 ἐπαινούμενα
607 654 852 724 αὔξησιν⁸
887 654 981 706 καὶ
1006 654 1094 706 διὰ
1122 651 1279 704 τοῦτο
1307 652 1541 704 κονίεται
1572 647 1692 700 κατ’

115 750 275 804 αὑτοῦ
315 750 410 804 καὶ
433 748 636 801 οὑτωσί
669 764 784 810 πως
819 745 1273 814 ἁνταγωνίζεται·
1299 739 1408 795 Ἦν
1455 758 1536 804 τις
1585 741 1693 792 τῶν

112 847 251 897 πάνυ
271 841 620 911 ’ζηλουμένων
644 842 738 893 καὶ
763 839 1169 908 πιστευομένων
1193 835 1344 905 παρὰ
1368 833 1445 904 τῷ
1467 833 1694 902 ἀοιδίμῳ

111 934 374 1003 Βασιλείῳ
397 931 652 1000 μοναχὺς,
669 931 741 991 ὡς
760 929 958 988 ἐδόκει,
980 929 1072 980 καὶ
1099 928 1298 997 ἱερεὺς,
1323 927 1413 977 καὶ
1429 925 1581 992 φίλος
1600 923 1695 977 αὑ-

109 1027 184 1095 τῴ
212 1027 310 1078 καὶ
346 1024 622 1095 ὑπουργὸς
651 1021 844 1086 δεξιὸς,
863 1020 920 1070 δν
940 1019 1352 1088 Σανδαϐλρηνὸν
1372 1018 1692 1086 κατωνόμα-

109 1118 218 1182 ζον·
241 1117 300 1178 ὃς
322 1118 372 1168 εἰ
392 1116 657 1184 καίπαρὰ
686 1112 782 1166 τοῦ
819 1111 1086 1182 βασιλέως
1107 1113 1417 1180 ἐστέργετο,
1452 1109 1566 1161 ἀλλ’
1593 1111 1693 1160 οὐκ

109 1203 220 1276 εἶχε
259 1205 412 1276 παρὰ
440 1208 550 1268 τοῖς
591 1206 770 1267 ἄλλοις
810 1204 968 1268 δόξαν
1000 1204 1243 1272 χρηστὴν
1276 1201 1382 1254 οὐδ’
1425 1199 1693 1270 ὑπόληψιν

102 1299 498 1366 ἀνεπίληπτον.
536 1300 644 1352 Καὶ
687 1296 774 1350 διὰ
814 1296 974 1348 τοῦτο
1016 1294 1277 1355 πολλάκις
1330 1294 1424 1346 καὶ
1451 1293 1556 1344 ὑπὸ
1597 1292 1692 1344 τοῦ

107 1392 424 1459 σοφωτάτου
458 1390 856 1459 διεκωμῳδεῐτο
893 1390 1120 1449 Λεοντος
1151 1387 1224 1450 ὡς
1259 1388 1388 1455 γόης
1422 1386 1516 1438 καὶ¹
1549 1386 1692 1438 ἀπα-

101 1483 243 1534 τεῶν
268 1485 369 1534 καὶ
405 1484 484 1542 είς
524 1481 560 1534 ἃ
591 1482 668 1550 μὴ
696 1481 774 1531 δεῖ
807 1479 897 1530 τὸν
945 1479 1168 1546 βασιλέα
1212 1475 1548 1546 παρασύρων
1599 1477 1694 1528 καὶ

101 1574 212 1626 τῶν
259 1571 615 1640 καθηκόντων
655 1569 961 1622 ἐκδιαιτῶν.
1004 1571 1070 1620 Ἀ
1116 1568 1180 1636 δὴ
1235 1566 1636 1635 πυνθανόμενος
1664 1566 1695 1618 ὁ

102 1664 275 1731 φέναξ
324 1665 536 1723 ἐκεῖνος
579 1661 674 1715 καὶ
713 1660 948 1731 πονηρὸς
993 1660 1207 1712 εὔνοιαν
1251 1658 1548 1711 πλάττεται
1595 1657 1692 1710 καὶ

98 1758 285 1826 φιλίαν
324 1756 464 1825 πρὸς
496 1755 588 1808 τὸν
633 1756 868 1824 χρηστὸν
915 1753 1267 1822 ὑποκρίνεται
1302 1753 1544 1815 Λέοντα,
1597 1750 1691 1802 καί

98 1869 235 1919 φησι
268 1851 408 1919 πρὸς
445 1849 643 1910 αὑτδν,
670 1847 745 1910 ὡς
777 1849 900 1900 Ἵνα
935 1848 992 1900 τί
1033 1847 1276 1910 νεανίας
1309 1845 1424 1912 ἤδη
1461 1842 1547 1896 ὢν
1593 1843 1691 1896 καὶ

96 1951 263 2012 παρά
337 1945 418 2009 τῷ
470 1943 647 2010 πατρί
698 1956 816 1994 σου
873 1940 1240 2008 φιλούμενος
1299 1935 1384 2005 μὴ
1441 1935 1694 2005 ἐπιφέρῃ

94 2036 381 2107 κρυπτῶς
399 2037 708 2104 ῥομφαίαν
731 2035 768 2100 ἢ
795 2034 1119 2102 μάχαιραν,
1148 2031 1294 2084 ὅταν
1320 2030 1447 2083 κατ’
1474 2030 1696 2099 ἀγροὺς

93 2129 452 2197 συνιππάζῃ
478 2145 596 2182 σου
624 2127 704 2190 τῷ
733 2125 907 2192 πατρὶ
927 2169 942 2188 ,
975 2124 1076 2178 Ira
1115 2125 1213 2177 καὶ
1243 2124 1423 2187 αὐτῷ,
1455 2125 1506 2174 εὶ
1546 2121 1695 2174 κατὰ

93 2223 312 2290 θηρίου
341 2219 556 2288 χρείαν
580 2217 736 2287 σχῇ,
769 2214 1069 2281 ἑπιδιδῴς,
1095 2214 1191 2268 καὶ
1229 2215 1285 2268 el
1314 2231 1365 2267 τι
1408 2213 1696 2280 July-afer

94 2312 406 2377 πολλάκις
443 2312 570 2366 κατ’
615 2308 800 2364 αὐτοῦ
847 2309 1251 2377 ἐπιϐούλευμα
1293 2306 1575 2374 γένηται,
1609 2305 1694 2374 μὴ

91 2406 379 2468 ἄνοπλος
401 2401 679 2471 εὑρεθῇς,
703 2401 842 2456 ἀλλ’
867 2399 1015 2470 ἔχῃς
1037 2417 1091 2452 τι
1108 2401 1240 2468 μεθ’
1264 2397 1406 2452 ὅτου
1426 2395 1697 2464 δυνηθῇς

91 2496 246 2563 τοὺς
317 2493 650 2564 πατρικοὺς
711 2492 962 2561 ἐχθροὺς
1019 2491 1508 2559 ἀνταμύνασθαι;
1585 2489 1697 2558 Οὑχ

93 2589 466 2657 ὑπειδόμενος
490 2586 546 2639 δέ
572 2585 665 2638 τὸν
692 2584 844 2639 δόλον
871 2586 1083 2646 ἐκεῖνος
1110 2583 1233 2635 οὐδὲ
1257 2583 1317 2635 τὸ
1347 2581 1567 2651 δολερὸν
1596 2580 1692 2633 τοῦ

92 2681 298 2752 ἀνδρὸς
333 2679 638 2748 συννοήσας
669 2675 769 2746 (τὺ
795 2675 905 2746 γὰρ
937 2674 1014 2744 μὴ
1048 2676 1340 2743 πρόχειρον
1378 2673 1457 2734 είς
1498 2672 1697 2722 κακίαν

93 2773 222 2826 οὐδὲ
278 2771 536 2824 ὑπονοεῖν
590 2766 678 2840 [Ρ.
707 2765 840 2838 ﬁlii]
887 2767 1006 2819 ἐστι
1059 2765 1128 2818 τὰ
1162 2765 1375 2835 πονηρὰ
1424 2763 1696 2833 εὐχερὲς)

91 2865 324 2933 δέχεται
387 2862 490 2931 τὴν
558 2859 757 2931 βουλὴν
811 2859 908 2912 καὶ⁵
960 2857 1209 2910 πείθεται
1269 2857 1547 2927 μάχαιραν
1599 2855 1694 2907 τοῦ

95 2958 464 3026 ὑποδήματος
495 2953 648 3018 ἐντὸς
687 2950 1068 3022 ἐπιφέρεσθαι.
1120 2950 1207 3013 Ὠς
1234 2948 1327 3002 οὖν
1352 2953 1380 3002 ό
1408 2948 1697 3010 ἐπίϐουλος

93 3050 248 3116 ἔγνω
294 3049 631 3118 χωρήσαωιν
673 3048 753 3108 είς
791 3044 952 3114 ἔργον
995 3043 1096 3113 τὴν
1143 3041 1308 3096 αὑτοῦ
1361 3042 1693 3112 ωμὸουλὴν,

91 3139 448 3207 ἀπαγγέλλει
467 3138 548 3210 τῷ
577 3136 807 3207 βασιλεῖ,
828 3137 910 3190 ὅτι
943 3135 1006 3188 '0
1027 3134 1157 3200 υἱός
1181 3148 1298 3189 σου
1321 3135 1694 3188 ἐπιϐουλεύει
1721 3158 1765 3217 C

91 3248 172 3286 σε
199 3230 459 3286 ἀνελεῖν
481 3246 495 3260 ·
530 3228 632 3281 καὶ
659 3231 712 3281 εὶ
739 3227 1036 3292 ἀπιστεῖς,
1076 3225 1224 3280 ὅταν
1258 3225 1408 3279 κατὰ
1437 3225 1628 3292 θήραν
1655 3225 1694 3294 ἦ

91 3329 220 3379 που
269 3325 492 3378 ἄλλοθι
524 3320 772 3390 μέλλεις
812 3317 924 3387 τῆς
954 3318 1277 3384 βασιλίδος
1318 3317 1694 3382 ὑπεξελθεῖν,

91 3418 416 3472 κέλευσον
463 3411 903 3481 περιαιρεθῆναι
944 3413 1019 3465 τὰ
1064 3410 1282 3465 πέδιλα
1332 3410 1450 3464 τῶν
1494 3409 1698 3464 ποδῶν

92 3509 317 3573 αὑτοῦ,
373 3509 476 3562 καὶ
515 3509 568 3561 εἰ
612 3507 1000 3574 εὑρεθήσεται
1037 3504 1211 3573 ξίφος
1245 3505 1694 3572 ἐπιφερόμενος,

93 3601 282 3668 γνῶθι
308 3600 402 3652 ὅτι
428 3596 580 3666 πρὸς
602 3597 716 3663 τὴν
730 3596 855 3664 σὴν
874 3595 1018 3649 αὐτὸ
1035 3594 1282 3664 σφαγὴν
1306 3593 1693 3664 ἡτοιμάσατο.

95 3689 600 3759 Καταγγελθείσης
653 3686 746 3740 οὖν
787 3687 970 3752 ἐξόδου
1027 3685 1314 3755 βασιλικῆς
1371 3685 1697 3755 συνεξῆλθεν

92 3787 252 3838 ἅπαν
288 3783 355 3837 τὸ
390 3779 606 3842 εἰωθὸς,
631 3779 725 3832 καὶ
754 3779 898 3832 κατά
920 3795 1041 3831 τινα
1072 3778 1236 3830 τόπον
1267 3777 1573 3846 γενομένων
1600 3779 1698 3830 αὺ-

89 3874 211 3927 τῶν
242 3871 639 3942 προσποιεῖται
666 3869 858 3938 χρείαν
887 3868 1033 3939 ἔχειν
1061 3869 1333 3937 μαχαίρας
1363 3871 1391 3922 ὁ
1420 3868 1695 3938 βασιλεὺς,

91 3968 195 4019 καὶ
233 3964 506 4033 ἐπεζήτει
532 3962 736 4030 ταύτην
773 3961 911 4031 μετὰ
953 3961 1208 4029 σπουδῆς.
1247 3960 1555 4030 Συμπαρὼν
1583 3961 1640 4014 δὲ
1669 3965 1698 4015 ὁ

88 4059 242 4124 υἱὸς,
274 4058 378 4111 καὶ
403 4055 573 4126 μηδὲν
595 4054 703 4107 τῶν
729 4054 1138 4124 ὑπονοουμένων
1164 4053 1241 4122 τῷ
1262 4054 1430 4123 πατρὶ
1450 4054 1698 4124 προειδό-

92 4169 293 4222 μενος,
318 4149 554 4209 ἀκάκως
576 4147 719 4200 πάνυ
746 4145 844 4199 καὶ
871 4147 1163 4217 ἁπονήρως
1189 4145 1631 4215 ἐφελκυσάμενος
1653 4145 1696 4178 ιι

86 4248 167 4314 ἦν
193 4242 518 4312 ἐπεφέρετο
547 4239 823 4310 μάχαιραν
844 4236 1119 4291 ἐπιδίδωσι
1140 4237 1216 4306 τῷ
1243 4237 1434 4305 πατρί.
1461 4237 1698 4306 Γενομέ-

87 4356 193 4389 νου
229 4335 295 4388 δὲ
333 4332 535 4386 τούτου
576 4331 754 4394 ἔδοξεν
794 4329 995 4391 εὐθέως
1035 4331 1067 4397 ὴ
1099 4331 1216 4382 κατ’
1246 4329 1410 4381 αὑτοῦ
1453 4345 1696 4400 προσαγο

85 4428 270 4495 γελία
303 4424 481 4495 πιστὴ
518 4424 614 4476 καὶ
657 4425 714 4477 αἱ
760 4424 890 4493 παρ’
921 4421 1085 4474 αὑτοῦ
1135 4419 1422 4487 ἀπολογίαι
1475 4421 1697 4489 μάταιαι

1171 359 1311 417 ΗΒ.
1359 359 1425 416 ν.
1466 382 1534 390 ’ἐ
1563 356 1916 416 BASILIUS
1967 357 2288 418 MACEDO.

1290 469 1688 537 στατιχαξομένην

1800 469 2152 523 considerans
2181 471 2273 537 qui
2304 470 2514 537 imperii
2546 485 2832 527 successor
2863 471 3080 526 futurus
3111 484 3278 531 esset.
3306 494 3368 525 ιιι-

3263 363 3369 425 366

1796 577 1958 629 quam
1987 561 2109 614 inde
2144 560 2468 630 conjiciebat
2503 562 2596 616 illo
2625 579 2807 618 rerum
2845 565 3089 633 potiente
3118 567 3372 618 subdita-

1796 667 1916 706 rum
1959 650 2074 706 fore
2105 651 2444 716 felicitatem,
2467 663 2522 707 et
2555 653 2622 707 ad
2653 655 2946 711 laudabilia
2977 672 3210 727 qumque
3240 673 3371 727 pro-

1795 741 1997 796 fectum
2034 752 2200 811 atque
2231 745 2651 800 incrementum.
2703 744 2908 801 Idcirco
2943 763 3000 803 se
3026 748 3091 802 ad
3126 765 3367 818 pugnam

1796 837 2039 896 instruit,
2077 836 2240 906 inque
2273 837 2416 890 hunc
2459 837 2680 890 modum
2712 846 2985 894 certamen
3010 842 3323 908 aggreditur
3353 860 3366 894 :

1796 924 1926 980 Erat
1953 925 2156 998 inclyto
2186 925 2388 982 Basilio
2409 928 2552 983 inter
2591 943 2689 983 eos
2721 930 2773 983 in
2799 945 2938 998 quos
2969 931 3214 1000 impense
3251 934 3366 986 alli-

1795 1018 2041 1070 ciebatur
2061 1033 2126 1071 ac
2155 1019 2354 1086 quibus
2379 1019 2602 1073 nimiam
2625 1019 2917 1089 quamdam
2949 1021 3180 1076 habebat
3206 1022 3372 1094 35,9

1795 1110 1976 1171 tidem,
2011 1109 2311 1163 monachus
2338 1111 2580 1180 quidam,
2615 1119 2674 1165 ut
2694 1111 3004 1176 videbatur,
3032 1122 3085 1166 et
3109 1116 3370 1170 sacerdos

1797 1202 1984 1269 illique
2015 1203 2230 1256 amicus
2271 1217 2334 1256 ac
2365 1200 2619 1259 minister
2649 1212 2940 1269 strenuus,
2976 1207 3064 1261 cui
3103 1205 3370 1262 Santaba-

1797 1308 1930 1346 τοιιο
1959 1309 2178 1348 nmnen.
2213 1295 2262 1348 ls
2287 1296 2386 1348 etsi
2427 1297 2496 1349 ab
2527 1297 2860 1365 imperatore
2887 1298 3194 1363 colebatur,
3226 1302 3368 1368 apud

1795 1389 1932 1442 alios
1959 1399 2137 1442 tamen
2169 1403 2274 1442 non
2303 1389 2456 1442 bona:
2485 1388 2644 1444 famze
2669 1402 2786 1444 erat
2809 1407 2910 1446 nec
2948 1393 3372 1461 reprehensione

1796 1481 2035 1534 carebat.
2094 1479 2258 1549 quue
2309 1481 2362 1534 in
2391 1496 2555 1535 causa
2591 1491 2709 1536 erat
2749 1497 2848 1536 cur
2883 1498 2990 1537 non
3040 1499 3168 1538 raro
3212 1501 3241 1538 a
3274 1501 3367 1539 sa-

1795 1573 2141 1640 pientissimo
2204 1573 2385 1629 Leone
2451 1582 2511 1630 tit
2563 1576 2928 1647 praestigiator
2983 1593 3046 1632 ac
3090 1579 3368 1642 seductor,

1796 1666 2002 1734 quique
2051 1667 2436 1734 imperatorem
2474 1684 2504 1723 a
2557 1669 2692 1724 recti
2729 1670 2950 1723 tramite
2992 1673 3285 1726 abduceret
3316 1680 3373 1726 et

1798 1760 1865 1810 ad
1902 1759 2140 1812 absurda
2191 1761 2452 1824 traheret,
2491 1762 2756 1818 conviciis
2801 1764 3186 1819 incesseretur.
3236 1763 3371 1830 Qui—

1799 1848 1900 1903 bus
1925 1851 2123 1918 saepius
2153 1851 2352 1905 auditis
2374 1851 2641 1922 impostor
2667 1853 2756 1908 ille
2778 1868 2842 1908 ac
2868 1855 3155 1915 scelestus,
3194 1857 3368 1908 simu-

1797 1941 1906 1995 lata
1939 1943 2313 1998 benevolentia
2345 1960 2408 1997 ac
2438 1945 2694 2000 amicitiae
2723 1946 2894 2010 larva,
2923 1945 2992 1999 ad
3017 1947 3369 2001 mitissimum

1797 2030 2032 2087 Leonem
2062 2035 2141 2088 sic
2171 2035 2446 2104 loquitur:
2473 2036 2600 2099 Cur,
2625 2036 2823 2106 inquit,
2860 2053 2978 2089 cum
3003 2037 3116 2105 jam
3141 2038 3371 2090 robustis

1797 2123 1993 2178 viribus
2046 2125 2116 2177 ad
2169 2135 2380 2180 atatem
2438 2127 2729 2180 adoleveris
2792 2128 3034 2195 patrique
3084 2127 3371 2181 admodum

1796 2217 1988 2268 chorus
2034 2217 2130 2281 sis,
2177 2232 2279 2270 non
2315 2217 2515 2270 occulte
2565 2218 2843 2288 pugionem
2875 2227 2970 2271 aut
3002 2219 3170 2272 sicam
3203 2233 3372 2272 tecum

1797 2305 1991 2374 defers,
2029 2323 2147 2360 cum
2181 2324 2284 2360 una
2316 2323 2432 2360 cum
2465 2309 2560 2362 illo
2585 2311 2697 2363 ruri
2738 2312 2794 2365 in
2825 2329 2955 2381 equo
2979 2315 3194 2382 veheris,
3229 2325 3284 2368 nt
3319 2317 3372 2368 in

1797 2409 2040 2467 promptu
2079 2400 2450 2468 porrigendum
2484 2401 2699 2466 habeas,
2747 2421 2865 2459 cum
2916 2406 3154 2475 ferienda
3206 2407 3373 2461 bestia

1797 2491 1975 2557 fuerit,
2015 2499 2084 2553 et,
2133 2492 2179 2543 si
2206 2492 2332 2558 quid
2363 2493 2614 2546 adversus
2659 2511 2777 2548 eum
2811 2497 3036 2552 latenter
3061 2514 3127 2552 ea:
3161 2499 3371 2552 insidiis

1797 2583 1880 2650 agi
1935 2585 2242 2652 contigerit,
2295 2599 2397 2636 non
2454 2584 2566 2652 ipse
2623 2587 2842 2640 inermis
2899 2589 3222 2654 inveniaris,
3280 2592 3370 2644 sed

1794 2683 1988 2738 prazsto
2019 2675 2224 2745 aliquid
2248 2676 2440 2731 habeas
2480 2680 2620 2732 unde
2658 2689 2905 2758 paternos
2936 2682 3113 2735 hostes
3140 2681 3371 2736 ulcisca-

1797 2758 1909 2810 ris.’
1941 2758 2132 2812 Doluin
2167 2759 2255 2813 ille
2295 2760 2518 2816 minime
2547 2763 2936 2824 subodoratus,
2971 2778 3072 2818 nec
3093 2764 3192 2818 viri
3225 2763 3376 2820 frau-

1794 2848 1893 2903 des
1942 2852 2127 2904 animo
2169 2862 2428 2921 reputans
2463 2853 2625 2922 (quod
2658 2855 2800 2908 enim
2830 2855 2897 2909 ad
2944 2857 3206 2910 malitiam
3235 2872 3370 2928 pro-

1799 2956 1928 2993 num
1961 2956 2068 2994 non
2100 2951 2206 3006 est,
2255 2957 2359 2997 nec
2386 2943 2636 3010 improba
2673 2944 2832 2998 facile
2863 2948 3202 3014 suspicatur)
3234 2962 3372 3000 con-

1797 3034 1978 3089 silium
2010 3037 2276 3105 approbat
2316 3038 2547 3109 viroque
2580 3039 2928 3109 obsequitur,
2961 3053 3019 3095 ut
3048 3042 3285 3097 cultrum
3316 3045 3370 3097 in

1799 3141 1956 3181 ocrea
1985 3127 2213 3183 deferat.
2270 3129 2515 3185 Perfidus
2553 3142 2736 3186 autem
2779 3133 3089 3197 insidiator,
3135 3133 3370 3190 Leonem

1798 3220 2029 3273 Consilio
2053 3236 2154 3274 suo
2180 3224 2429 3289 paruisse
2458 3223 2792 3294 iutelligens,
2818 3225 3134 3294 imperatori
3161 3229 3374 3281 denun-

1799 3311 1899 3364 tiat
1929 3310 2095 3364 filium
2123 3314 2348 3366 structis
2382 3313 2598 3367 insidiis
2632 3314 2778 3370 illius
2803 3330 2995 3369 necem
3027 3316 3370 3371 machinari:

1800 3399 1954 3466 Quod
1974 3403 2021 3456 si
2046 3404 2203 3469 ﬁdem
2233 3407 2441 3472 abnuis,
2468 3405 2664 3475 inquit,
2698 3424 2817 3460 cum
2845 3418 3089 3463 venatum
3111 3410 3284 3464 aliave
3309 3425 3374 3464 ex

1798 3510 1962 3548 causa
2000 3495 2126 3549 urbe
2158 3499 2370 3563 exieris,
2403 3499 2532 3563 jube
2550 3501 2598 3553 ei
2620 3515 2801 3555 ocreas
2825 3501 3066 3570 auferri;
3095 3517 3158 3556 ac
3183 3503 3231 3558 si
3254 3505 3372 3573 qui-

1798 3589 1913 3641 dem
1955 3589 2190 3658 gladium
2224 3589 2425 3659 ἀβίου-νε
2451 3594 2763 3657 invenietur,
2811 3611 2874 3646 ne
2915 3596 2968 3647 in
3018 3605 3164 3648 tuan:
3197 3612 3373 3650 necent

1799 3699 1916 3735 eum
1971 3683 2065 3736 tibi
2115 3700 2334 3752 parasse
2387 3686 2732 3741 dubitaveris.
2795 3687 2999 3744 lndicta
3050 3690 3210 3760 igitur
3258 3691 3374 3744 ruri

1798 3776 2061 3844 principis
2096 3777 2402 3841 venatione,
2435 3777 2600 3848 350
2627 3782 2808 3834 omnis
2838 3795 2903 3834 es
2957 3795 3108 3835 more
3141 3782 3375 3836 comita-

1799 3869 1887 3913 tus
1921 3875 2030 3913 una
2061 3861 2330 3916 exierunt.
2351 3863 2598 3932 Cumque
2633 3865 2686 3916 in
2718 3868 3006 3934 quemdam
3040 3867 3221 3921 locum
3245 3881 3375 3920 eva-

1800 3953 2024 4017 sissent,
2070 3955 2300 4008 simulat
2349 3956 2652 4027 imperator
2695 3959 2801 4013 sibi
2837 3974 2978 4028 opus
3018 3960 3198 4029 gladio
3228 3976 3372 4026 esse,

1798 4046 2031 4116 ejusque
2051 4048 2154 4102 sibi
2178 4059 2424 4104 actutum
2455 4051 2671 4122 copiam
2705 4053 2922 4121 quaerit.
2972 4054 3180 4109 Aderat
3207 4055 3375 4118 ﬁlius,

1798 4154 2105 4209 eorumque
2133 4143 2358 4211 ignarus
2391 4160 2512 4211 qua:
2537 4155 2693 4214 pater
2731 4145 2918 4199 animo
2943 4155 3213 4209 versaret,
3246 4148 3377 4202 sim-

1798 4229 1927 4298 plici
1958 4229 2251 4285 admodum
2294 4247 2396 4288 nec
2437 4233 2578 4287 malo
2611 4233 2912 4304 quidquam
2955 4235 3162 4300 animo,
3211 4251 3374 4304 quem

1801 4323 2046 4388 gestabat
2106 4321 2370 4390 gladium,
2424 4332 2734 4378 extractum
2799 4323 2939 4393 patri
2986 4322 3164 4378 oﬂ‘ert.
3240 4324 3380 4378 llinc

1802 4413 1989 4467 Statim
2042 4415 2164 4467 data
2213 4415 2476 4468 adversus
2533 4413 2769 4470 Leonem
2824 4417 3026 4470 delatio
3079 4416 3378 4486 probabilis

86 4520 202 4571 καὶ
269 4515 456 4570 κεναί.
520 4512 1010 4583 Ὑποστρεψὰντων
1057 4511 1149 4564 οὗ)
1204 4513 1401 4564 αὐτίκα
1448 4512 1585 4579 πρὸς
1631 4511 1697 4565 τὰ

1805 4507 1917 4561 visa
1966 4517 2072 4570 est,
2137 4508 2391 4575 illiusque
2428 4507 2623 4561 inanes
2658 4507 3009 4562 defensiones
3053 4523 3116 4561 ac
3145 4506 3374 4561 frivolae.

86 4604 397 4674 βασίλεια,
431 4602 567 4672 πρὸς
595 4601 764 4672 ὀργὴν
795 4602 824 4652 ό
846 4601 1099 4669 βασιλεὺς
1127 4601 1268 4654 κατὰ
1289 4601 1382 4654 τοῦ
1414 4601 1528 4654 υίοῦ
1552 4601 1699 4654 διαν-

85 4701 364 4760 ίσταται,
390 4697 487 4748 καὶ
509 4695 648 4747 κατὰ
677 4711 799 4747 τινα
822 4694 931 4746 τῶν
957 4693 1245 4764 βασιλείων
1268 4694 1453 4756 οἴκων,
1471 4694 1528 4756 ὃς
1549 4695 1705 4764 Μαρ-

81 4807 174 4859 γα
184 4791 360 4860 ρίτης
382 4786 831 4855 κατονομάζεται,
849 4786 1159 4856 ἔμφρουρον
1177 4785 1367 4838 τοῦτον
1388 4787 1703 4856 πεποίηται,

83 4881 209 4935 καὶ
233 4879 356 4931 τῶν
390 4875 638 4947 ἐρυθρῶν
671 4875 904 4930 πεδίλων
933 4877 1256 4946 ἁπογυμνοί.
1300 4877 1620 4948 Διηρὲθιστο
1649 4878 1706 4931 δὲ

81 4973 275 5044 παρὰ
309 4969 416 5025 τοῦ
449 4967 648 5040 ἐχθροῦ
681 4969 776 5023 καὶ
817 4969 1104 5038 ἐκδικητοῦ
1157 4970 1293 5038 πρὸς
1336 4977 1397 5021 το
1447 4974 1540 5023 καὶ
1581 4970 1709 5033 τοὺς

78 5069 356 5136 λύχνους
405 5060 759 5116 ἐπισϐἐσαιη
801 5060 911 5113 τῶν
951 5059 1267 5129 ὀφθαλμῶν.
1337 5061 1497 5113 Ἀλλὰ
1551 5064 1710 5114 τοῦτο

85 5160 221 5228 μὲν
254 5153 375 5209 ὑπὸ
405 5151 501 5206 τοῦ
544 5151 645 5221 τῆς
681 5149 948 5220 βασιλίδος
979 5149 1278 5220 ἀρχιερέως
1309 5153 1401 5203 καὶ
1432 5152 1531 5221 τῆς
1577 5169 1707 5218 συγ-

81 5248 330 5318 κλήτου
363 5241 566 5314 βουλῆς
593 5241 862 5295 κωλύεται
889 5240 1308 5311 διαπράξασθαι,
1347 5241 1447 5310 τῆς
1490 5242 1711 5312 εἱρκτῆς

79 5343 139 5393 δ’
166 5341 348 5407 ὅμως
367 5332 516 5402 εἶχεν
536 5335 707 5397 ἐντός.
724 5333 927 5403 Χρόνου
951 5333 1006 5386 δὲ
1029 5333 1478 5405 παραδραμόντος
1491 5335 1709 5403 συχνοί),

77 5437 202 5488 καὶ
261 5430 369 5499 τῆς
421 5426 637 5494 φύσεως
668 5426 727 5478 οὑ
771 5428 1142 5494 γνωριζούσης
1182 5428 1402 5497 ἑαυτὴν,
1453 5427 1565 5480 ἀλλ’
1605 5429 1706 5480 ὑπὸ

74 5526 212 5580 τῶν
255 5519 521 5590 πονηρῶν
565 5522 889 5588 πνευμάτων
926 5524 1347 5591 τραχυνομὲνης,
1383 5523 1490 5574 τῶν
1529 5521 1581 5564 ἲὲ
1609 5521 1708 5586 ’ἧς

1804 4597 1923 4652 Mox
1960 4599 2143 4669 itaque
2167 4600 2400 4654 reversis
2427 4597 2486 4653 in
2517 4600 2719 4669 regiam
2753 4600 3100 4668 imperatoris
3121 4601 3174 4653 in
3204 4600 3378 4654 tilium

1804 4691 1884 4742 ira
1927 4688 2264 4756 ellerveseit;
2324 4691 2491 4761 inque
2549 4689 2822 4761 regiarum
2859 4690 3058 4744 aedium
3120 4705 3247 4754 una,
3288 4691 3379 4744 cui

1808 4779 2111 4851 Margarita:
2144 4795 2364 4847 nomen,
2414 4791 2569 4838 truso
2624 4783 2678 4836 in
2717 4797 2991 4837 carcerem
3028 4782 3224 4836 rubros
3263 4780 3380 4836 cal-

1809 4888 1935 4929 ceos
1971 4874 2229 4929 detrahit.
2289 4875 2618 4931 lncitaverat
2651 4876 2908 4931 inimicus
2939 4885 2994 4930 et
3029 4877 3196 4940 ultor,
3242 4882 3302 4929 ut
3327 4882 3384 4929 et

1810 4968 2098 5021 oculorum
2127 4965 2278 5023 faces
2299 4970 2696 5039 exstingueret.
2756 4967 2956 5026 Verum
2997 4969 3257 5024 obstitere
3291 4983 3378 5022 re-

1814 5058 1914 5129 giae
1963 5058 2112 5112 urbis
2157 5059 2448 5130 episcopus
2504 5074 2571 5112 ac
2625 5071 2850 5116 senatus
2891 5061 3119 5116 omnis:
3161 5061 3380 5114 interim

1816 5160 1992 5204 tamen
2033 5152 2318 5206 tenebatur
2346 5153 2400 5206 in
2447 5165 2690 5208 carcere.
2752 5151 2998 5224 Longum
3024 5152 3138 5222 iam
3167 5160 3382 5222 tempus

1814 5242 2062 5306 ﬂuxerat,
2093 5257 2192 5296 nec
2224 5245 2340 5313 ipsa
2384 5259 2442 5300 se
2472 5252 2670 5298 natura
2707 5244 3062 5313 agnoscebat,
3099 5243 3196 5299 scd
3227 5242 3384 5298 ntali-

1817 5341 1938 5409 guis
1987 5339 2206 5394 ﬂatibus
2255 5350 2573 5410 exasperata
2629 5348 2769 5394 erat.
2839 5337 3075 5394 Senatus
3123 5339 3244 5407 prin
3267 5345 3382 5390 atcs

1815 5445 1939 5483 cum
1970 5445 2114 5498 saepe
2143 5433 2560 5486 constituissent
2588 5445 2688 5501 pro
2718 5430 2830 5485 filio
2856 5428 2998 5499 apud
3027 5437 3234 5498 patrem
3262 5442 3386 5496 sup-

1817 5525 2169 5594 plicationem
2195 5527 2369 5593 obire,
2401 5526 2540 5583 alias
2571 5525 2734 5581 aliam
2769 5526 2840 5581 ob
2863 5537 3088 5579 causam
3119 5521 3384 5592 impediti,

1439 5710 1526 5764 VA
1541 5712 1578 5764 ll
1592 5711 1604 5759 l
1619 5711 1678 5764 .F.
1721 5711 2011 5770 LECTION
2019 5713 2129 5776 ES.

165 5801 230 5832 δι
267 5796 760 5863 ἐξελκυσάμενοςῖ
850 5801 1262 5856 δ’τὰπιισοέςαιῖ
