4154 6446
775 462 873 523 36Ἱ
1861 438 2364 501 THEOI’HANES
2402 432 2965 493 CONTINUATUS.
3930 412 4037 474 368

775 565 1108 638 t-jnseemotli
1166 559 1454 615 occasione
1509 554 1586 609 rei
1639 554 1956 624 praestandae
2008 548 2345 619 probabilem

2483 542 2741 613 sponsio;
2788 535 3165 610 ὑπερεχόντων
3198 531 3455 592 πολλάκις
3498 526 3868 596 βουληθέντων
3897 524 4040 591 ὑπὲρ

2520 633 2544 638 ..
2616 636 2622 638 Α
2666 632 2690 638 ..
2808 630 2821 638 .
2925 629 2937 638 ι
3136 625 3168 638 ι.
3259 624 3281 638 ι
3434 617 3785 638 ,,ﬁ,'___h__
3849 614 4040 638 (Si---

777 657 1233 729 opportunitatem
1265 662 1439 716 exque
1473 647 1683 700 ratione
1712 646 1857 699 nacti
1889 651 2038 697 sunt.

2486 633 2546 686 οὗ
2576 632 2694 686 υἱοῦ
2727 630 2865 700 πρὸς
2890 629 2981 680 τὸν
3009 625 3224 694 πατέρα
3255 617 3812 691 διαπρεσϐεύσασθαι,
3841 614 4041 669 ἄλλοτε

2550 726 2559 729 -
2771 720 2817 729 ..-
2999 717 3020 729 ιι
3204 716 3217 729 ι
3388 713 3401 729 ι
3504 713 3516 729 ο
3614 710 3662 729 κὶ
3733 707 4035 729 ,μ---.-2Α-.

1047 746 1212 814 άλλην
1267 707 1447 793 αἰτίαν
1488 736 1879 807 κωλυομένων,
1932 732 2040 787 άπὸ
2086 729 2347 797 τοιαύτης
2381 726 2711 795 προφάσεως
2739 720 2963 788 εὔλογον
2998 717 3153 787 ἔσχον
3193 713 3447 785 ἀφορμὴν
3471 713 3549 774 είς
3608 710 3670 762 τὸ
3730 707 4046 762 κατανῦσαι

778 847 836 898 τὸ
865 838 1131 914 βούλημα.

852 935 975 988 101.
1017 931 1145 985 Avis
1194 939 1311 982 erat
1348 927 1400 981 in
1436 924 1671 994 implexo
1696 922 1913 977 calatho
1945 922 1997 973 in
2029 918 2190 989 regia:
2218 930 2353 987 pen-

777 1028 914 1081 dens
949 1022 1207 1084 triclinio,
1251 1018 1465 1091 egregia
1521 1016 1785 1069 imitatrix
1830 1022 1885 1067 et
1912 1011 2350 1080 loquacissima:

782 1117 1072 1186 psittacum
1118 1121 1334 1167 vocant.
1401 1107 1500 1163 llic
1535 1108 1649 1162 sive
1693 1123 1723 1159 a
1761 1104 2090 1174 quibusdam
2126 1101 2355 1157 edoctus

781 1217 899 1264 erat
928 1207 1042 1262 sive
1072 1205 1181 1259 alio
1217 1200 1412 1272 quovis
1445 1198 1606 1254 modo
1635 1198 1912 1260 hauserat,
1950 1192 2089 1258 Heu,
2115 1199 2234 1255 heu,
2257 1192 2355 1245 do-

785 1301 924 1354 mine
958 1298 1078 1362 Leo,
1119 1295 1317 1365 saepius
1353 1292 1511 1363 351
1549 1289 1942 1361 perstrepebat.
1989 1287 2123 1343 Cum
2174 1288 2357 1355 itaque

2527 910 2628 973 ρα’.
2655 898 2765 956 Ἦν
2789 918 2842 954 τι
2875 898 3013 965 ζῶον
3047 896 3251 968 πτηνὸν
3286 895 3343 948 ἐν
3378 892 3599 963 ταλάρῳ
3630 889 3851 960 πλεκτῷ
3895 890 4044 943 κατά

2453 996 2521 1050 τὰ
2555 994 2803 1065 βασίλεια
2835 989 3210 1061 αἰωρούμενον
3234 1029 3247 1051 ,
3286 984 3523 1055 μιμηλὸν
3560 982 3657 1036 καὶ
3695 981 4043 1048 πολύφωνον,

2453 1084 2772 1156 δψιττακὸς
2806 1080 3171 1152 ὀνομάζεται·
3224 1079 3361 1146 ὅπερ
3415 1075 3525 1128 εἴτε
3579 1073 3716 1144 πρός
3754 1088 3920 1125 τινων
3968 1072 4048 1124 δι-

2455 1178 2650 1249 δαχθὲν
2680 1177 2788 1229 εἴτε
2816 1175 2993 1237 άλλως
3020 1189 3162 1239 πως,
3195 1170 3481 1234 πολλάκις,
3502 1167 3593 1231 A1,
3611 1166 3694 1232 οἳ,
3718 1165 3829 1233 κῦρ
3853 1164 4045 1228 Λέων,

2460 1271 2778 1339 ἐφθέγγετο.
2836 1265 3160 1327 Πανδαισίας
3212 1262 3270 1315 δέ
3325 1276 3455 1313 ποτε
3478 1260 3523 1291 ⁸⁸
3578 1257 3913 1326 τελουμένης
3968 1255 4049 1325 τῷ

2464 1359 2697 1429 βασιλεῖ,
2732 1357 2824 1411 καὶ
2850 1355 2961 1408 τῶν
2988 1354 3219 1424 πρώτων
3242 1351 3339 1420 τῆς
3370 1347 3564 1417 βουλῆς
3596 1342 4051 1413 συνεστιωμένων

2461 1451 2643 1520 αὐτῷ,
2682 1451 2775 1505 καὶ
2823 1449 2917 1501 τοῦ
2969 1445 3181 1517 δρνιθος
3234 1441 3495 1501 πολλάκις
3548 1438 3929 1507 φθεγγομένου
3993 1436 4055 1486 τὸ

985 1527 1313 1548 _--._-_-,_-
1344 1527 1391 1545 τί
1414 1527 1442 1528 κν
1655 1527 1669 1540 _
1918 1527 1936 1541 _
2246 1527 2255 1531 ,

784 1575 901 1631 avis
947 1591 1010 1630 ea
1054 1588 1175 1642 quae
1206 1572 1345 1624 dicta
1389 1575 1522 1623 sunt
1567 1565 1819 1621 crebrius
1859 1572 2147 1634 repeteret.
2179 1561 2359 1616 aﬂeeti

2483 1542 2796 1614 τρορῤηθὲν,
2828 1536 3330 1605 ἐπιστυγνάσαντες
3364 1535 3414 1585 οἱ
3459 1530 3779 1600 δαιτυμόνες
3823 1530 3920 1581 καὶ
3948 1527 4054 1591 τῆς

2503 1636 2516 1642 -
2619 1635 2630 1642 .
2918 1631 2929 1642 .
3151 1631 3163 1642 .
3216 1628 3230 1642 .
3467 1626 3478 1642 .
3609 1621 3870 1642 tum“.--
3954 1616 4054 1642 ητ-

784 1616 901 1631 -..η
948 1616 1010 1630 υ..
1055 1616 1175 1642 ...ην
1207 1616 1345 1624 ω---
1389 1616 1521 1623 ---η
1573 1616 1814 1621 νηηη-

784 1681 1024 1721 mmrore
1062 1661 1328 1726 convivae,
1374 1659 1656 1727 missaque
1684 1655 1969 1725 epularum
1993 1653 2357 1724 iucunditate,

2483 1635 2698 1705 ιύωχίας
2754 1631 3097 1701 παυσάμενοι
3147 1628 3241 1681 ἐπὶ
3299 1626 3545 1687 συννοίας
3605 1621 3893 1691 ἐκάθηντο.
3954 1616 4056 1681 Οἷς

785 1757 1133 1831 cogitabundi
1166 1755 1447 1811 sedebant.
1482 1751 1737 1807 Animum
1772 1747 2005 1803 advertit
2037 1747 2354 1818 imperator,

2483 1726 2711 1799 ιροσχὼν
2748 1728 2777 1778 ὁ
2817 1723 3071 1794 βασιλεὺς
3117 1720 3216 1791 τὴν
3268 1717 3449 1771 αἰτίαν
3497 1717 3599 1785 τῆς
3651 1713 3759 1766 τῶν
3808 1711 4053 1764 ἐδεστῶν

2608 1821 2634 1831 ..
2727 1818 2740 1831 .
2867 1814 2891 1831 Α
2914 1816 2926 1831 1
3119 1814 3176 1831 nr
3212 1811 3259 1831 οι
3316 1807 3568 1831 e.__--.'.-...
3601 1803 4053 1831 .-._._\_-n1..-.-

785 1803 985 1918 quidve
1022 1861 1206 1902 causa:
1248 1844 1320 1901 sit
1357 1858 1456 1898 cur
1492 1857 1554 1897 se
1587 1856 1615 1894 a
1662 1839 1895 1909 dapibus
1937 1803 2247 1894 abstineant
2288 1853 2354 1891 es

2483 1821 2670 1890 ιποχῆς
2724 1814 3079 1870 ἐπυνθάνετο.
3117 1814 3179 1865 Ol
3209 1811 3265 1865 δὲ
3312 1807 3568 1879 δακρύων
3601 1803 4055 1874 ύππλησθέντες

788 1897 893 1995 ᾗιὶε
921 1939 1135 2008 quaerit.
1160 1936 1236 1992 Illi
1272 1950 1400 1991 vero
1430 1934 1633 2005 oppleti
1664 1932 1939 2003 lacrymis,
1978 1931 2145 1996 Quas,
2183 1931 2357 1992 aiunt.

2483 1914 2587 1975 τοὺς
2622 1909 2956 1981 ὀφθαλμοὺς,
3003 1909 3143 1962 Τίνα
3170 1903 3426 1974 βρῶσιν,
3467 1897 3643 1961 εἶπον,
3680 1897 4052 1966 φανούμεθα,

924 1987 1235 2008 «ι-ν---η
1282 1987 1392 1991 πη
1440 1987 1583 2005 -ηη
1779 1987 1798 2003 ..
1925 1987 1939 1997 .
1982 1987 2017 1996 η
2134 1987 2144 1996 ,
2347 1987 2355 1992 .

785 2034 945 2101 dapes
973 2046 1260 2093 sumemus,
1286 2028 1362 2083 sic
1388 2026 1538 2081 nobis
1561 2025 1913 2094 exprobrante
1930 2024 2087 2076 bruta
2122 2022 2220 2074 hac
2243 2022 2359 2074 ani-

2483 2006 2651 2071 ›ῦτως
2680 2005 2796 2059 ὑπὸ
2830 2000 2937 2069 τῆς
2966 1998 3172 2069 φωνῆς
3204 1996 3309 2051 τοῦ
3342 1994 3567 2061 ἀλόγου
3593 1991 3807 2045 τούτου
3838 1987 4055 2040 ὀνειδι-

790 2136 1001 2192 mante"
1053 2124 1144 2192 qui
1184 2122 1286 2190 ipsi
1337 2119 1548 2189 prazditi
1601 2118 1803 2171 ratione
1858 2117 2067 2184 Iterique
2124 2123 2358 2167 amantes

2483 2096 2689 2165 Ἆμενοι
2720 2098 2775 2149 ol
2807 2094 3129 2158 δοκοῦντες
3162 2088 3334 2158 ἡμεῖς
3374 2086 3607 2155 λογικοί
3646 2101 3709 2137 τε
3752 2082 3849 2136 καί
3878 2086 4057 2151 φιλο-

786 2216 1100 2269 rideamur?
1135 2214 1261 2266 dum
1303 2211 1399 2265 illa
1446 2211 1521 2263 sic
1569 2210 1798 2277 repetitis
1843 2208 2050 2261 vocibus
2086 2206 2359 2259 dominum

2483 2190 2783 2252 iéo’drorm;
2814 2188 2903 2241 ὅτι
2931 2184 3081 2240 αὐτὸ
3115 2183 3233 2253 μὲν
3266 2181 3375 2235 τὸν
3407 2178 3628 2233 οἰκεῖον
3661 2175 4056 2232 ἀνακαλεῖται

790 2308 1132 2367 inclamante.
1168 2322 1261 2359 nos
1294 2305 1442 2374 genio
1483 2302 1809 2373 indulgentes
1835 2300 2064 2355 insontis
2113 2298 2361 2351 dominici

2483 2281 2787 2347 ἲεσπότην,
2838 2277 2923 2351 [Ρ.
2962 2275 3092 2346 216]
3135 2273 3306 2343 ἡμεῖς
3342 2271 3411 2325 δὲ
3451 2269 3796 2340 τρυφῶντες
3853 2267 4058 2333 ,λήθην

788 2399 1037 2466 germinis
1092 2365 1357 2465 prolisque
1404 2410 1585 2447 sumus
1635 2365 1841 2446 obliti?
1897 2390 2166 2461 Siquidem
2224 2390 2363 2443 enim

2483 2373 2571 2426 τοῦ
2616 2372 2701 2440 μὴ
2748 2369 3157 2438 ἀδικήσαντος
3186 2367 3580 2421 δεσποσύνων
3629 2365 3949 2433 ἐλάϐομεν.
3989 2366 4057 2416 El

787 2495 1066 2554 paternum
1109 2466 1201 2553 jus
1238 2484 1462 2536 violasse
1507 2484 1835 2535 convincitur
1862 2492 1911 2535 et
1957 2456 2011 2535 in
2055 2482 2167 2548 ejus
2208 2490 2363 2549 caput

2483 2466 2577 2518 ιὲν
2604 2466 2714 2532 γὰρ
2739 2461 3047 2531 ἐλέγχεται
3072 2458 3297 2516 ἀδικῶν
3326 2460 3422 2514 καί
3450 2458 3603 2513 κατὰ
3627 2457 3735 2525 τῆς
3762 2456 4057 2525 πατρικῆς

790 2578 1062 2630 dexteram
1086 2589 1340 2638 armasse,
1367 2571 1467 2641 ipsi
1491 2589 1582 2625 nos
1614 2588 1788 2625 omnes
1813 2573 1926 2640 ejus
1949 2580 2189 2625 auctores
2226 2572 2363 2623 necis

2483 2555 2742 2626 ιεφαλῆς
2767 2556 3133 2624 εὐτρεπίσας
3158 2553 3275 2621 τὴν
3300 2552 3508 2617 δεξιὰν
3528 2593 3543 2617 ,
3576 2552 3926 2620 αὐτόχειρες
3950 2552 4058 2604 αὺ-

792 2669 1011 2730 crimus,
1045 2664 1298 2733 illiusque
1342 2679 1527 2717 cruore
1559 2662 2007 2716 exsaturabintur.
2060 2660 2152 2716 Sin
2191 2672 2364 2713 autem

2483 2650 2575 2703 τοῦ
2602 2649 2770 2718 ἡμεῖς
2799 2647 3022 2713 πάντες
3046 2646 3361 2715 γενοίμεθα
3389 2643 3490 2698 καί
3534 2642 3643 2697 τοῦ
3673 2644 3925 2711 αἵματος
3950 2644 4058 2694 ai;-

790 2773 971 2811 eorum
1003 2770 1226 2825 quorum
1257 2763 1546 2807 accusatur
1574 2754 1720 2807 nulla
1742 2754 1995 2807 convictio
2026 2763 2101 2806 est
2127 2769 2366 2823 certaque

2483 2744 2575 2796 rei")
2607 2742 3047 2810 κορεσθείημενο
3079 2742 3131 2793 εί
3161 2738 3228 2792 δὲ
3252 2738 3343 2809 ἐφ’
3371 2735 3463 2805 οἷς
3481 2735 3779 2803 ἐνεκλήθη
3809 2734 4056 2803 διαφεύ-

792 2846 1070 2917 probatio,
1125 2843 1506 2914 quamdiunam
1558 2842 1889 2896 calumniosa
1952 2842 2131 2910 lingua
2188 2841 2366 2908 Oppri-

2483 2852 2555 2905 ι-ει
2615 2835 2720 2886 τεν
2771 2833 3063 2901 ἔλεγχον,
3118 2830 3296 2900 μέχρι
3358 2830 3521 2897 τίνος
3578 2830 3618 2897 ἠ
3677 2826 4060 2896 συκοφάντις

795 2940 982 2995 mendo
1025 2938 1353 3008 praepollebit
1378 2939 1404 2992 .’
1447 2936 1759 2993 Istiusmodi
1791 2936 2145 2991 sermonibus
2174 2935 2369 2989 tantis-

2483 2925 2720 2996 Γλὼσσα
2775 2922 3265 2993 δυναμωθήσεται
3326 2920 3455 2975 κατ’
3513 2919 3743 2982 autcf);
3802 2918 4059 2974 Μαλακι-

797 3049 891 3104 per
936 3032 1195 3087 delinitus
1229 3029 1579 3101 imperatoris
1606 3029 1828 3084 animus
1857 3039 1985 3084 tunc
2015 3028 2231 3097 quidem
2281 3041 2369 3079 se-

2483 3019 2621 3081 ςθεὶς
2648 3019 2691 3049 ⁸⁸
2718 3013 2812 3071 οὖν
2837 3020 2945 3080 τοῖς
2977 3014 3241 3079 τοιούτοις
3270 3015 3379 3069 τῶν
3405 3013 3583 3082 λόγων
3603 3015 3632 3067 ὁ
3654 3011 3915 3083 βασιλεὺς
3934 3012 4062 3065 τότε

797 3100 925 3179 dere
947 3138 1043 3179 eos
1065 3122 1247 3195 jussit,
1278 3100 1506 3192 eiusque
1536 3121 1611 3176 rei
1646 3121 1819 3191 gratia
1851 3136 1911 3175 se
1943 3120 2367 3174 deliberaturum

2483 3107 2572 3176 μὲν
2608 3106 2940 3174 καθεσθῆναι
2989 3105 3216 3167 τούτους
3257 3100 3560 3173 προσέταξε
3588 3142 3603 3166 ,
3639 3104 3735 3155 καὶ
3780 3101 4063 3171 σκοπῆσιιι

799 3193 1077 3285 ριόιιιίεἱι.
1110 3212 1221 3268 Nec
1259 3212 1352 3267 diu
1379 3221 1504 3282 post
1532 3212 1598 3266 ad
1636 3212 1872 3265 indolem
1906 3211 2240 3281 geniumque
2280 3226 2368 3264 re-

2483 3202 2601 3271 περὶ
2638 3198 2731 3253 τοῦ
2762 3199 3087 3269 πράγματος
3120 3195 3489 3267 ἐπηγγείλατο
3513 3235 3528 3259 ,
3574 3194 3693 3264 μετ’
3716 3194 3780 3246 οὐ
3820 3193 3959 3247 πολὺ
4007 3194 4062 3245 ζὲ

799 3321 993 3363 versus
1046 3322 1077 3361 e
1133 3320 1357 3361 carcere
1402 3305 1600 3361 educto
1654 3305 1737 3359 sui
1801 3305 1879 3358 illi
1940 3304 2152 3373 copiam
2206 3302 2368 3367 facit,

2483 3296 2610 3362 πρὸς
2634 3291 2732 3361 τὴν
2760 3290 2921 3359 φύσιν
2942 3286 3251 3343 ἐπανελθὼν
3272 3285 3457 3354 ἐξάγει
3483 3301 3544 3337 τε
3568 3284 3669 3355 τῆς
3693 3286 3938 3356 φρουρᾶς
3970 3287 4065 3337 καὶ

802 3398 1124 3469 Iugubrique
1169 3396 1345 3467 ipsius
1382 3405 1594 3451 mutato
1634 3396 1821 3450 habitu
1865 3410 1929 3450 ac
1970 3394 2249 3464 superﬂuo
2279 3410 2372 3449 eo-

2483 3387 2555 3447 εἰς
2573 3383 2697 3451 ὄψιν
2717 3383 2840 3451 ἄγει
2863 3381 3052 3446 αὐτοῦ,
3079 3381 3172 3433 καὶ
3191 3379 3292 3449 τὴν
3316 3378 3581 3446 πένθιμον
3602 3377 3825 3447 ἀμείϐει
3844 3378 4062 3447 στολὴν,

805 3466 904 3544 una:
936 3466 1303 3557 per—tristitia:
1347 3494 1563 3555 tempus
1596 3485 1815 3550 adultae,
1866 3485 2043 3539 levato
2092 3500 2280 3546 onere.
2321 3486 2373 3538 in

2483 3476 2573 3529 καὶ
2602 3474 2663 3527 τὸ
2717 3472 2970 3544 περιττὸν
3008 3473 3107 3543 τῆς
3143 3474 3199 3525 ἐν
3231 3472 3300 3540 τῇ
3346 3469 3492 3540 λύπῃ
3540 3466 3848 3539 τραφείσης
3884 3467 4068 3537 κόμης

802 3580 1097 3649 pristinum
1148 3592 1275 3633 eum
1325 3577 1541 3647 imperii
1593 3576 1820 3648 gradum
1873 3579 2244 3647 honoremque
2287 3592 2375 3632 re-

2483 3567 2897 3638 περιαιρεθῆναι
2931 3564 3181 3627 κελεύει,
3217 3564 3310 3616 καὶ
3340 3562 3440 3633 τὴν
3470 3561 3743 3633 προτέραν
3777 3560 3879 3629 τῆς
3907 3559 4057 3630 βασι-

804 3671 1005 3725 stituit.

2483 3657 2629 3720 λείας
2660 3658 2811 3722 τάξιν
2843 3657 2939 3709 καὶ
2967 3654 3133 3725 τιμὴν
3163 3653 3509 3709 ἀποδίδωσιν.

788 1404 918 1447 tunc
951 1392 1244 1461 imperator
1276 1386 1500 1455 Opipare
1542 1384 1868 1437 instructum
1904 1379 2133 1434 haberet
2163 1378 2358 1434 convi—

786 1484 955 1545 vium,
985 1487 1317 1548 senatusque
1344 1476 1611 1545 primores
1651 1472 1859 1540 pariter
1885 1470 2259 1541 epularentur.
2295 1482 2359 1522 ac

2399 3257 2440 3313 C

877 3760 1002 3815 102.
1068 3757 1177 3814 Nec
1230 3759 1404 3813 multo
1456 3766 1581 3829 post
1619 3757 1673 3811 in
1721 3756 1999 3811 tabilieum
2051 3770 2381 3827 gravemque

808 3853 1060 3907 morbum
1096 3852 1391 3921 imperator
1423 3849 1583 3920 352
1615 3849 1831 3914 incidit,
1879 3848 1973 3918 qui
2012 3864 2076 3902 ex
2116 3848 2381 3917 prolluvio

810 3945 1018 4001 ventris
1043 3944 1357 4008 acciderat;
1382 3941 1528 4011 quod
1555 3941 1732 4010 ipsum
1766 3955 1832 3996 ex
1861 3955 1994 3996 casu
2019 3943 2159 3995 inter
2181 3956 2383 3995 venan-

810 4037 940 4089 dum
980 4033 1113 4088 oriri
1161 4032 1485 4101 contigerat.
1540 4029 1772 4101 Jamque
1819 4032 2081 4101 paulatim
2124 4033 2216 4086 tali
2260 4034 2385 4087 tabe

810 4125 1250 4183 eontabeseebat.
1292 4123 1510 4193 Imperii
1540 4124 1725 4193 itaque
1754 4124 1917 4178 rebus
1939 4124 2142 4192 optima
2174 4124 2386 4178 ratione

811 4217 1118 4286 dispositis,
1155 4213 1557 4283 designatoque
1590 4226 1930 4276 successore,
1968 4227 2069 4267 nec
2118 4227 2228 4267 non
2271 4214 2387 4269 sin-

812 4308 951 4379 gulis
998 4313 1367 4362 consentanea
1416 4304 1623 4359 ratione
1665 4303 1963 4374 solertique
1995 4304 2225 4358 consilio
2257 4320 2389 4359 eon-

2559 3749 2660 3821 ρβ’.
2698 3750 2772 3802 Oti
2802 3748 2938 3800 πολὺ
2971 3747 3031 3800 τὸ
3059 3748 3118 3799 ἐν
3151 3746 3334 3817 μέσῳ,
3365 3744 3463 3798 καὶ
3491 3742 3704 3813 φθινάδι
3727 3743 3873 3812 νόσῳ
3907 3760 4068 3813 περι-

2485 3842 2733 3895 πίπτειὸ
2786 3840 3061 3909 βασιλεὺς,
3096 3840 3161 3890 ἐκ
3207 3836 3488 3910 διαρροίας
3537 3833 4073 3906 παρακολουθησάσῃ

2486 3934 2720 4005 γαστρὸς
2742 3974 2757 3999 ,
2790 3933 2824 4001 ἥ
2856 3932 2956 4003 τὴν
3003 3929 3178 4001 ἀρχὴν
3208 3928 3314 3983 ὑπό
3354 3944 3500 3990 τινος
3550 3925 3661 3979 τῶν
3716 3925 3861 3979 κατὰ
3894 3925 4073 3997 θήραν

2487 4025 2905 4099 παραπτώσεων
2955 4022 3177 4078 ἐλαϐεν·
3225 4020 3322 4075 καὶ
3367 4020 3555 4074 λοιπὸν
3606 4017 3727 4071 κατ’
3776 4016 3962 4085 ὀλίγον
4006 4021 4075 4087 τῇ

2488 4125 2715 4195 τοιαύτῃ
2741 4122 2990 4190 τηκεδόνι
3036 4117 3499 4189 κατεμαραίνετο.
3530 4114 3747 4176 meo;
3775 4114 3832 4167 δὲ
3864 4113 3932 4167 τὰ
3976 4114 4077 4181 τῆς

2493 4217 2772 4287 βασιλείας
2801 4216 3001 4285 άριστα
3034 4213 3243 4265 καὶτὸν
3272 4209 3609 4282 κληρονόμον
3646 4205 3944 4277 γνωρίσας,
3982 4208 4079 4257 καὶ

2493 4307 2759 4379 περὶτῶν
2790 4306 2912 4360 καθ’
2954 4304 3161 4357 ἕκαστα
3195 4303 3265 4354 τὰ
3310 4300 3495 4354 εἰκότα
3544 4296 3980 4367 βουλευσάμενὸς
4016 4311 4080 4348 τι

814 4400 1044 4464 stitutis,
1099 4397 1319 4452 tandem
1357 4394 1524 4451 febris
1566 4396 1855 4451 ardoribus
1896 4396 2210 4451 violentiori
2253 4406 2377 4451 aestu

2497 4402 2594 4455 καὶ
2627 4399 2913 4471 ἐμφρόνως
2945 4396 3351 4467 διορισάμενος,
3391 4391 3617 4462 ὕστερον
3650 4388 3893 4458 πυρετοῦ
3945 4406 4081 4439 καυ-

814 4491 932 4559 ejus
974 4502 1191 4545 omnem
1240 4485 1463 4541 vitalem
1493 4487 1776 4541 bumorem
1834 4486 2281 4544 exhaurientibus
2328 4504 2377 4543 at

2497 4491 2699 4554 σώδους
2755 4488 3155 4557 άναφλεγέντος
3223 4482 3372 4554 αὐτῷ
3429 4483 3611 4535 πᾶσαν
3679 4480 3779 4550 τὴν
3839 4477 4082 4547 ζωτικὴν

816 4581 1271 4637 consumentibus
1302 4579 1411 4659 vita
1441 4579 1700 4642 excessit,
1748 4594 1874 4634 eum
1913 4579 2239 4650 imperasset
2268 4596 2377 4636 curr

2499 4582 2703 4653 ἰκμάδα
2749 4579 3095 4651 άνιμωμένου
3137 4578 3232 4630 καὶ
3276 4574 3662 4634 ἀναλίσκοντος
3691 4572 3787 4623 τὸν
3824 4570 3938 4639 βίον
3972 4571 4082 4622 ἀττ-

818 4671 1076 4728 Micbaele
1110 4671 1232 4740 ejus
1265 4669 1555 4724 decessore
1608 4684 1811 4723 annum
1865 4684 2055 4733 unum,
2100 4670 2240 4724 alios
2266 4685 2377 4724 vert

2496 4672 2649 4725 έλιπε
2677 4710 2692 4737 ,
2740 4665 3183 4739 συμϐασιλεύσας
3228 4665 3329 4735 μὲν
3375 4662 3455 4733 τῷ
3502 4663 3610 4730 πρὸ
3644 4659 3812 4713 αὐτοῦ
3860 4659 4084 4729 Μιχαὴλ

817 4768 1002 4822 decem
1035 4775 1090 4821 et
1142 4778 1337 4819 novem
1392 4763 1545 4819 solus
1580 4778 1764 4818 rerum
1817 4778 2090 4818 summam
2142 4765 2377 4835 praeclari

2496 4763 2687 4833 χρόνον
2714 4760 2831 4824 ἕνα,
2866 4760 2925 4812 ἐν
2956 4758 3165 4829 ἑτέροις
3200 4755 3257 4810 δὲ
3285 4755 3499 4825 χρόνοις
3530 4753 3925 4807 ἐννεακαίδεκα
3956 4755 4086 4823 περὶ

820 4860 1303 4928 administrasset;
1340 4874 1465 4914 eum
1516 4858 1773 4913 civilibus
1816 4858 2020 4929 optime
2061 4859 2394 4924 constitutis,

822 4951 937 5018 ipsa
988 4965 1209 5020 quoque
1263 4959 1475 5006 armata
1528 4950 1721 5004 militia
1765 4950 2029 5019 praeclare
2079 4949 2393 5015 eil'ulsisset,

822 5051 985 5109 atque
1028 5041 1252 5112 imperii
1304 5042 1441 5098 lines
1486 5040 1868 5112 produxisset,
1923 5040 2292 5113 injuriamque
2330 5058 2395 5098 ac

2494 4854 2595 4924 τὴν
2644 4851 3028 4922 αὐτοκράτορα
3070 4848 3170 4918 τῆς
3203 4847 3482 4917 βασιλείας
3525 4845 3834 4914 διαπρέψας
3886 4846 4085 4915 ἀρχὴν,

2496 4946 2694 5015 ἄριστα
2740 4945 2839 5013 μὲν
2876 4943 2947 4995 τά
2992 4940 3249 4994 πολιτικὰ
3277 4937 3521 5002 διαθεὶς,
3573 4936 3839 4989 κάλλιστα
3884 4936 3944 4988 δὲ
3995 4939 4088 4989 καὶ

2504 5035 2727 5108 περὶτὰ
2762 5033 3133 5106 στρατιωτικὰ
3162 5029 3515 5099 διαγεγονὼς,
3548 5029 3641 5082 καὶ
3675 5027 3958 5092 πλατύνας
3993 5029 4090 5098 μὲν

822 5133 932 5185 vim
982 5148 1013 5187 a
1060 5132 1297 5188 subditis
1351 5133 1611 5188 omnibus
1657 5132 1817 5203 longe
1864 5132 2193 5203 repulisset,
2243 5141 2301 5188 ut
2342 5150 2373 5190 e

2501 5129 2571 5183 τὰ
2594 5130 2720 5199 ὅρια
2743 5127 2845 5194 τῆς
2874 5125 3072 5196 ἀρχῆς.
3098 5123 3314 5179 ἀδικίαν
3340 5122 3397 5175 δὲ
3422 5121 3518 5175 καὶ
3546 5119 3668 5191 βίαν
3693 5120 3961 5184 ἐξελάσας
3986 5123 4091 5173 ἀπὺ

826 5223 1021 5278 merito
1063 5224 1413 5282 Homericum
1442 5225 1575 5281 illud
1607 5226 1799 5296 optimi
1821 5225 1993 5296 ιιι-θείς
2026 5226 2081 5281 ίη
2107 5242 2232 5282 eum
2258 5242 2397 5298 qua-

827 5316 947 5370 dret
983 5315 1247 5385 elogium,

1019 5406 1329 5480 Utrumque,
1366 5426 1458 5465 rea:
1488 5411 1651 5466 bonus
1676 5422 1724 5465 et
1756 5412 1909 5481 [ortis
1944 5408 2167 5466 bellator

905 5563 1269 5634 Excepil'pOSt
1292 5580 1416 5619 eum
1454 5581 1635 5621 rerum
1676 5581 1971 5633 summam,
2005 5569 2098 5638 qui
2121 5577 2175 5623 et
2206 5577 2401 5624 natura

834 5658 1057 5726 ipsoque
1120 5658 1334 5711 virtutis
1390 5658 1513 5727 jure
1566 5658 1633 5713 ad
1691 5668 1970 5727 paternam
2027 5659 2401 5716 bIereditatem

2502 5219 2597 5274 τοῦ
2642 5218 2883 5287 ὑπηκόου
2929 5215 3167 5280 παντὸς,
3208 5214 3285 5278 ὡς
3314 5214 3412 5267 καὶ
3444 5214 3544 5283 τὴν
3604 5212 3917 5283 Ὁμηρικὴν
3965 5216 4093 5279 περὶ

2507 5312 2600 5367 τοῦ
2622 5312 2842 5381 ἀρίστου
2869 5307 3135 5378 βασιλέως
3160 5305 3467 5378 μαρτυρίαν
3486 5303 3755 5375 ἁρμόζειν
3774 5303 3951 5374 αὐτῷ,
3970 5305 4089 5375 τὴν,

2595 5401 2977 5475 Ἀμφότερον,
3011 5398 3314 5467 ,Βασιλεύς
3368 5397 3416 5452 τ’
3446 5396 3693 5468 ἀγαθὸς,
3716 5398 4089 5475 κρατερός-τ’

3772 5466 4087 5535 αίχμητής.

2585 5568 2896 5638 Διαδέχεται
2928 5566 2984 5618 δὲ
3028 5565 3127 5635 τὴν
3156 5563 3285 5632 ὅλην
3331 5562 3430 5632 τῆς
3463 5560 3713 5627 ἐξουσίας
3742 5560 3925 5631 ἀρχὴν
3946 5563 3974 5614 ὁ
4005 5562 4090 5613 καὶ

2518 5663 2666 5733 παρᾶ
2713 5660 2811 5728 τῆς
2851 5659 3065 5729 φύσεως
3116 5658 3207 5709 καὶ
3258 5655 3408 5725 παρὰ
3459 5653 3558 5724 τῆς
3609 5652 3813 5723 ἀρετῆς
3861 5654 3955 5706 ἐπὶ
4004 5653 4090 5709 τὸν

2122 5775 2363 5833 ΥΜΚΙΑΞ
2408 5769 2816 5832 LECTIONES.

925 5870 968 5901 "
1003 5869 1056 5921 δὲ
1084 5871 1203 5923 τότε
1230 5870 1286 5924 Ρ.
1397 5873 1434 5902 ⁸⁵
1457 5871 1760 5942 μαλαχθεὶς
1803 5873 1866 5925 Α.
