4154 6446
826 387 922 450 3⁸ῖὶ

1908 387 2409 447 THEOPHANES
2440 386 2995 448 CONTINUATUS.

3981 380 4074 443 372

826 519 1017 556 mnncs
1050 500 1240 557 incolae
1278 517 1341 557 ac
1374 506 1521 557 cives
1552 504 1622 557 ab
1651 501 1916 572 Agarenis
1945 501 2098 556 ducti
2132 517 2187 554 tn
2223 502 2399 569 capti-

2512 502 3001 572 ᾐχμαλωτίσθησαν
3059 498 3163 552 ὑπὸ
3214 498 3322 549 τῶν
3396 494 3713 565 Ἀγαρηνῶν
3774 492 3974 553 πάντες
4034 495 4075 543 οἱ

829 595 1075 648 vitalem.
1138 594 1239 648 Sed
1274 605 1329 648 et
1355 594 1558 664 ingenti
1596 608 1762 662 pr0pe
1793 591 2028 662 SOphias
2054 592 2294 647 excitato
2316 593 2398 645 in-

825 684 1042 747 cendio,
1075 683 1190 752 ipsa
1223 697 1439 753 quoque
1467 682 1526 737 S.
1563 684 1788 737 Thomas
1816 683 2050 753 apostoli
2075 697 2227 737 sacra
2250 683 2398 736 aedes

831 775 1102 836 ambusta,
1135 789 1299 843 quam
1332 773 1441 829 Leo
1476 776 1773 842 imperator
1814 776 2160 845 postmndum
2190 772 2398 842 magni-

832 863 928 915 tice.
958 862 1306 917 instaura-vit.

898 952 954 1007 5.
974 953 1153 1008 Missis
1178 955 1470 1023 imperator
1484 954 1801 1011 Euehaitam
1822 956 2402 1026 apparitoribusTheo—

826 1044 1024 1101 dorum
1042 1044 1478 1101 Santabarenum
1495 1048 1549 1102 in
1568 1049 1757 1103 urbem
1779 1049 2258 1104 induxit.Andreas
2271 1064 2400 1103 vero

829 1137 1140 1191 scholarum
1170 1137 1509 1193 domesticus
1531 1148 1585 1193 et
1612 1138 1922 1208 Stephanus
1949 1142 2208 1210 magister
2240 1141 2402 1195 Calo-

832 1229 1019 1283 maria:
1045 1230 1250 1295 dictus,
1282 1230 1465 1286 multis
1488 1231 1618 1284 olim
1645 1230 1788 1300 apud
1832 1229 2092 1285 Basilium
2139 1247 2170 1286 a
2202 1230 2401 1285 Santa-

830 1322 1038 1376 bareno
1052 1322 1201 1391 petiti
1221 1323 1866 1388 accusationibus,Leoni
1886 1333 2185 1395 suggerunt
2204 1324 2255 1379 id
2270 1322 2405 1378 Pho«

832 1414 907 1467 tio
923 1430 987 1467 ac
1007 1413 1294 1469 Theodoro
1317 1415 1483 1472 fuisse
1498 1418 1879 1481 constitutum,
1911 1428 1969 1472 nt
2017 1419 2403 1486 imperatorem

829 1518 894 1556 es
912 1501 1087 1558 Photii
1103 1514 1259 1575 gente
1271 1506 1497 1575 ejusque
1514 1507 1757 1574 cognatis
1768 1504 2063 1560 crearentJ
2072 1506 2207 1560 ussit
2222 1506 2406 1574 itaque

831 1595 1148 1662 imperator.
1169 1596 1467 1664 ambosque
1494 1596 1558 1647 ad
1581 1595 1757 1665 regias
1786 1595 1840 1648 in
1872 1595 2031 1666 Pegis
2049 1594 2195 1649 aedes
2229 1593 2405 1648 addu-

830 1695 951 1742 ctos
989 1686 1150 1758 355
1195 1688 1248 1741 in
1280 1703 1378 1742 sua
1408 1703 1684 1758 quemque
1743 1688 1998 1743 custodia
2049 1702 2408 1758 seorsumque

833 1780 1039 1834 servari
1076 1778 1353 1849 praecepit.
1419 1777 1570 1834 Missi
1608 1780 1919 1849 cognitores
1949 1781 2190 1849 capitum
2238 1795 2406 1836 accu-

2504 593 2883 653 κατοικοῦντες
2920 594 2976 644 ὲν
3012 592 3173 660 αὐτῇ.
3206 589 3399 657 Γέγονε
3440 589 3495 641 δὲ
3525 588 3618 641 καὶ
3650 587 3820 653 μέγας
3859 586 4073 653 ἐμπρη-

2504 686 2638 755 σμὸς
2666 685 2895 754 πλησίον
2922 682 3027 734 τῶν
3055 680 3263 748 Σοφιῶν
3285 721 3299 745 ,
3323 679 3418 732 καί⁵
3450 675 3761 747 ἐνεπρήσθη
3793 678 3886 727 καὶ
3906 676 3935 726 ὁ
3961 672 4077 734 va’;

2503 776 2598 831 τοῦ
2649 777 2833 843 Ἀγίου
2888 773 3213 827 Ἀποστόλου
3257 772 3451 840 Θωμᾶ,
3486 769 3545 822 ὂν
3576 772 3605 822 ὀ
3640 767 3893 838 βασιλεὺς
3938 766 4078 818 Λέων

2505 869 2774 939 λαμπρῶς
2800 866 3165 920 ἀνεκαίνισεν.

2577 959 2639 1013 ε’.
2682 957 3033 1019 Ἀποστείλας
3062 956 3118 1008 δὲ
3144 957 3172 1007 ὁ
3199 953 3453 1023 βασιλεὺς
3480 951 3559 1012 είς
3584 949 3859 1018 Εὑχαῖταν
3886 946 4080 1000 Θεόδω-

2509 1069 2603 1123 ρον
2630 1051 2722 1103 τὸν
2756 1047 3169 1118 Σανδαὸαρηνδν
3200 1047 3257 1098 ὲν
3302 1046 3368 1113 τῇ
3407 1041 3560 1094 πόλει
3604 1040 3922 1105 εἰσήγαγεν.
3972 1038 4074 1089 ‘Av.

2506 1144 2673 1213 δρέας
2703 1142 2760 1195 δὲ
2792 1144 2820 1194 ὁ
2863 1140 3184 1208 δομέστικος
3224 1137 3335 1189 τῶν
3379 1133 3589 1203 σχολῶν
3635 1132 3730 1184 καὶ
3762 1129 4083 1195 Στέφανοςό

2512 1237 2814 1306 μάγιττρος
2841 1234 2939 1302 τῆς
2970 1231 3350 1301 Καλομαρίας,
3379 1229 3427 1280 οἱ
3452 1225 3623 1278 πολλὰ
3652 1224 3788 1294 πρὸς
3813 1222 4085 1275 Βασίλειον

2508 1324 2886 1394 διαϐληθέντες
2927 1322 3035 1375 ὑπὸ
3078 1322 3173 1374 τοῦ
3229 1316 3647 1388 Σανδαὸαρηνοῦ
3670 1357 3684 1381 ,
3716 1315 3984 1368 ὑπέθεντο
4019 1311 4085 1380 τῷ

2513 1418 2723 1489 βασιλεῖ
2753 1418 2829 1478 ὡς
2875 1413 3159 1485 βουληθεὶς
3190 1413 3236 1444 δ’
3269 1410 3473 1472 Φώτιὸς
3507 1426 3565 1461 τε
3617 1409 3711 1461 καὶ
3741 1408 4021 1477 Θεόδωρος
4064 1407 4086 1455 ὁ

2511 1507 2927 1579 Σανδαδαρηνδς
2983 1505 3207 1576 βασιλέα
3259 1505 3324 1555 ἐκ
3372 1500 3651 1568 συγγενῶν
3678 1498 3885 1551 Φωτίου
3935 1496 4086 1563 ποιή-

2515 1600 2731 1656 σασθαι.
2777 1596 3085 1668 Προσέταξε
3139 1596 3195 1649 δὲ
3245 1596 3273 1647 ὁ
3342 1594 3589 1663 βασιλεὺς
3618 1633 3633 1657 ,
3679 1591 3772 1644 καὶ
3822 1590 3994 1659 apem
4040 1590 4089 1638 ἐν

2512 1696 2627 1755 τοῖς
2669 1690 2952 1751 παλατίοις
2995 1690 3201 1758 ἧγαγον
3234 1687 3342 1738 τῶν
3374 1684 3595 1753 Πηγῶν,
3630 1683 3725 1735 καὶ
3787 1681 3896 1751 ἰδίᾳ
3928 1694 4088 1747 φρου-

2516 1784 2731 1856 ρεῖσθαι
2778 1780 3181 1834 διεκελεύσατο.
3236 1777 3653 1845 Ἀπεστάλησαν
3686 1774 3742 1825 δὲ
3784 1770 4087 1839 διαγνώμο-

832 1871 1088 1935 sationis,
1134 1876 1399 1939 magisler
1441 1871 1557 1942 ipse
1602 1873 1914 1941 Stephanus
1947 1883 1999 1927 et
2031 1873 2278 1927 Andreas
2309 1872 2408 1925 do—

2512 1895 2599 1940 νες
2638 1876 2746 1928 τῶν
2795 1891 2897 1926 κατ
2968 1870 3148 1925 αὐτῶν
3182 1871 3516 1939 κινουμένων
3552 1867 3715 1929 αὐτός
3758 1882 3815 1917 τε
3853 1866 3881 1916 ὁ
3924 1864 4089 1933 μαγι-

833 1966 1095 2019 mesticus
1126 1972 1179 2018 et
1212 1962 1472 2018 Craterus
1500 1975 1553 2017 et
1581 1961 1788 2019 Gumer
1819 1964 2028 2032 patricii
2078 1974 2132 2017 et
2172 1962 2411 2017 Joannes

835 2055 1199 2127 llagiopohta.
1220 2057 1470 2112 Adducto
1500 2057 1683 2126 itaque
1700 2058 2008 2126 patriarcha
2034 2057 2248 2125 Photio,
2280 2066 2333 2112 et
2354 2059 2408 2111 in

833 2151 961 2205 sede
1023 2156 1338 2204 reverenter
1405 2149 1695 2213 collocato,
1749 2150 1853 2219 ipsi
1901 2164 2118 2220 quoque
2161 2151 2411 2206 sedentes

834 2259 1022 2297 causa:
1064 2258 1291 2297 examen
1345 2243 1660 2298 instituunt.
1730 2242 1885 2297 Tunc
1918 2243 2165 2299 Andreas
2219 2243 2409 2297 dome-

833 2335 1010 2389 sticus
1052 2334 1382 2403 patriarcha:
1432 2335 1587 2388 inﬁt:
1650 2333 1834 2398 Nosti,
1884 2337 2113 2398 domine,
2168 2335 2410 2388 abbatem

839 2423 1214 2479 Theodorum?
1243 2422 1345 2477 Cui
1375 2424 1494 2478 ille:
1526 2425 1778 2478 Abbatem
1805 2424 2133 2478 Theodorum
2163 2440 2265 2477 non
2323 2438 2411 2476 co-

834 2532 1043 2585 gncsco.
1078 2518 1169 2571 Ait
1196 2516 1442 2571 Andreas
1475 2535 1487 2571 :
1516 2516 1844 2571 Theodorum
1878 2519 2119 2572 abbatem
2147 2516 2412 2571 Santaba-

836 2625 1018 2662 renum
1059 2626 1161 2662 non
1192 2610 1373 2662 nosti?
1414 2607 1513 2664 Cui
1546 2609 1853 2677 patriarcha
1889 2626 1902 2661 :
1948 2608 2273 2663 Theodorum
2296 2624 2411 2662 mo-

837 2701 1063 2753 nac/tum
1092 2698 1519 2754 Santabarenum
1549 2698 1940 2753 Euchaitarum
1959 2701 2411 2768 archiepiscopum

836 2808 1108 2862 cognosco.
1152 2790 1289 2845 Tum
1341 2789 1721 2848 Santabareno
1776 2790 1829 2846 in
1877 2791 2113 2847 medium
2150 2791 2409 2857 adducto,

836 2884 914 2939 ait
947 2884 1012 2938 ad
1046 2898 1168 2937 eum
1194 2883 1490 2937 Andreas:
1550 2882 1776 2937 Mandat
1819 2886 1912 2937 tibi
1955 2885 2265 2953 imperator.
2322 2884 2413 2937 ubi

835 2986 957 3030 sunt
971 2976 1174 3045 imperii
1200 2976 1299 3029 mei
1318 2977 1552 3045 pecuniw
1575 2977 1809 3044 bonaque
1828 2987 1876 3030 et
1900 2978 2161 3045 supellex?
2180 2977 2406 3033 Aitille:

842 3066 942 3120 Ubi
986 3066 1083 3120 illa
1113 3066 1286 3130 dedit,
1331 3067 1420 3134 qui
1463 3081 1557 3134 pro
1598 3078 1827 3136 tempore
1878 3069 2157 3137 imperium
2227 3071 2404 3139 gessit.

2513 1988 2673 2041 στρος
2721 1971 2988 2038 Στέφανος
3036 1966 3129 2017 καὶ
3182 1966 3210 2017 ὁ
3243 1962 3565 2031 δομέστικος
3628 1958 3885 2027 Ἀνδρέας
3919 1956 4017 2009 καὶ
4064 1956 4088 2006 ὁ

2511 2063 2790 2133 Κρατερὸς
2828 2062 2921 2113 καὶ
2959 2062 2988 2112 ὁ
3030 2058 3245 2126 Γοῦμερ
3282 2054 3561 2123 πατρίκιοι
3628 2053 3726 2105 καὶ
3766 2050 4024 2117 Ἰωάννης
4064 2047 4091 2099 ὁ

2523 2153 2917 2224 Ἀγιοπολίτης.
2964 2151 3289 2218 Ἀγαγόντες
3320 2142 3413 2200 οὖν
3442 2146 3537 2197 τὸν
3584 2143 3935 2212 πατριάρχην
3978 2139 4089 2192 Φώ-

2511 2261 2623 2297 τιον
2657 2244 2747 2295 καὶ
2783 2242 2873 2292 ἐπὶ
2905 2241 3098 2308 θρόνου
3134 2236 3369 2305 ἐντίμως
3404 2234 3751 2294 καθίσαντες,
3787 2234 3884 2284 καὶ
3943 2228 4091 2283 αὐτοὶ

2512 2333 2887 2393 καθεσθέντες,
2920 2329 3018 2399 τὴν
3046 2327 3291 2392 ἐξέτασιν
3314 2326 3617 2379 ἐποιοῦντο.
3669 2322 3729 2376 Ὀ
3750 2323 3805 2376 δὲ
3842 2321 4090 2391 δομέστι-

2511 2443 2604 2488 κος
2642 2425 2892 2493 Ἀνδρέας
2959 2421 3064 2491 ἔφη
3109 2419 3189 2490 τῷ
3247 2419 3565 2489 πατριάρχῃ
3595 2433 3607 2445 ·
3645 2418 3694 2469 Γ
3696 2412 3957 2481 νωρίζεις
3983 2454 3998 2474 ,
4049 2406 4091 2465 ὧ

2510 2517 2796 2577 δέσποτα,
2816 2513 3004 2569 ἁϐϐᾶν
3034 2512 3370 2580 Θεόδωρον;
3408 2511 3465 2563 Ὀ
3487 2509 3565 2569 δὲ,
3602 2506 3822 2561 Ἀὅδᾶν
3854 2508 3927 2559 οὐ
3954 2523 4092 2573 γνω-

2505 2611 2642 2679 ρὶζὶυ
2671 2610 2993 2676 Θεόδωρον.
3048 2608 3106 2661 Ὀ
3155 2608 3213 2660 δὲ
3280 2604 3571 2675 Ἀνδρέας·
3631 2602 3742 2656 Τὸν
3782 2599 3977 2655 ἁϐὅᾱν
4025 2600 4092 2652 οὐ

2513 2704 2809 2774 γνωρίζεις
2853 2700 3157 2768 Θεόδωρον
3210 2700 3320 2752 τὸν
3361 2697 3863 2764 Σανδα6αρηνόν;
3921 2694 4034 2746 Καὶ
4068 2692 4095 2742 ὁ

2513 2797 2858 2868 πατριάρχης
2892 2810 2906 2823 ⁸
2967 2790 3231 2861 Γνωρίζω
3299 2791 3407 2846 τὸν
3459 2789 3734 2859 μοναχὸν
3790 2785 4093 2853 Θεόδωρον

2512 2889 2995 2956 ἀρχιεπίσκοπον
3044 2885 3191 2937 ὄντα
3244 2884 3579 2952 Εὑχαΐτων.
3630 2880 3975 2948 Ἑνεχθέντος
4041 2875 4095 2927 δὲ

2511 2980 2606 3034 τοῦ
2649 2974 3087 3048 Σανδαόαρηνοῦ,
3116 2976 3259 3042 λέγει
3280 2974 3415 3044 πρὸς
3443 2974 3604 3026 αὑτὸν
3631 2973 3659 3024 ὁ
3701 2972 3957 3040 Ἀνδρέας
3985 2985 4000 2997 ·
4043 2968 4094 3019 ’0

2505 3072 2807 3136 βασιλεὺς
2860 3086 2959 3123 σοι
3008 3066 3224 3136 δηλοῖ·
3272 3064 3395 3119 Ποῦ
3439 3068 3557 3118 εἱσι
3591 3066 3663 3116 τὰ
3704 3062 3979 3131 χρήματα
4003 3058 4095 3112 καὶ

840 3156 996 3211 Nunc
1028 3166 1205 3211 autem
1240 3158 1491 3228 quoniam
1531 3156 1642 3210 Iuec
1690 3160 1979 3226 imperator
2018 3160 2230 3228 quaerit,
2286 3158 2407 3213 licet

2516 3163 2612 3236 [P.
2636 3161 2764 3233 219]
2790 3161 2862 3215 τὰ
2893 3160 3207 3229 πράγματα
3238 3159 3348 3225 τῆς
3374 3159 3699 3223 ,βασιλείας
3740 3170 3895 3223 patr;
3959 3153 4017 3204 ὐ
4041 3151 4098 3203 δὲ

833 3249 917 3303 illi
943 3265 1003 3303 ea
1025 3249 1271 3317 recipere.
1306 3247 1463 3303 Tunc
1496 3250 1742 3304 Andreas
1774 3266 1787 3302 :
1850 3248 1943 3302 llic
1968 3266 2085 3315 oro,
2135 3266 2287 3320 quem
2321 3267 2411 3304 vo-

836 3338 989 3392 luisti
1039 3338 1409 3406 imperatorem
1468 3338 1663 3405 facere,
1719 3354 1837 3391 cum
1888 3339 2225 3407 imperatoris
2271 3340 2413 3406 patri

838 3436 1025 3481 auctor
1077 3442 1215 3480 esses
1254 3434 1313 3478 ut
1360 3426 1534 3495 ﬁlium
1594 3427 1760 3480 oculis
1820 3428 2071 3481 orbaret?
2142 3444 2264 3481 num
2319 3428 2414 3481 tibi

836 3518 1110 3589 sanguinis
1150 3519 1562 3572 neccessitudine
1582 3518 1939 3587 conjunctum,
1964 3537 2033 3573 an
2067 3521 2415 3589 patriarchae?

839 3610 1140 3680 Respondit
1170 3612 1260 3666 ille
1290 3609 1473 3674 :Htec,
1498 3627 1614 3680 qua:
1640 3613 1763 3664 mihi
1781 3611 2007 3675 obiicitis
2039 3614 2264 3665 crimina
2321 3630 2411 3666 ne-

839 3706 972 3758 scio.
1022 3704 1101 3757 Ad
1156 3719 1319 3774 quem
1371 3704 1629 3773 magister
1659 3701 2003 3772 Stephanus:
2063 3704 2409 3775 Ecquomodo

836 3797 1145 3865 imperatori
1178 3796 1493 3866 signiﬁcasti
1543 3807 1591 3851 te
1633 3798 1993 3862 patriarchum
2035 3799 2148 3868 ejus
2202 3800 2412 3855 sceleris

841 3904 987 3943 reum
1019 3889 1404 3957 peracturum?
1436 3888 1556 3942 Mox
1587 3889 1700 3955 ille,
1732 3890 1885 3944 hisre
1909 3891 2135 3956 auditis,
2178 3894 2412 3963 patriar-

837 3982 954 4035 clue
999 3981 1230 4051 pedibus
1279 3981 1612 4037 advolutus:
1656 3980 1905 4036 Obtestor
1956 3992 2024 4047 te,
2057 3984 2287 4049 domine,
2320 4002 2413 4055 per

837 4072 1031 4138 Deum,
1062 4073 1158 4137 ait,
1184 4083 1241 4127 ut
1268 4091 1346 4129 me
1368 4075 1515 4141 prius
1537 4074 1757 4143 dejicias
1786 4092 1847 4127 ac
1874 4086 2178 4129 exauctores
2202 4088 2413 4147 tumque

838 4168 894 4218 in
923 4181 1002 4218 me
1032 4166 1176 4219 omni
1203 4167 1501 4220 sacerdotio
1540 4167 1819 4231 nudatum,
1850 4180 1905 4221 ut
1941 4169 2261 4235 maleﬁcum,
2291 4172 2411 4223 ani-

838 4257 1191 4311 madvertant.
1247 4255 1359 4310 Nec
1390 4258 1531 4310 enim
1586 4259 1847 4325 ejusmodi
1913 4259 2119 4328 aliquid
2178 4276 2410 4329 unqnam

836 4347 1145 4414 imperatori
1176 4346 1363 4399 detuli.
1395 4348 1531 4399 Tum
1549 4347 1713 4417 356
1732 4348 2041 4416 patriarcha
2077 4367 2090 4402 :
2122 4349 2227 4402 Per
2260 4350 2409 4403 salu-

839 4450 941 4491 tent
973 4440 1318 4502 aninuentew,
1348 4440 1555 4493 domine
1582 4439 1864 4504 Theodore,
1893 4440 2308 4510 archiepiscopus
2332 4459 2408 4508 es,

2519 3257 2626 3324 ἔφη
2668 3271 2683 3285 ·
2722 3257 2915 3308 Ὅπου
2969 3253 3231 3306 δέδωκεν
3259 3252 3411 3305 αὐτὰ
3461 3254 3493 3304 ό
3524 3249 3673 3303 κατὰ
3710 3248 3827 3313 τὴν
3871 3244 4099 3314 ἡμέραν

2510 3346 2846 3410 βασιλεύς-⁸
2880 3343 3086 3412 νῦνῖδὲ
3125 3343 3253 3396 ἐπεὶ
3273 3341 3457 3395 ταῦτα
3486 3343 3517 3394 d
3557 3337 3855 3403 ,ϐασιλεὺς
3903 3335 4097 3403 ζητεῖ,

2515 3436 2807 3498 ἐξουσίαν
2866 3432 2991 3501 ἔχει
3042 3432 3148 3486 τοῦ
3193 3430 3600 3485 ἀναλαϐέσθαι
3650 3427 3825 3482 αὑτά.
3883 3427 3997 3479 Καὶ
4070 3426 4099 3476 ὁ

2528 3527 2783 3596 Ἀνδρέας
2814 3541 2826 3553 ·
2889 3524 3038 3579 Εἰπὲ
3059 3564 3074 3585 ,
3106 3524 3241 3576 τίνα
3267 3522 3595 3576 ἐόουλεύου
3624 3518 3887 3583 ,ϐασιλέα
3926 3514 4097 3581 ποιῆ-

2514 3635 2618 3672 σαι
2648 3616 2729 3682 τῷ
2767 3616 2942 3682 πατρί
2975 3616 3079 3669 τοῦ
3102 3615 3409 3679 βασιλέως
3430 3613 3673 3677 ὑποθεὶς
3699 3610 3838 3675 τοὺς
3874 3611 4102 3678 ὀρθαὶ-

2510 3708 2666 3777 μοὺς
2703 3708 2810 3760 τὸν
2843 3707 2997 3760 ἴδιον
3039 3704 3450 3771 ἀποστερῆσαι
3478 3703 3644 3765 υἰόν;
3681 3703 3798 3756 σὸν
3828 3700 4099 3771 contr-ﬁ

2513 3802 2551 3868 ἢ
2578 3801 2683 3855 τοῦ
2718 3798 3124 3868 πατριάρχου;
3174 3798 3231 3850 Ὀ
3254 3797 3311 3850 δὲ
3343 3793 3499 3850 εἶπεν
3536 3813 3550 3828 ο
3582 3798 3702 3849 Οὐκ
3735 3792 3871 3848 οἶδα
3908 3794 4103 3849 ταῦτα

2514 3895 2648 3961 περὶ
2678 3888 2766 3946 ὧν
2805 3911 2907 3962 μοι
2937 3890 3340 3960 κακηγορεῖτε.
3372 3890 3535 3956 Λέγει
3568 3884 3663 3942 οὖν
3714 3888 3744 3939 ὁ
3795 3886 4104 3956 μάγιστρος

2516 3988 2787 4053 Στέφανος
2819 4000 2833 4014 ·
2901 3983 3023 4041 Καὶ,
3091 3981 3217 4048 πῶς
3277 3981 3616 4050 ’ἐμήνυσας
3692 3978 3773 4044 τῷ
3847 3977 4109 4043 βασιλεῖ

2512 4078 2783 4146 ἐλέγξειν
2810 4076 2941 4143 περὶ
2972 4076 3188 4128 τούτου
3210 4073 3320 4127 τὸν
3342 4072 3745 4140 πατριάρχην;
3786 4070 3844 4123 '0
3866 4070 3924 4123 δὲ
3960 4087 4106 4136 παρ-

2514 4172 2643 4224 ευθὺ
2682 4172 2793 4231 τοῖς
2834 4170 2961 4221 ποσὶ
3006 4168 3104 4220 τοῦ
3138 4167 3481 4239 πατριάρχου
3513 4165 3844 4235 προσπεσὼν
3887 4160 4050 4216 εἶπεν
4086 4181 4103 4195 θ

2524 4263 2750 4332 Ὁρκίζω
2772 4280 2864 4325 σε,
2918 4261 3203 4327 δέσποτα,
3239 4260 3389 4314 κατὰ
3413 4260 3518 4313 τοῦ
3557 4257 3706 4312 Θεοῦ
3745 4258 3847 4311 ἵνα
3888 4258 4107 4325 πρότε-

2505 4357 2622 4422 ρόν
2650 4371 2726 4422 με
2768 4352 3159 4420 καθιιιρήσῃς,
3220 4350 3320 4403 καὶ
3368 4353 3503 4403 τότε
3556 4350 3787 4419 γυμνόν
3830 4364 3908 4416 με
3955 4348 4108 4400 ὄντα

2512 4448 2842 4515 ἱερωσύνης
2877 4446 2957 4510 ὠς
2980 4444 3315 4511 κακοῦργον
3345 4443 3489 4494 ὄντα
3518 4440 3939 4501 κολαζέτωσαν
3976 4457 3991 4468 ·
4026 4442 4105 4491 οὐ

838 4544 948 4586 tum
978 4532 1033 4585 in
1061 4532 1255 4586 swculo
1284 4532 1380 4584 hoc
1420 4543 1528 4585 tum
1570 4534 1621 4585 in
1652 4534 1854 4601 futuro.
1904 4534 1985 4588 Ad
2024 4535 2140 4589 haec
2164 4535 2409 4590 Andreas

2518 4543 2629 4611 γὰρ
2701 4541 2943 4593 τοιαῦτα
2974 4538 3053 4603 τῷ
3090 4537 3344 4602 ,ϐασιλεῖ
3392 4536 3696 4603 ἐδήλωσα.
3756 4535 3814 4588 ’0
3867 4535 3929 4588 δὲ
3994 4553 4107 4587 πα-

838 4624 918 4677 ira
939 4624 1189 4678 concitus
1215 4641 1227 4676 :
1258 4622 1447 4677 Nonne
1466 4641 1576 4677 meo
1604 4626 1769 4693 ipsius
1790 4641 1899 4690 ore,
1920 4625 2077 4688 abba,
2097 4626 2211 4695 ejus
2238 4636 2285 4680 te
2304 4628 2412 4680 cri-

837 4715 997 4768 minis
1049 4730 1195 4767 reum
1240 4726 1578 4784 peracturum
1614 4716 1861 4769 Pltotium
1912 4718 2265 4787 signiﬁcasti?
2313 4720 2413 4775 Cui

838 4808 930 4861 ille
957 4823 1152 4861 rursus
1187 4808 1331 4863 scire
1360 4825 1418 4862 se
1450 4810 1655 4878 aliquid
1688 4810 1923 4880 negavit.
1971 4809 2197 4867 Reversi
2231 4810 2416 4882 itaque

837 4902 1096 4955 nuntiant
1144 4916 1266 4971 qua:
1317 4902 1408 4954 illa
1473 4903 1790 4974 cognitione
1834 4914 2020 4957 essent
2074 4904 2411 4959 interlocuti.

836 4991 1135 5062 imperator
1171 4995 1247 5047 ira
1281 4995 1520 5063 percitus
1555 4995 1854 5066 eti'reniqne
1904 4995 2090 5052 furore
2122 4998 2410 5061 subactus,

840 5093 901 5138 ut
929 5085 1023 5151 qui
1052 5086 1329 5154 probabile
1359 5087 1622 5142 adversus
1654 5090 2023 5157 patriarcham
2052 5090 2257 5144 crimen
2294 5090 2414 5144 nul-

836 5175 952 5230 lum
986 5186 1180 5231 nactus
1244 5186 1416 5244 esset,
1464 5178 1905 5235 Santabarcnum
1963 5180 2163 5235 acriter
2224 5181 2416 5235 verbe-

837 5267 946 5320 rari
976 5267 1152 5335 jubet,
1186 5277 1410 5338 tumque
1440 5270 1667 5325 Athenis
1688 5272 1959 5326 exsulare.
1981 5270 2108 5326 Post
2132 5287 2256 5327 eum
2288 5287 2415 5327 vero

841 5359 1065 5414 mittens
1102 5361 1277 5416 oculis
1305 5362 1594 5417 orbavitet
1633 5364 1687 5418 in
1721 5365 1910 5419 Asiam
1950 5366 2233 5435 relegavit.
2270 5364 2412 5420 Mul-

839 5451 909 5505 tis
935 5461 1112 5506 autem
1166 5456 1370 5510 exactis
1401 5458 1562 5511 annis
1613 5458 1682 5510 ab
1722 5458 1917 5512 exsilio
1982 5468 2299 5513 revocatum
2355 5460 2409 5513 in

838 5542 1028 5598 urbem
1091 5542 1322 5609 induxit,
1381 5562 1740 5621 annonasque
1798 5550 1870 5603 illi
1906 5564 1971 5604 ex
2023 5548 2189 5605 Nova:
2224 5551 2407 5606 eccle-

2511 4636 2785 4707 τριὰρχης
2833 4634 2936 4703 ἔφη
2972 4650 2985 4663 ’
3026 4631 3120 4686 Μὰ
3176 4631 3290 4698 τὴν
3335 4630 3635 4697 σωτηρίαν
3664 4627 3816 4697 ἐμῆς
3861 4626 4107 4695 ψυχῆς,

2513 4729 2654 4793 κῦρι
2686 4726 2977 4792 Θεόδωρε,
3025 4724 3498 4791 ἀρχιεπίσκοπος
3528 4717 3584 4774 εἶ
3606 4721 3705 4774 καὶ
3756 4722 3828 4774 ἐν
3868 4719 3955 4784 τῷ
3984 4720 4111 4773 νῦν

2512 4820 2681 4873 αἰῶνι
2708 4818 2806 4871 καὶ
2854 4819 2922 4869 ἐν
2962 4815 3041 4881 τῷ
3071 4814 3382 4885 μέλλοντι.
3410 4812 3696 4880 Θυμωθεὶς
3724 4810 3816 4864 οὖν
3845 4813 3941 4864 ἐπὶ
3970 4810 4107 4863 τοὺ-

2511 4929 2624 4974 τοις
2676 4909 2926 4977 Ἀνδρέας
2964 4908 3067 4977 ἔφη
3103 4923 3116 4936 ⁶
3150 4906 3258 4961 Καὶ
3295 4908 3408 4959 οὐκ
3448 4903 3783 4971 ἐμήνυσας,
3816 4902 3992 4966 ἁόὄᾶ,
4020 4921 4111 4968 τῳ

2510 5001 2766 5068 ,ϐασιλεῖ
2799 5000 2875 5054 δι’
2910 4999 3056 5069 ἐμοῦ
3091 4999 3193 5051 ἵνα
3239 4998 3310 5050 ἐν
3360 4998 3550 5059 τούτῳ
3583 4996 3689 5050 τὸν
3724 4995 4113 5064 πατριάρχην

2514 5094 2801 5163 ἐλέγξῃς;
2862 5092 2922 5144 '0
2949 5092 3006 5144 δὲ
3042 5091 3400 5160 ἀπηρνήσατο
3453 5089 3620 5158 μηδὲν
3658 5087 3876 5139 εἰδέναι.
3928 5087 4108 5140 Ὑπο-

2518 5187 2855 5257 στρέψαντες
2877 5179 2969 5238 οὖν
2991 5182 3069 5253 τῷ
3090 5182 3298 5251 βασιλεῖ
3314 5183 3382 5235 τὰ
3410 5179 3711 5248 λαληθέντα
3726 5180 4068 5249 ἀνήγγειλεν
4086 5195 4103 5208 ο

2518 5278 2619 5331 ὁδὲ
2648 5276 2902 5346 βασιλεὺς
2935 5273 3094 5345 θυμῷ
3144 5273 3238 5327 καὶ
3260 5272 3399 5343 ὀργῇ
3434 5270 3796 5340 ἀκατασχέτῳ
3842 5270 4107 5339 ληφθεὶς,

2520 5369 2596 5431 ὡς
2631 5367 2707 5436 μὴ
2733 5365 2954 5433 εὕλογον
2971 5365 3151 5418 αἰτίαν
3181 5365 3321 5418 κατά
3343 5362 3440 5416 τοῦ
3458 5363 3797 5433 πατριάρχου
3819 5360 4105 5432 εὑρηκὼς,

2520 5460 2851 5523 ἀποστείλας
2911 5458 3074 5527 ἔτυψε
3101 5457 3193 5511 τὸν
3229 5454 3647 5524 Σανδαϐαρηνὸν
3703 5452 3954 5524 σφοδρῶς
4005 5456 4110 5505 καὶ

2519 5552 2779 5623 ἐξώρισεν
2811 5552 2870 5604 ὲν
2912 5550 3185 5620 Ἀθήναις.
3221 5548 3468 5604 Κατόπιν
3509 5547 3565 5601 δὲ
3629 5546 3962 5609 ἀποστείλας
4010 5546 4107 5610 ἑξ-

2138 5728 2375 5785 VARH‘I
2418 5727 2821 5783 LECTIONES.

1200 5812 1242 5836 ..ξ

917 5810 957 5836 λ’
988 5808 1322 5877 bonitatem?
