4154 6446
796 375 905 437 3ῑ5

1900 381 2253 441 ἸῊΕΟΡΙΙΛ
2266 381 2409 441 NES
2442 381 3000 448 CONTINUATUS.

3938 388 4033 449 376

800 489 1121 558 Turcasque
1143 494 1197 540 et
1242 486 1393 557 ipsos
1420 487 1485 543 ad
1517 489 1717 545 bellum
1742 489 2008 545 adversus
2045 490 2370 559 Symeonem

2486 492 2597 561 θεν.
2652 494 2710 547 ’0
2738 494 2794 548 δὲ
2822 495 3075 565 βασιλεὺς
3104 495 3191 549 διά
3228 512 3284 549 τε
3313 496 3414 566 γῆς
3441 496 3534 550 καὶ
3564 498 3833 568 θαλάττης
3856 499 4038 567 διέγνω

800 580 1035 645 induxit,
1063 583 1298 651 acceptis-
1327 584 1489 636 etiam
1522 585 1590 637 ab
1628 587 1708 639 eis
1730 585 2014 640 obsidibus
2045 584 2112 637 ad
2143 584 2375 651 impera-

799 686 969 728 torem
1009 674 1188 728 rediit.
1247 676 1551 743 Imperator
1601 686 1744 730 terra
1778 676 2027 745 marique
2074 676 2374 746 urgendum

802 764 1148 835 Bulgaricum
1173 765 1372 820 bellum
1403 767 1727 833 constituit;
1764 783 1827 822 ac
1859 769 1995 822 mari
2021 770 2243 837 quidem
2269 766 2380 822 Eu-

799 860 1061 912 stathium
1102 859 1459 928 drungariunr
1507 862 1691 924 mittit,
1725 870 1866 916 terra
1899 871 2080 916 autem
2108 861 2379 930 Nicepho-

799 966 921 1004 rum
955 950 1191 1004 Phoeam
1220 953 1535 1020 patricium,
1577 955 1850 1008 exstincto
1880 954 2117 1015 Andrea,
2170 952 2380 1007 schola-

799 1058 920 1096 rum
982 1042 1365 1099 domesticum.
1436 1044 1515 1099 Al
1606 1045 1915 1113 Bulgariam
1975 1061 2151 1114 usque
2207 1046 2380 1113 copia:

796 1143 1081 1197 venerant,
1128 1150 1250 1189 cum
1284 1134 1579 1203 imperator
1609 1137 2117 1190 Constantinaeium
2146 1144 2381 1204 quaesto-

800 1241 915 1280 rem
955 1228 1020 1281 ad
1055 1226 1381 1297 Symeonetn
1434 1230 1605 1293 misit,
1638 1228 1819 1283 adhuc
1874 1245 2065 1299 pacem
2132 1228 2380 1283 ambiens

798 1332 863 1371 ac
891 1332 1015 1372 cum
1049 1333 1115 1372 eo
1147 1318 1324 1373 ltmlus
1376 1329 1665 1389 percutere
1694 1319 1903 1373 volens.
1958 1319 2193 1390 Symeon
2231 1336 2382 1373 com-

800 1408 1131 1475 prehensum
1166 1408 1403 1478 legatum
1433 1410 1484 1461 in
1536 1424 1758 1463 carcere
1804 1411 2004 1472 tenuit,
2040 1426 2223 1463 secum
2255 1410 2380 1463 dolo

801 1496 1243 1566 agicxistimans.
1266 1498 1399 1551 Dum
1423 1499 1606 1567 itaque
1624 1502 1859 1568 Symeon
1892 1498 2178 1568 Nirephuri
2210 1500 2382 1567 copiis

799 1589 976 1642 aciem
1005 1590 1252 1660 opponit,
1277 1606 1495 1644 omnem
1539 1590 1705 1645 Turci
1733 1591 2072 1659 Bulgarieam
2119 1591 2381 1644 ditionem

799 1682 907 1735 late
923 1691 1215 1736 vastantac
1237 1681 1758 1751 diripiunt.Audivit
1787 1683 2044 1754 Symeon,
2065 1684 2388 1736 adversum-

800 1789 906 1842 que
928 1772 1139 1829 Turcus
1168 1773 1329 1829 vertit
1380 1773 1664 1844 impetum.
1700 1774 1866 1829 Turei
1902 1777 2096 1829 iterum
2156 1776 2382 1843 traiecto

799 1879 977 1927 amne,
1008 1874 1256 1920 conserta
1274 1880 1397 1920 cum
1431 1863 1677 1935 Bulgaris
1701 1864 1866 1936 359
1891 1868 2024 1925 acie,
2047 1882 2141 1919 eos
2168 1866 2382 1934 penitus

800 1956 1106 2027 proﬂigant,
1127 1959 1197 2010 ita
1213 1967 1272 2011 ut
1293 1957 1521 2028 Symeon
1544 1958 1777 2011 Distram
1797 1958 2083 2012 incolumis
2099 1959 2181 2011 vix
2196 1972 2385 2012 erase-

798 2049 891 2103 rit.
921 2049 1162 2106 Victores
1180 2048 1342 2105 Turci
1373 2050 1786 2119 abirnperatore
1800 2062 2171 2120 exposcuntut
2198 2051 2384 2119 Bulga-

803 2159 989 2196 rurum
1013 2143 1260 2212 captivos
1289 2142 1544 2198 redimat.
1575 2142 1835 2198 Praestitit
1855 2144 1963 2209 ille,
1985 2145 2130 2198 cives
2159 2144 2382 2197 mittens

798 2234 893 2305 qui
930 2236 1282 2289 redimerent.
1312 2234 1487 2289 Porro
1520 2233 1755 2307 Symeon
1793 2236 2062 2291 Eustathii
2098 2233 2380 2305 druugarii

799 2343 965 2397 opera
998 2344 1187 2398 pacem
1215 2329 1442 2398 supplex
1495 2327 1879 2398 imperatorem
1936 2336 2108 2397 rogat.
2173 2326 2383 2379 Annuit

802 2420 855 2474 iu
900 2436 1019 2475 eam
1056 2420 1371 2489 imperator,
1401 2419 1633 2473 Leonem
1664 2418 2149 2487 Chmrosphactem
2174 2417 2238 2471 ad
2258 2432 2379 2470 eam

802 2514 1233 2582 componendam
1272 2513 1517 2566 mittens.
1578 2511 1920 2579 Nicephorus
1955 2510 2293 2565 domesticus
2327 2517 2383 2562 et

803 2600 1123 2655 Eustathius
1187 2600 1521 2670 drungarius
1575 2601 1753 2654 redire
1805 2600 1945 2669 jussi
2002 2614 2126 2653 cum
2181 2598 2379 2667 copiis.

802 2693 1038 2761 Symeon
1070 2691 1306 2747 Leonem
1337 2692 1822 2762 Chmrosphactcm
1868 2705 1970 2745 nec
2015 2690 2261 2760 alloquio
2296 2689 2380 2743 di-

799 2795 1001 2855 gnatus
1056 2786 1276 2855 stringit
1344 2785 1398 2840 in
1443 2800 1685 2840 carcere.
1726 2784 2085 2853 Expeditione
2144 2799 2273 2838 vero
2325 2783 2379 2837 in

801 2877 1011 2933 Turcos
1043 2888 1295 2946 suscepta
1326 2878 1824 2947 omnesjugulavit,
1853 2892 1977 2929 cum
2013 2876 2094 2930 eis
2140 2875 2286 2929 nulla
2310 2889 2377 2927 ex

803 2972 1067 3025 Romanis
1097 2970 1301 3024 auxilia
1346 2970 1595 3025 licuisset
1656 2969 1923 3039 accipere.
1981 2968 2253 3023 Reversus
2282 2967 2381 3037 Sy-

804 3076 961 3117 meon
988 3078 1087 3132 pro
1118 3061 1347 3117 victoria
1371 3061 1664 3124 ferociens,
1694 3060 1860 3115 Leoni
1901 3060 2186 3114 denuntiat
2230 3059 2377 3112 nulla

799 3169 860 3207 se
888 3155 1038 3224 pacis
1073 3154 1274 3209 foedera
1314 3154 1709 3220 admissurum,
1736 3154 1838 3208 nisi
1891 3152 2155 3222 Bulgaros
2186 3166 2379 3206 omnes
2406 3180 2450 3241 η

801 3247 1052 3314 captivos
1082 3255 1209 3300 ante
1230 3246 1518 3315 receperit.
1570 3245 1779 3299 Annuit
1812 3246 2129 3315 imperator,
2170 3259 2235 3299 ac
2258 3245 2380 3298 red-

802 3336 1010 3391 dendos
1034 3338 1280 3407 captivos
1318 3338 1619 3394 consentit.
1656 3336 1817 3392 Venit
1847 3337 2030 3406 itaque
2054 3334 2381 3391 Theodorus

806 3428 1078 3499 liulgarus
1113 3427 1402 3500 Symeonis
1429 3429 1769 3485 domesticus
1802 3445 1928 3485 cum
1954 3429 2154 3493 Leone,
2175 3445 2382 3499 eosque

805 3522 1028 3595 recepit.

883 3707 965 3763 l0.
1000 3707 1338 3781 Nicephorus
1378 3710 1716 3766 domesticus
1744 3710 1944 3765 eximie
1978 3710 2179 3765 charus
2214 3712 2385 3781 impe-

807 3802 975 3857 ratori
1012 3812 1152 3857 erat.
1207 3802 1366 3858 Hunc
1398 3803 1634 3858 Zautzas
1687 3805 2038 3872 imperatoris
2094 3812 2248 3872 pater
2284 3819 2382 3857 ceu

806 3896 983 3950 virum
1006 3903 1344 3963 potentatum
1378 3896 1714 3950 obtinentem
1760 3896 1824 3949 ad
1843 3896 1905 3949 ’id
1938 3912 2138 3951 munus
2186 3911 2385 3966 prove-

808 3994 980 4052 xerat,
1030 3988 1344 4056 nuptiarum
1401 4004 1526 4043 eum
1584 3989 1677 4043 illo
1727 3988 2058 4043 commercia
2114 3988 2384 4042 ambiens.

809 4080 1011 4134 Verum
1039 4080 1251 4149 respuit
1274 4079 1383 4144 ille,
1417 4095 1485 4133 ne
1534 4095 1699 4149 quam
1748 4079 1887 4134 forte
1932 4079 2097 4134 Leoni
2151 4081 2389 4149 impera-

807 4173 914 4227 tori
948 4173 1015 4227 de
1038 4188 1099 4229 se
1118 4173 1438 4243 suspicandi
1498 4175 1842 4228 occasionem
1875 4174 2159 4243 praeberet.
2218 4174 2293 4230 Ea
2330 4189 2388 4228 re

808 4265 970 4321 furiis
1016 4274 1171 4322 actus
1206 4265 1438 4321 Zautzas
1478 4266 1708 4321 erimina
1742 4267 1796 4321 in
1840 4282 1962 4322 eum
1994 4268 2268 4323 intentans
2299 4269 2388 4322 di-

809 4359 1013 4426 gnitate
1037 4359 1256 4428 spoliat.
1288 4357 1422 4427 Ejus
1438 4358 1556 4413 loco
1578 4360 1894 4414 scholarum
1910 4362 2244 4415 domesticus
2261 4378 2389 4431 pro-

812 4461 1003 4506 vectus
1038 4451 1299 4521 magister
1322 4451 1603 4506 Catacalo.
1644 4452 1809 4522 360
1836 4452 1965 4506 Post
1986 4453 2200 4522 longam
2236 4468 2389 4507 vaca-

2480 589 2607 650 τοὺς
2647 587 2993 658 Βουλγάρους
3023 587 3301 659 πολεμεῖν.
3346 590 3455 643 Καὶ
3503 590 3590 643 διά
3640 592 3737 661 μὲν
3768 591 4038 659 θαλάσσης

2480 679 2779 734 Εὑστάθιον
2810 679 3170 750 δρουγγάριον
3199 679 3540 744 ἀποστέλλει,
3571 680 3657 734 διά
3698 681 3803 750 γῆς
3853 682 3909 734 δὲ
3944 699 4041 733 πα-

2480 770 2687 837 τρίκιον
2710 770 3029 841 Νικηφόρον
3061 771 3153 824 τὸν
3180 758 3396 836 Φωκᾶν,
3426 771 3747 840 δομέστικον
3797 771 3905 824 τῶν
3926 789 4042 840 axo-

2479 862 2590 916 λῶν
2657 864 2797 934 μετὰ
2851 864 2950 934 τήν
2988 862 3244 934 τελευτήν
3311 863 3559 934 Ἀνδρέου
3601 864 3914 933 γενόμενον.
3948 860 4043 916 Ὧν

2481 958 2645 1028 μέχρι
2680 956 3016 1027 Βουλγαρίας
3035 956 3451 1011 καταλαϐόντων
3474 956 3559 1029 [Ρ.
3590 956 3717 1026 εει]
3742 959 3771 1010 6
3798 957 4043 1027 βασιλεὺς

2478 1052 2572 1104 τὸν
2621 1051 2943 1121 κυαίστωρα
2992 1051 3473 1105 Κωνσταντινάκιν
3520 1052 3657 1121 πρὸς
3699 1049 3922 1119 Συμεὼν
3962 1051 4045 1116 ἐξ·

2482 1140 2823 1205 απέστειλεν,
2846 1140 2927 1193 ἔτι
2958 1141 3057 1211 τὴν
3088 1142 3315 1211 εἰρήνην
3333 1142 3576 1211 στέργων
3605 1141 3699 1193 καὶ
3730 1139 4046 1209 βουλόμενος

2483 1234 2810 1288 σπείσασθαι
2839 1234 2976 1304 πρὸς
3005 1233 3168 1288 αὐτόν
3223 1252 3237 1265 ·
3280 1234 3339 1287 ὃν
3398 1234 3623 1303 Συμεὼν
3653 1233 3942 1303 κατασχὼν
3991 1234 4048 1284 ἐν

2484 1326 2697 1395 φρουρᾷ
2728 1324 3065 1387 κατακλείει,
3119 1324 3257 1394 δόλῳ
3316 1324 3452 1391 πρὸς
3495 1322 3656 1376 αὑτὸν
3707 1324 4047 1384 ὑποπτεύσας

2483 1416 2915 1488 παραγενέσθαι.
2958 1416 3067 1470 Τοῦ
3096 1416 3323 1486 Συμεὼν
3371 1416 3463 1470 οὖν
3493 1416 3588 1469 ἐπὶ
3635 1415 3697 1469 τὸ
3739 1418 4050 1488 στράτευμα

2483 1508 2802 1578 Νικηφόρου
2828 1508 3248 1577 ἀσχολουμένου,
3282 1509 3332 1561 οἱ
3358 1507 3591 1578 Τοῦρκοι
3611 1506 4052 1578 καταδραμόντες

2485 1602 2668 1653 πᾶσαν
2706 1601 2807 1670 τὴν
2833 1599 3209 1669 Βουλγαρικήν
3257 1600 3539 1670 έληῖσαντο
3564 1600 3690 1668 γῆν.
3732 1597 3800 1654 Ὀ
3829 1596 4052 1667 Συμεὼν

2485 1691 2744 1762 έκμαθὼν
2770 1693 2912 1745 κατὰ
2940 1692 3044 1745 τῶν
3072 1692 3331 1761 Τούρκων
3364 1691 3653 1760 ἐτράπετο.
3690 1694 3752 1744 Οἱ
3806 1690 3862 1744 δὲ
3905 1693 4055 1744 am-

2489 1785 2828 1855 περάσαντες
2862 1785 3100 1853 πόλεμον
3136 1784 3271 1853 προς
3304 1782 3648 1853 Βουλγάρους
3691 1781 4054 1852 συμϐάλλουσι

2486 1879 2583 1933 καὶ
2604 1877 2797 1931 νικῶσι
2816 1876 3043 1939 τούτους
3077 1878 3221 1929 κατά
3251 1877 3472 1945 κράτος,
3518 1875 3594 1938 ὡς
3635 1875 3789 1944 μόλις
3820 1874 3914 1927 τὸν
3958 1874 4060 1926 Συ·-

2486 1972 2634 2043 μεὼν
2658 1972 2717 2023 ὲν
2744 1974 2809 2040 τῇ
2843 1971 3048 2042 Δέστρᾳ
3078 1969 3474 2041 περισωθῆναι.
3535 1969 3835 2042 ᾘτήσαντο
3868 1967 3961 2020 οὑν
4008 1969 4055 2020 oi

2482 2064 2718 2133 Τοῦρκοι
2748 2062 2838 2115 τὸν
2871 2061 3095 2131 βασιλέα
3133 2060 3261 2122 τοὺς
3293 2059 3621 2129 Βουλγάρων
3676 2057 4059 2131 αἰχμαλώτους

2481 2153 2800 2224 ὠνήσασθαι
2843 2169 2859 2184 ο
2912 2151 2943 2204 ὃ
2995 2151 3061 2220 δὴ
3100 2152 3197 2205 καὶ
3252 2150 3596 2220 πεποίηκεν,
3646 2151 3776 2213 τοὺς
3835 2148 4058 2213 πολίτας

2482 2245 2875 2312 ἐξαποστείλας
2921 2246 3002 2307 είς
3040 2244 3142 2313 τὴν
3182 2243 3388 2298 τούτων
3422 2242 3705 2315 ἐξώνησιν.
3748 2244 3809 2297 Ὃ
3851 2243 3908 2297 δὲ
3956 2242 4059 2295 Συ-

2484 2341 2630 2411 μεὼν
2657 2340 2726 2394 δι’
2758 2337 3061 2394 Εὑσταθίου
3109 2336 3478 2409 δρουγγαρίου
3521 2337 3613 2391 τὸν
3656 2335 3883 2407 βασιλέα
3928 2336 4059 2407 περὶ

2479 2432 2581 2501 τῆς
2612 2432 2836 2502 εἰρήνης
2873 2430 3112 2483 ἱκέτευεν
3150 2445 3165 2460 ·
3198 2429 3336 2500 πρὸς
3376 2430 3444 2500 ἢν
3476 2428 3694 2495 ὑπεῖξεν
3715 2431 3743 2481 6
3778 2426 4056 2497 βασιλεὺς,

2482 2530 2575 2579 καὶ
2603 2526 2693 2578 τὸν
2718 2523 3139 2594 Χοιροσφάκτην
3172 2524 3378 2576 Λέοντα
3402 2524 3540 2591 πρὸς
3569 2522 3629 2573 τὸ
3655 2521 3863 2591 ταύτην
3894 2520 4058 2589 ποιή-

2483 2618 2678 2671 σασθαι
2720 2615 3122 2683 ἐξαπέστειλεν.
3184 2615 3242 2667 ’0
3275 2615 3331 2666 δὲ
3360 2616 3682 2682 δομέστικος
3744 2610 4059 2681 Νικηφόρος

2481 2709 2576 2762 καὶ
2604 2708 2632 2759 ὁ
2653 2706 3014 2777 δρουγγάριος
3048 2705 3348 2766 Εὐστάθιος
3383 2702 3723 2773 ὑποστρέψαι
3765 2702 3907 2771 μετὰ
3924 2699 4059 2752 λαοῦ

2481 2796 2904 2867 ἐκελεύσθησαν.
2931 2794 3135 2849 Λέοντα
3168 2794 3226 2846 δὲ
3276 2794 3698 2865 Χοιροσφάκτην
3728 2791 3850 2845 οὐδὲ
3896 2790 4061 2858 λόγου

2480 2890 2709 2960 ἠξίωσεν
2724 2889 2753 2941 6
2776 2887 3021 2957 Συμεὼν,
3049 2886 3169 2940 ἀλλ’
3196 2887 3255 2939 ἐν
3277 2887 3469 2956 εἱρκτῇ
3490 2882 3968 2956 ἑστραγγαλίσατο
3991 2882 4061 2938 ⁸⁸.

2494 2984 2928 3053 Ἐκστρατεύσας
2959 2979 3016 3033 δὲ
3041 2979 3186 3032 κατὰ
3228 2977 3342 3031 τῶν
3385 2977 3645 3046 Τούρκων
3670 2975 3883 3039 πάντας
3924 2990 4060 3027 κατ-

2485 3074 2741 3141 έσφαξεν,
2780 3073 2854 3144 μή
2904 3069 3233 3143 δυνηθέντας
3281 3069 3433 3141 παρὰ
3467 3070 3766 3139 Ῥωμαίοις
3806 3065 4066 3139 βοήθειαν

2482 3165 2758 3230 δέξασθαι.
2802 3161 3181 3232 Ὑποστρέψας
3210 3162 3267 3215 δὲ
3302 3161 3395 3215 ἐπὶ
3422 3164 3487 3229 τῇ
3519 3160 3645 3231 νίκῃ
3667 3157 3914 3229 γαυριιῖιν
3927 3159 4066 3227 πρὸς

2481 3256 2577 3310 τὸν
2611 3256 2817 3309 Λέοντα
2871 3252 2977 3325 ἔφη
3012 3270 3026 3285 ⁸
3089 3271 3109 3306 ι
3168 3254 3232 3306 El
3274 3252 3350 3323 μὴ
3401 3253 3665 3322 πρότερον
3725 3253 3909 3303 πᾶσαν
3970 3249 4069 3317 τὴν

2485 3350 2865 3421 αἰχμαλωσίαν
2896 3347 3222 3416 Βουλγάρων
3255 3345 3428 3409 λάϐω,
3464 3345 3688 3415 εἰρήνην
3738 3344 3801 3396 οὑ
3836 3341 4005 3396 ποιῶ.
4044 3361 4061 3393 ι

2497 3444 2821 3509 Ἐπένευσεν
2842 3436 2936 3494 οὑν
2957 3442 2985 3493 6
3003 3438 3255 3509 βασιλεὺς
3286 3439 3492 3506 ταύτην
3514 3433 3830 3489 ἀποδοῦναι.
3858 3429 4070 3486 Ἦλθεν

2484 3532 2579 3590 οὖν
2606 3535 2745 3605 μετά
2768 3534 2997 3596 Λέοντος
3025 3532 3381 3599 ὁΒούλγαρος
3402 3528 3699 3598 Θεόδωρος.
3734 3528 3943 3589 οἰκεῖος
3995 3524 4071 3578 ὣν

2485 3625 2564 3695 τῷ
2591 3624 2837 3694 Συμεὼν,
2870 3624 2963 3676 καὶ
2994 3621 3304 3693 παρέλαϐεν
3326 3619 3546 3681 αὐτούς.

2562 3717 2614 3774 r'.
2637 3717 2745 3771 Τοῦ
2762 3717 2819 3770 δὲ
2848 3715 3171 3785 δομεστίκου
3189 3713 3506 3783 Νικηφόρον
3531 3710 3667 3779 πρὸς
3685 3708 3780 3763 τοῦ
3804 3708 4077 3778 βασιλέως

2487 3810 2690 3880 ἐξόχως
2752 3805 3117 3877 ἀγαπωμένου
3144 3844 3159 3869 ,
3221 3806 3250 3857 6
3304 3801 3722 3874 βασιλεοπάτωρ
3795 3796 4078 3860 Ζαοῦτζας

2487 3904 2676 3959 τοῦτον
2713 3902 2789 3964 ὡς
2823 3899 3087 3967 δυνάστην
3120 3893 3507 3966 προεϐάλλετο,
3548 3890 3790 3961 γαμικὸν
3827 3889 3951 3958 μετ’
3976 3890 4077 3941 αὑ-

2486 3994 2585 4049 τοῦ
2620 3994 2846 4061 ποιῆσαι
2896 3987 3253 4055 συνάλλαγμα
3301 3983 3645 4054 βουλόμενος.
3671 3980 3779 4034 Τοῦ
3812 3980 3873 4034 δὲ
3936 3984 4081 4054 πρὸς

2487 4085 2645 4139 τοῦτο
2692 4080 3153 4150 άπαναινομένου,
3195 4078 3406 4148 μήποτε
3450 4074 3525 4145 δῷ
3556 4075 3815 4129 ὑπόνοιαν
3856 4078 3936 4145 τῷ
3985 4078 4084 4147 βα.

2491 4180 2629 4233 σιλεϊ
2677 4176 2889 4238 Λέοντι,
2942 4173 3132 4244 μανεὶς
3182 4171 3275 4223 ἐπὶ
3306 4168 3482 4239 τούτῳ
3508 4170 3535 4220 6
3572 4168 3852 4232 Ζαοῦτζας
3890 4172 4082 4232 αἰτίας

2488 4272 2711 4341 ἐκίνησε
2742 4268 2863 4321 κατ’
2917 4262 3083 4318 αὑτοῦ
3138 4262 3230 4315 καὶ
3260 4260 3357 4330 τῆς
3378 4260 3550 4331 ἀρχῆς
3578 4260 3769 4313 τοῦτον
3809 4260 4085 4329 μετέστη-

2492 4380 2604 4417 σεν.
2635 4358 2956 4432 Προεϐλήθη
2975 4356 3033 4410 δὲ
3062 4353 3178 4410 ἀντ’
3203 4351 3369 4407 αὐτοῦ
3397 4352 3719 4421 δομέστικος
3736 4350 3849 4403 τῶν
3867 4352 4083 4421 σχολῶν

2490 4459 2520 4510 6
2553 4454 2853 4525 μάγιστρος
2894 4445 3256 4502 Κατακαλών.
3305 4444 3431 4496 Ἐπὶ
3458 4442 3595 4496 πολὺ
3624 4442 3682 4495 δὲ
3722 4441 4003 4511 σχολάσας
4057 4445 4087 4495 6

812 4546 1015 4600 tionem
1074 4544 1417 4614 Nicephorius
1454 4545 1650 4599 iterum
1688 4546 1798 4599 dux
1850 4546 1903 4600 in
1958 4543 2385 4601 Thraecsiorum

2492 4546 2807 4617 Νικηφόρος
2842 4542 3002 4604 αὖθις
3035 4538 3342 4612 στρατηγὸς
3378 4539 3435 4589 ὲν
3480 4534 3559 4605 τῷ
3589 4534 3699 4588 τῶν
3740 4534 4086 4605 Θρᾳκησίων

813 4639 1056 4693 themate
1118 4638 1513 4704 constituitur;
1584 4639 1917 4708 multisque,
1987 4639 2167 4708 quoad
2234 4638 2388 4705 vixit,

806 4730 1023 4801 egregie
1053 4728 1377 4801 fortiterque
1407 4730 1550 4785 bello
1572 4731 1758 4800 gestis,
1779 4746 1880 4785 nec
1909 4732 2099 4800 paucis
2126 4730 2391 4786 adversus

809 4823 1094 4895 Agarenos
1121 4833 1420 4894 gentesque
1450 4823 1587 4877 alias
1614 4824 1812 4878 erectis
1848 4824 2091 4893 tropais,
2141 4824 2195 4876 in
2228 4836 2389 4877 sene-

810 4922 960 4968 etute
990 4913 1131 4969 bona
1163 4914 1305 4969 diem
1349 4915 1505 4980 obiit,
1562 4914 1736 4969 Barda
1791 4925 1845 4970 et
1874 4914 2057 4970 Leone
2087 4915 2276 4969 liberis
2300 4929 2389 4969 re-

811 5006 980 5072 lictis,
1016 5022 1251 5077 quorum
1279 5008 1431 5078 prior
1457 5006 1622 5062 Leoni
1656 5008 1967 5077 imperatori
1997 5006 2285 5061 familiaris
2312 5005 2391 5059 illi

809 5100 1175 5155 charissimus
1190 5110 1308 5155 erat
1332 5101 1563 5171 ejusque
1581 5100 1883 5156 ministeria
1902 5110 2164 5156 strenuus
2181 5100 2388 5154 obibat.

813 5193 1113 5262 imperator
1167 5204 1384 5261 Itaque,
1439 5184 1517 5248 uti
1590 5194 1797 5248 dictutn
1855 5203 1957 5260 est,
2003 5192 2389 5248 Catacalonem

812 5292 1060 5337 creatum
1114 5283 1474 5337 domesucum
1522 5285 1787 5340 adversus
1818 5283 2148 5355 Symeonem
2204 5283 2390 5345 mittit,

813 5374 903 5429 cui
933 5375 1098 5429 etiam
1123 5374 1495 5431 Theodosium
1518 5379 1807 5446 patricium
1825 5393 1890 5432 ac
1910 5376 2389 5448 protevestiarium

813 5466 1072 5523 comitem
1101 5465 1387 5535 arljunxit;
1446 5477 1773 5538 cunctisque
1803 5468 1944 5524 Asiae
1968 5467 2290 5522 cohortibus
2326 5483 2392 5524 ac

816 5557 1104 5611 ordinibus
1130 5557 1421 5623 traductis,
1445 5559 1659 5612 collatis
1691 5562 1864 5628 signis
1893 5574 2013 5615 cum
2043 5559 2293 5630 Bulgaris
2323 5559 2390 5613 ad

820 5648 998 5705 lacum
1032 5650 1214 5720 (quem
1236 5650 1451 5721 vocant)
1473 5652 1978 5723 Bulgarophygum,
2005 5650 2232 5710 Romani
2253 5655 2395 5709 male

2492 4643 2690 4713 θέματι
2734 4636 3168 4710 προχειρίζεται.
3212 4631 3422 4695 Πολλὰς
3450 4630 3506 4683 δὲ
3558 4630 3655 4683 καὶ
3692 4630 3954 4697 γενναίας
3990 4630 4088 4680 άν-

2488 4733 2791 4806 δραγαθίας
2818 4731 2907 4784 διὰ
2938 4728 3118 4798 πάσης
3154 4724 3322 4782 αὑτοῦ
3349 4725 3408 4777 ὲν
3451 4726 3560 4785 τοῖς
3590 4723 3853 4791 πολέμοις
3908 4738 4089 4774 κατα-

2490 4824 2835 4895 πραξάμενος
2865 4820 3071 4892 βιοτῆς,
3101 4820 3196 4872 καὶ
3230 4818 3400 4872 πολλὰ
3427 4815 3568 4870 κατὰ
3602 4812 3712 4867 τῶν
3754 4812 4087 4883 ’Δγαρηνῶν

2491 4918 2586 4972 καὶ
2611 4917 2718 4970 τῶν
2750 4914 2925 4969 ἄλλων
2959 4912 3129 4966 ὲθνῶν
3147 4910 3487 4981 στησάμενος
3536 4907 3797 4977 τρόπαια,
3848 4902 4091 4973 τελευτᾷ.

2488 5013 2581 5065 τὸν
2615 5011 2727 5081 βίον
2751 5011 2807 5061 ὲν
2834 5008 2982 5079 γήρᾳ
3010 5003 3185 5075 καλῷ,
3215 5004 3364 5065 υἱοὺς
3394 4998 3714 5056 καταλιπὼν
3738 4998 3961 5068 Βάρδαν
3988 4996 4091 5051 καὶ

2491 5104 2723 5169 Λέοντα,
2753 5095 2829 5155 ὧν
2857 5104 2886 5155 6
2943 5098 3159 5170 Βάρδας
3214 5096 3552 5157 οἰκειότατος
3608 5090 3683 5145 ὣν
3734 5090 3814 5161 τῷ
3867 5090 4093 5163 βασιλεῖ

2493 5198 2684 5253 Λέοντι
2756 5193 3051 5267 ἐστέργετό
3103 5208 3163 5244 τε
3219 5189 3316 5243 καὶ
3353 5187 3609 5257 ἠγαπᾶτο
3639 5183 3736 5237 καὶ
3804 5182 4092 5244 δουλείαις

2494 5289 2885 5360 ὲξυπηρετεῖτο
2927 5287 3049 5347 ταῖς
3075 5281 3409 5352 ἀνηκούσαις
3439 5277 3519 5346 τῷ
3568 5272 3813 5349 [Ρ.29.2]
3851 5274 4089 5344 βασιλεῖ.

2508 5380 2568 5435 '0
2600 5380 2656 5433 δὲ
2688 5378 2962 5449 βασιλεὺς,
2997 5374 3181 5436 καθὼς
3203 5373 3439 5445 εἴρηται,
3472 5370 3565 5423 τὸν
3592 5366 3910 5422 Κατακσλὼ
3955 5384 4093 5436 προς-

2498 5474 2887 5546 χειρισάμενος
2908 5475 2989 5533 εἰς
3018 5470 3338 5541 δομέστικον
3374 5466 3514 5519 κατά
3557 5463 3650 5516 τοῦ
3684 5463 3918 5530 Συμεὼν
3964 5463 4095 5515 τοῦς

2499 5585 2593 5621 τον
2621 5565 3044 5632 ἐξαποστέλλει,
3087 5560 3579 5629 συνεξαποστείλας
3624 5555 3775 5625 αὑτῷ
3823 5558 3921 5609 καὶ
3963 5557 4095 5608 Θεσ-

2504 5657 2680 5711 δόσιον
2710 5656 3001 5729 πατρίκιον
3027 5654 3121 5709 καὶ
3156 5650 3675 5725 πρωτοϐεστιάριον.
3703 5649 4095 5717 Διαπερασάφ-

2085 5746 2219 5800 VAR
2234 5748 2319 5803 ΙΙΙ-Ξ
2370 5747 2777 5807 LECTIONES.

911 5837 953 5869 "
994 5837 1358 5908 ἧττρηλίσκτο
1388 5838 1445 5903 Ρ,
1486 5841 1956 5911 Ξττρατχάὶὶσατο
1983 5859 2191 5913 margo.
