4154 6446
125 376 221 437 3τῖ

1186 380 1332 440 LIB.
1360 381 1457 440 VI.
1496 403 1564 414 --
1594 379 1739 439 LEO
1783 381 2067 443 BASILII
2107 385 2377 450 FILIUS.

3277 394 3381 456 378

123 499 223 533 των
280 481 339 535 δὲ
395 482 615 537 πάντων
674 483 772 555 τῆς
831 484 1122 553 ’Λνατολῆς
1171 487 1422 557 θεμάτων
1477 504 1535 540 τε
1599 488 1694 542 καὶ

1804 486 2114 547 funduntur
2176 508 2481 564 omnesque
2546 498 2906 556 internecioni
2967 500 3206 566 dantur,
3263 502 3383 570 ipso

121 574 441 640 ταγμάτων,
474 575 571 627 καὶ
600 575 839 646 πολέμου
867 578 1002 646 μετά
1031 578 1356 647 Βουλγάρων
1389 595 1695 649 συγκροτη-

122 664 306 727 θέντος
339 666 469 737 περὶ
497 666 557 720 τδ
586 668 1059 740 Βουλγαρόφυγον,
1086 671 1380 740 τρέπονται
1434 673 1697 741 Ῥωμαῖοι

120 754 333 817 κακῶς,
367 757 463 810 καὶ
492 758 693 821 πάντες
730 758 1009 814 ἀπώλοντο
1036 776 1051 791 ·
1085 757 1166 824 οἷς
1201 762 1554 817 συναπώλετο
1604 763 1699 818 καὶ

117 845 145 896 ὁ
175 846 676 921 πρωτοδεστιάριος
700 848 999 915 Θεοδόσιος.
1043 852 1166 905 Ἐπὶ
1187 852 1378 906 τούτου
1398 855 1495 907 καὶ
1523 856 1571 908 οί
1600 856 1700 925 τῆς

1803 581 1964 636 etiam
2000 584 2231 652 patricio
2256 602 2319 641 ac
2349 592 2768 656 protovestiario
2818 593 3129 649 Theodosio
3160 594 3381 648 deside-

1807 681 1946 730 rato.
2005 676 2153 731 Inter
2204 678 2318 733 hac
2373 682 2539 735 etiam
2568 682 2907 739 Chersonitaa
2964 685 3156 740 ducem
3220 699 3383 740 suum

1804 761 1958 821 Jonas
1981 766 2153 821 filium
2181 767 2506 838 Symeonem
2530 774 2870 839 occiderunt,
2893 776 3126 846 Agareni
3158 777 3208 829 in
3236 776 3383 842 Cap-

1806 858 2034 926 padocia
2069 858 2273 914 Corum
2303 876 2584 931 ceperunt.

114 935 404 1005 Χερσῶνος
428 940 716 1011 οἰκήτορες
734 943 824 995 τὸν
843 944 1025 996 αὐτῶν
1082 944 1410 1000 ἀπέκτειναν
1458 948 1764 1019 στρατηγὸν
1802 950 2031 1021 Συμεὼν
2059 953 2151 1005 τὸν
2183 954 2277 1007 τοῦ
2330 957 2502 1010 Ἰωνᾶ.
2530 958 2862 1029 Παρελήφθη
2894 959 2950 1011 δὲ
2990 958 3083 1012 καὶ
3114 958 3173 1011 τὸ
3208 960 3385 1030 Κόρον

114 1032 167 1083 ὲν
192 1032 259 1099 τῇ
300 1031 674 1103 Καππαδοκίᾳ
709 1035 811 1087 ὑπὸ
838 1034 948 1086 τῶν
1001 1037 1341 1106 Ἀγαρηνῶν.

190 1132 277 1180 ια’.
320 1126 383 1178 '0
417 1128 474 1180 δέ
510 1128 767 1197 βασιλεὺς
791 1132 870 1193 είς
896 1130 964 1183 τὰ
987 1131 1257 1200 Δαμιανοῦ
1286 1133 1518 1197 ἐξελθὼν
1552 1129 1699 1205 εἶχεν

117 1220 234 1288 μεθ’
267 1220 468 1273 ἑαυτοῦ
507 1221 604 1275 καὶ
634 1223 732 1292 τὴν
783 1222 937 1293 Ζωὴν
965 1225 1067 1295 τὴν
1095 1224 1191 1277 τοῦ
1240 1226 1487 1290 Ζαούτζα
1538 1227 1698 1295 θυγα-

113 1312 243 1380 τέρα
268 1311 365 1363 καὶ
392 1312 567 1364 αὐτὸν
584 1312 678 1365 τὸν
704 1313 1000 1378 Ζαοῦτζαν.
1028 1313 1285 1382 Θεοφανὼ
1312 1316 1370 1368 δὲ
1400 1318 1434 1387 ὴ
1472 1317 1566 1370 τοῦ
1599 1318 1695 1387 βα-

114 1402 306 1464 σιλέως
373 1403 593 1473 γαμετὴ
638 1404 699 1457 ού
736 1404 923 1474 παρῆν
986 1407 1184 1471 ἐκεῖσε,
1231 1406 1347 1461 ἀλλ’
1375 1408 1432 1459 ἐν
1464 1411 1529 1479 τῇ
1565 1409 1697 1481 ἁγίᾳ

114 1493 257 1562 σορῷ
316 1497 385 1564 τῇ
449 1496 507 1547 ἐν
546 1494 879 1567 Βλαχέρναις
918 1498 1355 1568 προσεκαρτέρει
1402 1500 1693 1572 εὐχομένη.

111 1587 282 1653 Δόξαν
308 1588 368 1640 δέ
402 1588 481 1658 τῷ
513 1587 728 1656 βασιλεῖ
766 1591 943 1659 μεῖναι
972 1591 1030 1642 ἐν
1062 1593 1173 1653 τοῖς
1196 1592 1470 1661 Δαμιανοῦ
1494 1633 1509 1656 ,
1554 1612 1696 1663 συμ-

112 1678 331 1731 δούλιον
356 1680 407 1732 οἱ
433 1681 529 1733 τοῦ
560 1679 805 1745 Ζαούτζα
843 1682 1227 1752 ποιησάμενοι,
1255 1684 1283 1737 ὃ
1308 1701 1366 1737 τε
1386 1685 1498 1747 υίὸς
1524 1685 1692 1739 αὐτοῦ

110 1772 136 1823 ὁ
160 1770 423 1842 Ταύτζης
450 1771 545 1826 καὶ
584 1772 635 1825 οῑ
676 1772 875 1836 λοιποὶ,
904 1776 968 1845 τῇ
999 1774 1152 1827 νυκτὶ
1179 1775 1273 1828 τὸν
1303 1774 1531 1844 βασιλέα
1578 1776 1696 1831 δια-

112 1863 461 1935 χειρίσασθαι
514 1865 927 1919 ἐϐουλεύσαντο.
968 1867 1034 1919 Ἦ
1101 1866 1157 1920 δὲ
1192 1866 1316 1938 Ζωὴ
1364 1867 1442 1938 τῷ
1490 1867 1698 1937 βασιλεί

1872 1138 1962 1194 Il.
1995 1139 2294 1210 Imperator
2324 1143 2392 1198 ad
2425 1144 2677 1199 Damiani
2724 1146 2867 1201 aedes
2912 1162 3166 1216 egressus
3218 1149 3382 1204 Zoetn

1803 1230 2027 1286 Zautzm
2081 1234 2248 1289 tiliam
2307 1251 2495 1293 secum
2588 1238 2828 1294 habebat
2887 1254 2953 1293 ac
3014 1241 3190 1309 ipsum
3244 1241 3384 1298 Zau-

1798 1335 1963 1380 tzam.
2025 1324 2362 1397 TheOphano
2444 1338 2627 1384 autem
2710 1330 3063 1398 imperatoris
3108 1347 3251 1386 uxor
3316 1335 3383 1388 iis

1798 1417 2087 1473 solemniis
2125 1434 2234 1472 non
2276 1419 2558 1486 intererat,
2612 1422 2705 1477 sed
2741 1425 2806 1477 ad
2838 1434 3090 1479 sanctum
3144 1425 3381 1481 loculum

1797 1507 1853 1562 In
1881 1507 2199 1564 Blaehernis
2228 1512 2486 1579 precibus
2508 1512 2732 1568 assidua
2772 1524 2911 1570 erat.
2972 1514 3165 1571 Visum
3210 1518 3384 1587 impe-

1796 1599 1963 1651 ratori
2022 1598 2076 1653 in
2132 1599 2238 1652 illis
2288 1602 2494 1657 aedibus
2547 1618 2827 1659 morarum
2877 1606 3082 1675 aliquid
3142 1607 3379 1663 trahere.

1795 1686 2016 1744 Zautza:
2050 1688 2256 1759 aﬂlues,
2295 1702 2408 1747 tum
2439 1695 2651 1751 scilicet
2677 1696 2797 1765 ejus
2829 1697 2974 1753 ﬁlius
3008 1697 3241 1754 Tautzes
3265 1712 3379 1754 tum

1794 1782 2013 1850 reliqui,
2047 1783 2339 1839 consilium
2371 1785 2563 1840 ineunt
2591 1796 2650 1841 ut
2682 1787 3067 1857 imperatorem
3098 1801 3265 1845 noctu
3300 1792 3384 1846 in-

1794 1875 2076 1930 terimant.
2131 1878 2201 1931 At
2234 1877 2343 1932 Zoe
2378 1878 2428 1931 in
2480 1878 2827 1948 imperatoris
2878 1883 3000 1937 sinu
3053 1883 3211 1953 361
3255 1883 3382 1937 dor-

118 1954 569 2021 συγκαθεύδουσα
595 1957 692 2011 καὶ
720 1958 811 2012 τὸν
840 1958 1005 2029 θροῦν
1050 1958 1427 2023 ἐνωτισθεῖσα.
1473 1961 1559 2016 διὰ
1596 1962 1694 2032 τῆς

1799 1967 1997 2029 miens,
2047 1968 2237 2022 audito
2270 1984 2576 2032 murmure,
2627 1986 2722 2041 per
2748 1970 3044 2027 fenestram
3084 1984 3382 2043 aspectans

111 2045 329 2116 θυρίδος
353 2046 688 2115 προκύψασα
726 2049 1112 2117 κατεσίγασεν.
1162 2050 1247 2114 Ὧς
1287 2052 1343 2105 δὲ
1376 2051 1469 2105 τοῦ
1517 2053 1694 2107 δεινοῦ

111 2135 203 2203 τῆς
237 2136 544 2203 ἐπιϐουλῆς
601 2137 797 2209 ᾔσθετο
850 2140 1135 2211 ἀκριϐῶς,
1194 2142 1285 2195 τὸν
1334 2142 1557 2212 βασιλέα
1613 2144 1694 2198 δι-

110 2224 391 2279 υπνίσασα
432 2228 493 2280 τὺ
522 2230 895 2298 πραττόμενον
928 2231 1335 2300 κατεσήμανεψ
1362 2232 1420 2294 ὃς
1447 2233 1505 2285 ὲν
1528 2232 1698 2303 πλοίῳ

110 2315 270 2380 εὐθὺς
289 2316 552 2370 εἰσελθὼν
576 2320 656 2381 είς
694 2320 882 2388 Πηγὰς
906 2320 1249 2392 διεπέρασεν,
1280 2324 1488 2385 πάντας
1518 2325 1696 2377 ἐκεῖσε

110 2406 202 2459 καὶ
234 2408 406 2461 αὐτὸν
441 2407 533 2460 τὸν
570 2407 850 2473 Ζαοῦτζαν
877 2412 1216 2467 καταλιπών.
1250 2415 1401 2484 Ταχὺ
1441 2414 1497 2467 δὲ
1551 2414 1693 2484 πρωῒ

110 2498 557 2560 είςτδπαλάτιον
575 2501 835 2556 εἰσελθὼν
891 2502 1152 2575 Ἰωάννην
1208 2506 1306 2577 μὲν
1360 2506 1449 2558 τὸν
1498 2507 1693 2577 βίγλης

108 2592 478 2663 δρουγγάριον
537 2593 842 2660 διεδέξατο,
883 2596 1097 2667 Πάρδον
1153 2597 1210 2650 δὲ
1261 2599 1374 2652 υἱὸν
1426 2599 1695 2652 Νικολάου

108 2684 494 2755 ἐιαιρειάρχου
514 2687 627 2739 ἀντ’
650 2686 817 2741 αὑτοῦ
848 2690 1180 2759 προεϐάλετο
1200 2707 1215 2723 ο
1239 2692 1267 2743 ό
1292 2692 1399 2761 γάρ
1429 2691 1697 2754 Νικόλαος

108 2772 259 2839 οὗτος
291 2776 450 2845 φίλος
478 2774 549 2848 ἦν
577 2779 657 2849 τῷ
695 2778 905 2848 βασιλεῖ
922 2783 1017 2834 καὶ
1044 2784 1254 2848 πιστὸς,
1294 2785 1385 2838 καὶ
1411 2783 1587 2856 [περὶ]
1626 2786 1696 2839 τά

108 2868 401 2939 ἀπόρρητα
433 2871 614 2923 πάντα
646 2870 740 2923 τοῦ
776 2871 1024 2937 Ζαούτζα
1076 2873 1212 2943 δῆλα
1249 2874 1425 2945 τούτῳ
1462 2876 1691 2946 καθίστη

108 2960 195 3011 καὶ
235 2960 511 3016 ἔκπυστα.
546 2963 773 3017 Ἕκτοτε
804 2962 896 3017 οὖν
932 2966 962 3018 ό
990 2965 1243 3035 βασιλεὺς
1278 2970 1359 3031 είς
1377 2969 1437 3020 τὸ
1465 2968 1560 3020 τοῦ
1583 2970 1689 3022 Ζα-

106 3049 268 3115 ούτζα
287 3054 506 3107 κελλίον
528 3055 631 3107 οὐκ
661 3056 973 3127 εἰσήρχετο,
989 3060 1037 3112 εί
1058 3059 1132 3131 μὴ
1160 3060 1313 3114 Λέων
1336 3063 1363 3114 ὁ
1387 3062 1691 3132 μάγιστρος

104 3137 146 3212 ᾧ
165 3145 511 3217 Θεοδοτάκης
531 3149 1079 3220 ἐπώνυμον,τούτους
1096 3152 1348 3223 ἀλλήλοις
1385 3152 1688 3223 διήλλαξεν.

1794 2058 2072 2115 silentium
2114 2060 2409 2117 indicebat.
2441 2062 2845 2133 Perspectoque
2878 2066 3025 2119 clare
3056 2065 3378 2121 insidiarum

1794 2153 2057 2222 periculo,
2084 2154 2360 2209 suscitans
2383 2155 2774 2222 imperatorem
2809 2157 3038 2212 insidias
3098 2159 3380 2216 indicavit.

1794 2244 1990 2300 Statim
2031 2260 2164 2314 ergo
2198 2244 2253 2298 in
2289 2245 2564 2314 navigium
2592 2246 2871 2317 ingressus
2903 2247 3074 2319 Pegas
3121 2250 3385 2305 transfre-

1796 2338 1953 2400 tavit.
1985 2338 2200 2394 cunctis
2232 2340 2329 2401 ibi,
2354 2356 2417 2394 ac
2448 2341 2567 2409 ipso
2598 2339 2829 2404 Zautza,
2865 2341 3092 2397 relictis.
3155 2341 3383 2397 Statim-

1795 2446 1901 2500 que
1930 2447 2090 2486 mane
2125 2431 2177 2484 in
2204 2433 2461 2501 palatium
2495 2434 2742 2496 veniens.
2774 2432 2985 2490 Joanne
3024 2437 3381 2491 excubiarum

1795 2524 2093 2595 drungario
2126 2526 2195 2578 ab
2236 2524 2416 2580 oﬂicio
2444 2537 2655 2581 remoto
2695 2526 2929 2581 Pardum
2966 2526 3174 2583 Nieolai
3223 2529 3379 2585 hete-

1795 2616 2026 2669 riarchte
2050 2616 2219 2671 lilium
2244 2617 2290 2670 ei
2316 2619 2531 2671 muneri
2561 2618 2803 2688 praefecit
2828 2635 2839 2671 :
2879 2620 2927 2674 is
2962 2633 3196 2690 namque
3218 2619 3381 2675 Nico-

1795 2706 1913 2760 lans
1973 2707 2289 2776 imperatori
2349 2710 2561 2765 amicus
2602 2725 2985 2782 propensaque
3036 2711 3090 2766 in
3115 2728 3240 2767 eum
3278 2713 3385 2768 fide

1796 2794 2012 2850 Zautzae
2046 2813 2247 2852 arcana
2276 2801 2463 2853 omnia
2500 2815 2564 2855 ac
2594 2803 2827 2856 oonsilia
2857 2802 2908 2856 ei
2948 2801 3254 2874 detegebat.
3304 2800 3385 2857 Ex

1802 2895 1931 2939 tunc
1964 2887 2127 2957 igitur
2161 2887 2460 2957 imperator
2487 2890 2541 2943 in
2578 2888 2795 2945 Zautzte
2825 2890 3137 2947 cubiculum
3169 2906 3277 2946 non
3304 2891 3382 2946 in-

1795 2974 2017 3037 troibat.
2045 2977 2221 3032 donec
2267 2976 2375 3031 Leo
2403 2979 2686 3049 magister,
2733 2991 3099 3051 cognomento
3130 2980 3319 3037 Theod
3338 2995 3389 3037 J~

1797 3077 1969 3135 taces,
1996 3071 2189 3123 ambos
2220 3071 2655 3127 reconciliasset.

176 3237 261 3308 ιβ’.
281 3239 531 3312 Τελευτᾷ
543 3241 598 3294 δέ
614 3241 902 3309 Δύγοῦστα
927 3243 1185 3313 Θεοφανὼ
1203 3244 1296 3315 ἐτη
1322 3244 1691 3314 βασιλεύσασα

1870 3247 1957 3302 Η.
1986 3246 2565 3318 Moritur'l‘heophano
2584 3250 2849 3321 Augusta,
2885 3266 3061 3305 annos
3094 3251 3385 3307 duodecim

105 3331 334 3399 δώδεκα,
364 3334 489 3404 ἥτις
520 3334 615 3387 καὶ
660 3333 1075 3406 θαυματουργὺς
1106 3337 1413 3408 ἀνεδείχθη,
1444 3338 1694 3409 άνωτὲρα

106 3423 197 3476 τοῦ
231 3425 340 3493 τῆς
366 3424 707 3495 ζηλοτυπίας
736 3425 946 3490 πάθους
976 3431 1206 3496 φανεῖσα
1239 3430 1330 3481 καὶ
1373 3430 1565 3500 πράως
1595 3430 1695 3500 τὴν

108 3516 590 3587 παρευδοκίμησιν
638 3517 1021 3586 ύπενεγκοῦσα
1047 3520 1220 3589 Ζωῆς,
1262 3521 1357 3573 καὶ
1388 3523 1444 3573 ἐν
1470 3521 1696 3591 ἐλεημο-

108 3609 293 3673 σύναις
329 3609 427 3662 καὶ
458 3613 793 3681 προσευχαῖς
825 3611 918 3665 τὸν
957 3614 1174 3666 ἅπαντα
1224 3612 1339 3682 βίον
1371 3614 1690 3666 διανύσασα.

173 3699 267 3771 ιγ’.
339 3703 537 3772 Στέφει
576 3705 730 3757 Λέων
762 3706 790 3756 ὁ
841 3704 1094 3774 βασιλεὺς
1148 3706 1246 3775 τὴν
1277 3706 1557 3776 ῡυγατέρα
1599 3706 1693 3759 τοῦ

107 3796 143 3848 Ζ
151 3793 359 3859 αούτζα
380 3794 558 3866 Ζωὴν,
584 3797 681 3849 καὶ
698 3796 1001 3865 εὐλογεῖται
1022 3798 1172 3868 παρὰ
1195 3797 1290 3851 τοῦ
1319 3797 1582 3869 κληρικοῦ
1600 3798 1694 3851 τοῦ

106 3888 401 3951 παλατίου,
424 3880 470 3956 ᾧ
495 3888 730 3959 ἐπίκλην
751 3889 1012 3959 Σινάπης.
1059 3889 1115 3943 Ὀ
1144 3890 1243 3960 μὲν
1270 3889 1364 3943 οὖν
1396 3891 1695 3959 εὐλογήσας

104 3980 417 4051 καθῃρέθη,
449 3981 482 4051 ἡ
509 3980 566 4033 δὲ
597 3979 716 4043 ἐτος
738 3981 798 4034 ἓν
827 3982 921 4035 καὶ
951 3982 1127 4050 μῆνας
1152 3979 1298 4034 ὀκτὼ
1332 3980 1696 4051 βασιλεύσασα

103 4070 486 4139 ἐτελεύτησεν.
520 4072 783 4141 Λάρνακα
807 4071 872 4142 δὴ
906 4072 1136 4143 ἐφεῦρον
1158 4071 1245 4141 ἐφ’
1277 4065 1321 4140 ᾧ
1360 4072 1695 4142 ἀποτεθῖψαι

102 4166 163 4216 τὸ
190 4165 360 4234 σῶμα
383 4164 556 4233 αὐτῆς
580 4167 638 4217 ἐν
673 4165 808 4235 αὐτῇ
831 4207 846 4230 ,
884 4163 971 4238 [Ρ.
1005 4164 1134 4237 ἳὲὅ]
1168 4166 1290 4237 ἥτις
1312 4165 1523 4219 τοιάνδε
1551 4163 1697 4237 εἶχεν

103 4256 599 4327 ἐγκεκολαμμένην
640 4258 857 4329 γραφήν
884 4273 900 4290 ·
932 4258 1207 4328 Θυγάτηρ
1253 4256 1612 4326 Βαϐυλῶνος
1654 4259 1694 4325 ἡ

104 4353 508 4418 ταλαίπωρος.

172 4442 260 4496 ιδ’.
318 4442 698 4513 Διεϐλήθησαν
749 4442 805 4495 δὲ
865 4441 943 4513 τῷ
1007 4442 1216 4513 βασιλεῖ
1266 4443 1542 4509 Μουσικὸς
1603 4445 1699 4499 καὶ

100 4535 473 4603 Σταυράκιος,
502 4534 577 4596 ὠς
608 4533 762 4604 παρὰ
792 4532 903 4586 τῶν
936 4532 1260 4605 στρατηγῶν
1289 4533 1441 4603 δῶρα
1486 4534 1699 4606 λαμϐά-

1798 3336 2027 3406 imperio
2049 3338 2244 3407 potita,
2269 3349 2429 3405 atque
2451 3349 2575 3408 post
2599 3350 2826 3396 mortem
2855 3341 3248 3396 miraculorum
3270 3342 3386 3409 glo-

1798 3428 1875 3481 ria
1907 3426 2139 3493 claruit;
2171 3446 2292 3499 quae
2320 3431 2576 3485 nimirum
2602 3432 2881 3502 zelotypiaz
2906 3431 3101 3487 aﬂ'ectu
3138 3434 3388 3503 superior

1797 3520 2013 3586 fuisset,
2034 3522 2282 3592 Zoesque
2297 3523 2629 3591 spretionem
2650 3523 2861 3593 placide
2878 3524 3114 3589 tulisset,
3135 3540 3199 3581 ac
3218 3524 3385 3579 vitam

1797 3624 2015 3662 omnem
2040 3610 2403 3678 elcemosynis
2425 3621 2588 3679 atque
2626 3612 2879 3681 precibus
2902 3614 3127 3669 assidua
3157 3616 3383 3684 egisset.

1869 3701 1954 3754 13.
1988 3700 2231 3755 Coronat
2266 3701 2373 3757 Leo
2405 3703 2700 3772 imperator
2733 3702 2896 3759 Zoem
2932 3704 3151 3760 Zautzte
3191 3707 3386 3773 tiliam,

1796 3800 1851 3847 et
1878 3806 1907 3845 a
1935 3794 2173 3861 quodam
2205 3794 2408 3848 clerico
2435 3795 2702 3863 palatino,
2736 3806 3104 3865 cognomento
3122 3795 3383 3867 Sinapes,

1809 3896 1911 3951 pro
1945 3883 2261 3951 nuptiarum
2301 3885 2522 3938 corollis
2559 3886 2943 3941 benedictione
2986 3888 3245 3942 donatur.
3289 3887 3390 3942 Be-

1799 3975 2132 4031 nedictionis
2175 3978 2422 4031 minister
2452 3978 2632 4033 ofﬁcio
2664 3979 2943 4048 depositus
2974 3986 3078 4033 est.
3124 3977 3234 4034 Zoe
3262 3994 3387 4034 cum

1799 4080 2003 4120 annum
2046 4083 2212 4121 unum
2255 4084 2319 4122 ac
2363 4084 2578 4125 menses
2626 4079 2751 4125 octo
2792 4069 2845 4124 in
2889 4069 3116 4139 imperio
3139 4070 3389 4137 vixisset,

1800 4156 1926 4212 fatis
1956 4159 2139 4213 functa
2172 4167 2276 4213 est.
2307 4160 2531 4215 Inventa
2563 4177 2697 4214 urna
2733 4162 2783 4215 in
2817 4176 2982 4230 quam
3009 4160 3129 4230 ejus
3159 4161 3393 4216 cadaver

1804 4251 2124 4317 inferretur,
2176 4253 2230 4307 in
2298 4256 2414 4309 haec
2450 4253 2614 4309 verba
2664 4270 2730 4310 ac
2787 4254 3120 4309 sententiam
3175 4253 3389 4320 caelata,

1802 4342 1948 4399 Filia
1986 4344 2274 4416 Babylonis
2307 4347 2520 4401 misera.

1870 4439 2031 4508 362
2072 4440 2159 4491 14.
2209 4437 2379 4493 Porro
2413 4440 2577 4493 delati
2611 4450 2740 4493 sunt
2790 4440 2934 4509 apud
2997 4440 3390 4509 imperatorem

1800 4530 2038 4585 Musirus
2059 4539 2113 4585 et
2143 4530 2493 4594 Stauracius,
2525 4541 2781 4601 tanquam
2821 4532 2910 4601 qui
2947 4546 3174 4586 munera
3208 4546 3237 4585 a
3287 4529 3392 4585 du-

100 4642 314 4689 νοντες,
350 4624 487 4678 ἀλλὰ
532 4627 628 4677 καὶ
663 4625 813 4695 παρὰ
840 4624 951 4679 τῶν
998 4626 1299 4697 ἀρχόντων,
1348 4627 1694 4696 μεσιτεύουσι

1800 4623 1959 4677 cibus
1991 4638 2055 4676 ac
2082 4623 2495 4692 magistratibus
2519 4623 2831 4692 acciperent
2865 4630 2919 4677 et
2965 4621 3110 4692 apud
3147 4622 3387 4691 impera-

98 4718 318 4780 τούτοις
355 4716 433 4787 τῷ
466 4717 904 4789 βασιλεοπάτορι.
927 4718 1035 4773 Καί
1068 4736 1198 4771 ποτε
1230 4717 1322 4772 τοῦ
1349 4720 1692 4789 Σταυρακίου

1801 4714 1935 4770 toris
1970 4723 2177 4783 patrem
2208 4729 2303 4783 per
2333 4713 2525 4769 sordes
2556 4712 2979 4769 intercederent.
3034 4712 3113 4768 Ac
3137 4727 3267 4766 vero
3303 4711 3391 4765 in-

102 4812 243 4879 μετὰ
272 4810 627 4879 γραμμάτων
661 4809 812 4865 τινὸς
831 4810 944 4863 τῶν
976 4811 1299 4882 στρατηγῶν
1344 4813 1425 4875 εἰς
1455 4811 1550 4864 τὸν
1593 4811 1692 4881 βα-

1798 4822 1988 4878 gresso
2022 4806 2354 4878 quandoque
2384 4806 2675 4861 Stauracio
2700 4806 2765 4860 ad
2794 4804 3147 4876 imperatoris
3174 4814 3388 4875 patrem

100 4904 474 4970 σιλεοπάτορα
507 4902 936 4972 εἰσεληλυθότος,
970 4902 1045 4967 ὡς
1087 4899 1228 4956 εἶδεν
1257 4905 1421 4958 αὐτὸν
1457 4905 1486 4957 ό
1538 4904 1694 4975 βασι-

1798 4916 1923 4955 cum
1959 4901 2161 4955 ducum
2209 4900 2442 4969 alicujus
2476 4899 2680 4962 libello,
2718 4898 2809 4954 ubi
2841 4914 2967 4954 eum
3011 4899 3308 4968 imperator
3338 4897 3391 4951 in

98 4999 225 5060 λεῦς
249 5000 315 5049 ἐν
339 4995 419 5065 τῷ
453 4995 662 5065 ἡλιακῷ
695 4996 965 5065 ἑστηκὼς,
1000 4996 1231 5051 κατόπιν
1254 4997 1417 5052 αὐτοῦ
1449 4998 1694 5069 εἰσῆλθεν

1800 4994 1965 5047 solari
2001 4992 2281 5062 horologio
2311 5001 2466 5047 stans
2498 4992 2729 5061 aspexit,
2757 4985 3036 5045 hominem
3069 5005 3210 5060 pone
3231 5005 3391 5044 secu-

98 5093 193 5143 καὶ
220 5088 326 5142 τοῦ
356 5088 604 5151 τένοντος
638 5087 804 5141 αὐτὸν
827 5087 1127 5160 λαϐόμενος
1145 5088 1252 5155 ἔξω
1296 5090 1568 5161 ἐξήγαγεν
1614 5091 1692 5155 ὡς

1802 5094 1891 5141 tus
1923 5094 2005 5141 est
2036 5084 2362 5154 cerviceque
2391 5083 2801 5154 apprehensum
2828 5081 2978 5138 foras
3005 5083 3217 5148 eduxit,
3269 5092 3392 5137 tan-

98 5184 265 5253 δῆθεν
322 5180 457 5250 περὶ
501 5180 611 5235 τῶν
664 5180 987 5253 στρατηγῶν
1024 5182 1345 5254 ἐρωτήσων,
1376 5185 1471 5238 καὶ
1523 5185 1604 5248 είς
1631 5184 1693 5238 τὸ

1800 5191 1963 5247 quam
1996 5174 2258 5229 nimirum
2310 5175 2377 5231 de
2403 5174 2635 5230 ducibus
2665 5174 3029 5244 quaestionem
3058 5171 3383 5239 habiturus;

99 5274 426 5343 λῙο-ιόθυρον
464 5270 692 5341 ἀγαγὼν
742 5272 838 5326 καὶ
882 5272 955 5325 τά
986 5272 1295 5344 γράμματα
1334 5274 1538 5345 ἐξάρας
1584 5275 1693 5327 ἀπ-

1799 5270 2130 5339 trahensque
2179 5269 2248 5323 ad
2298 5268 2685 5339 Monothyrum
2714 5307 2732 5333 ,
2790 5267 3097 5337 ablatisque
3159 5265 3387 5330 tabulis,

100 5366 469 5435 εσφενδόνησε
492 5364 682 5418 τοῦτον
708 5366 802 5417 καὶ
818 5366 928 5427 τοῖς
956 5364 1354 5436 προστυχοῦσιν
1371 5366 1571 5420 ἔδωκεν
1598 5365 1690 5420 τοῦ

1804 5364 2080 5419 hominem
2113 5362 2389 5428 excussit;
2424 5377 2489 5417 ac
2517 5362 2585 5416 iis
2614 5361 2707 5430 qui
2728 5359 2868 5415 forte
2902 5360 3153 5424 aderant,
3190 5360 3392 5430 palatio

99 5459 380 5513 παλατίου
414 5457 708 5526 ἐξαγαγεῖν
732 5458 825 5511 καὶ
852 5458 1085 5529 μοναχὸν
1116 5458 1434 5530 ἀποκεῖραι.
1483 5459 1692 5513 Μαθὼν

1798 5458 2141 5512 educendum
2178 5464 2343 5525 atque
2375 5456 2431 5509 in
2464 5454 2792 5509 monachum
2826 5452 3254 5519 detondendnm,
3292 5452 3388 5507 de-

98 5553 151 5605 δὲ
192 5552 358 5605 τοῦτο
389 5552 419 5604 ό
453 5550 727 5613 Μουσικδς
762 5551 820 5603 ἐν
845 5550 1157 5619 ἀπογνώσει
1212 5553 1457 5621 γέγονεν.
1512 5553 1694 5606 Εἰσελ-

1798 5549 1895 5603 dit.
1938 5548 1995 5602 Id
2030 5562 2159 5604 vero
2190 5546 2531 5617 utcognovit
2577 5544 2838 5611 Musicns,
2874 5544 3257 5614 desperatione
3302 5545 3387 5613 agi

99 5644 212 5696 θὼν
235 5643 299 5695 δὲ
341 5644 370 5694 ὁ
403 5640 662 5713 βασιλεὺς
699 5641 827 5696 ἔνθα
857 5643 885 5695 ό
933 5642 1211 5707 Μουσικὸς
1259 5644 1567 5713 παρίστατο
1614 5644 1694 5714 τῷ

1799 5643 2026 5711 suisque
2058 5639 2223 5695 rebus
2254 5638 2499 5693 diuidere
2533 5638 2720 5708 coepit.
2767 5637 3052 5708 Ingressus
3082 5638 3263 5703 itaque
3288 5637 3387 5689 im-

101 5734 381 5805 Ζαούτζᾳ,
418 5733 610 5787 τοῦτον
631 5734 783 5803 παρᾶ
820 5735 914 5788 τὸν
936 5734 1207 5806 τράχηλον
1236 5735 1458 5805 ὡθήσας
1499 5738 1694 5806 ἐξήγα-

1800 5744 2035 5803 perator,
2073 5731 2163 5785 ubi
2195 5731 2284 5785 ille
2308 5730 2525 5784 Zautzte
2555 5732 2791 5795 astabat.
2806 5729 2948 5784 collo
2975 5728 3380 5798 apprehensum

102 5840 203 5891 τεν
226 5865 245 5893 ,
269 5824 662 5896 διορισάμενος
712 5826 1087 5896 Χριστοφόρον
1135 5826 1457 5900 κοιτωνίτην
1489 5828 1545 5881 ἐν
1582 5830 1694 5892 τοῖς

1804 5825 2032 5881 trudens
2080 5824 2309 5893 expulit,
2361 5838 2425 5879 ac
2475 5821 2883 5895 Christophoro
2921 5818 3259 5879 cubiculario
3326 5814 3383 5873 in
