4154 6446
96 404 191 464 381

1157 403 1303 461 LIB.
1339 402 1434 460 Vl.
1480 427 1546 436 -
1578 401 1720 460 LEO
1754 403 2037 460 BASILIl
2067 403 2341 461 FILlUS.

3257 402 3360 463 382

99 515 379 576 Νικόλαος,
417 515 444 564 ό
492 511 659 563 πολλὰ
697 511 797 580 μὲν
831 513 971 565 κατὰ
1007 513 1104 579 τῆς
1145 511 1190 542 ⁵³
1240 512 1431 578 σοφίας
1468 529 1668 581 προτε-

1807 513 2040 580 apicntia
2076 525 2364 582 pt-mstans,
2396 527 2517 566 cum
2553 514 2666 582 pari
2715 515 2983 570 modestia
3039 533 3365 586 morumque

102 612 316 678 ρήματα
345 607 440 658 σὺν
472 605 770 672 εὐσχήμονι
801 605 1152 655 καταστάσει.
1184 603 1516 672 Παρελήσρθη
1553 602 1608 653 δὲ
1645 603 1678 672 ή

101 700 249 760 πόλις
310 697 668 767 Δημητριὰς,
714 697 747 764 ἡ
782 695 838 747 ἐν
885 695 961 764 τῷ
1002 694 1200 763 θέματι
1249 694 1540 757 Ἑλλάδος,
1577 692 1683 745 ὑπὸ

102 791 202 841 τῶν
241 787 592 860 Ἀγαρηνῶν.

169 878 255 941 ιζ’.
294 879 450 932 Λέων
480 877 537 930 δὲ
567 879 594 929 ό
633 875 886 946 βασιλεὺς
918 874 1104 942 στέφει
1139 877 1340 927 ’Ἅνναν
1371 875 1683 945 θυγατέραν

105 973 249 1038 Ζωῆς
286 971 389 1040 τὴν
420 969 529 1022 ἀπὸ
571 967 665 1020 τοῦ
697 967 744 999 ⁵⁵
785 965 1028 1028 Ζαούτζα
1049 1006 1061 1029 ,
1098 967 1186 1018 διὰ
1217 965 1278 1017 τὸ
1318 967 1392 1034 μὴ
1422 966 1684 1020 δύνασθαι

105 1063 270 1114 ποιεῖν
329 1060 399 1112 τὰ
460 1060 604 1112 κατὰ
661 1058 829 1110 τύπον
879 1058 1176 1126 κλητόρια,
1233 1057 1552 1126 Αὐγούστης
1609 1058 1684 1127 μὴ

105 1153 285 1221 οὔσης.
343 1151 612 1218 Ἠγάγετο
644 1150 700 1202 δὲ
735 1153 762 1202 ό
808 1151 1060 1220 βασιλεὺς
1092 1152 1262 1220 κόρην
1302 1153 1368 1202 ἐκ
1398 1151 1493 1203 τοῦ
1537 1152 1686 1219 Ὀψιο

107 1245 219 1296 κίου
257 1245 518 1312 θέματος,
559 1244 769 1313 ὡραίαν
809 1260 868 1295 τε
915 1245 1009 1297 καὶ
1042 1242 1383 1313 περικαλλῆιο
1420 1243 1590 1312 ὄνομα
1632 1243 1687 1297 δὲ

108 1338 234 1405 αὐτῇ
272 1335 528 1386 Εὺδοκία.
577 1335 827 1402 Ἐγημέν
874 1351 933 1385 τε
975 1333 1143 1403 αὐτὴν
1171 1335 1272 1387 καὶ
1311 1333 1539 1402 ἔστεψεν
1569 1352 1582 1365 ·
1629 1334 1688 1400 ἐξ

108 1423 166 1495 ἧς
203 1427 372 1479 παῖδα
417 1426 674 1495 ἐποίησεν
704 1428 929 1498 ἆρῤενα,
965 1428 1050 1495 ἐφ’
1096 1421 1141 1496 ᾧ
1187 1427 1292 1480 καὶ
1327 1429 1467 1496 αὑτὴ
1501 1428 1594 1480 καὶ
1627 1427 1689 1481 τὸ

111 1519 369 1588 γεννηθὲν
410 1518 786 1586 ἐτελεύτησεν.

175 1698 268 1766 ιη’.
325 1699 582 1750 Ἐκτισεν
631 1696 688 1750 δὲ
732 1697 963 1766 πλησίον
993 1694 1086 1748 τοῦ
1118 1695 1226 1749 τῶν
1279 1696 1478 1762 Ἀγίων
1531 1697 1690 1749 Ἀποο

115 1793 317 1843 στόλων
349 1791 479 1842 ναοῦ
528 1790 826 1857 ἐκκλησίαν
855 1789 882 1840 ὁ
918 1788 1174 1858 βασιλεὺς
1202 1789 1290 1840 ἐπ’
1332 1789 1557 1857 ὀνόματι
1591 1789 1691 1857 τῆς

1783 606 2198 672 eutupositione.
2260 607 2425 676 Capta
2473 607 2540 660 al)
2569 607 2836 675 Agat'enis
2873 609 3002 662 urbs
3036 608 3364 674 Demetrias,

1784 703 2038 753 spectans
2066 696 2132 749 ad
2163 697 2354 752 Attica:
2388 698 2592 752 thema.

1857 871 1943 925 i7.
1998 870 2238 926 Coronat
2284 871 2393 926 Leo
2442 874 2653 927 Annam
2725 875 2861 930 Zoes
2927 873 3092 928 ﬁliam
3148 875 3366 930 Zautzie

1787 975 2025 1034 neptem,
2062 964 2207 1034 quod
2239 967 2538 1019 constituta
2570 982 2634 1019 ex
2667 983 2816 1020 more
2845 967 3093 1022 convivia
3125 969 3364 1035 publica,

1786 1057 2073 1112 deficiente
2128 1058 2399 1126 Augusta,
2456 1059 2734 1112 celebrare
2771 1074 2875 1111 non
2940 1065 3144 1126 posset.
3205 1057 3369 1111 Duxit

1788 1166 1917 1204 vero
1953 1150 2247 1217 imperator
2281 1150 2516 1219 puellam
2551 1165 2616 1205 ex
2645 1148 2852 1218 Opsicii
2878 1151 3118 1204 themate
3155 1149 3366 1205 formo-

1789 1257 1904 1297 sam
1956 1242 2225 1311 longeque
2278 1242 2741 1309 pulcherrimam,
2782 1240 3081 1295 Eudociam
3122 1240 3366 1306 nomine,

1789 1330 2186 1398 celebratisque
2225 1330 2540 1398 nuptiarum
2573 1331 2856 1386 solemuiis
2885 1331 3174 1398 Augustali
3204 1345 3369 1385 coro-

1791 1436 1857 1474 na
1894 1422 2156 1487 donavit;
2196 1435 2262 1473 ex
2334 1434 2438 1487 qua
2476 1429 2729 1488 suscepta
2767 1419 2917 1486 prole
2951 1419 3215 1482 mascula,
3253 1426 3367 1472 tum

1790 1512 1906 1580 ipsa
1946 1512 2001 1566 in
2039 1521 2198 1581 partu
2248 1509 2496 1573 interiit,
2558 1519 2670 1563 tutu
2720 1524 2885 1579 quam
2933 1510 3140 1578 prolem
3191 1516 3373 1565 sustu-

1791 1602 1947 1658 lerat.

1866 1694 1952 1749 18.
2003 1695 2158 1749 Haud
2212 1695 2406 1765 procul
2458 1696 2525 1749 ab
2556 1695 2669 1749 mde
2704 1693 2804 1749 SS.
2833 1694 3226 1764 Apostolorum
3260 1692 3370 1746 l.eo

1791 1786 2052 1854 templum
2101 1802 2167 1839 ex
2202 1786 2420 1840 nomine
2465 1785 2664 1854 prioris
2707 1787 2896 1840 uxoris
2927 1801 3040 1840 sua}
3076 1786 3368 1854 Theopha-

116 1885 383 1953 προτέρας
435 1882 599 1935 αὑτοῦ
643 1882 900 1950 γυναικὸς
950 1881 1278 1950 Θεοφανοῦς.
1332 1881 1589 1936 Ἐκτισεν
1633 1881 1689 1934 δὲ

1802 1880 1955 1933 nonis
1993 1880 2286 1933 exstruxit.
2324 1879 2427 1934 Sed
2460 1891 2513 1936 et
2553 1880 2609 1935 S.
2647 1879 2838 1934 Lazari
2879 1881 3168 1935 ecclesiam
3207 1877 3370 1949 365

117 1979 199 2030 καὶ
222 1979 328 2044 τὴν
365 1976 460 2029 τοῦ
492 1975 674 2042 Ἀγίου
714 1973 968 2045 Λαζάρου
1006 1973 1302 2044 ἐκκλησίαν
1330 1974 1438 2026 τῶν
1467 1973 1694 2042 λεγομέ-

116 2088 210 2119 νων
244 2069 476 2132 Τόπων,
520 2067 617 2118 καὶ
668 2065 833 2136 μονὴν
883 2064 1093 2137 ἀνδρῶν
1128 2064 1406 2134 εὐνούχων
1449 2065 1508 2118 ἐν
1542 2065 1691 2134 αὐτῇ

118 2157 553 2211 κατεσκεύασεν·
608 2155 737 2209 ἔνθα
797 2156 894 2209 καὶ
949 2156 1011 2208 τὸ
1062 2155 1156 2208 τοῦ
1223 2157 1380 2224 ἁγίου
1442 2157 1694 2225 Λαζάρου

121 2252 268 2319 στῦμα
322 2249 420 2302 καὶ
463 2249 560 2319 τῆς
598 2248 832 2316 ἀδελφῆς
871 2247 1036 2300 αὑτοῦ
1077 2247 1444 2318 Μαγδαληνῆς
1491 2249 1694 2300 ἀνακο-

121 2346 278 2412 μίσας
321 2341 579 2396 ἀπέθετο.
614 2339 698 2412 [Ρ.
728 2339 858 2411 225]
889 2339 998 2392 Τοῦ
1021 2340 1077 2392 δὲ
1112 2340 1300 2392 στόλου
1340 2344 1397 2394 ἐν
1431 2342 1545 2402 τοῖς
1586 2339 1696 2391 τῶν

120 2433 430 2502 ἐκκλησιῶν
481 2432 739 2486 τοιούτων
787 2430 971 2503 ἔργοις
1035 2431 1473 2501 ἀσχολουμένου,
1529 2431 1590 2483 τὸ
1639 2434 1696 2483 ἐν

120 2525 340 2596 Σικελίᾳ
387 2524 765 2596 Ταυρομένιον
807 2525 913 2578 ὑπὸ
957 2525 1065 2578 τῶν
1107 2523 1334 2593 ’Δφρων
1366 2523 1696 2593 παρελήφθη

121 2620 206 2670 καὶ
239 2616 414 2678 πολὺς
443 2616 549 2668 τῶν
586 2614 874 2682 Ῥωμαίων
907 2615 1066 2685 φόνος
1103 2614 1342 2682 ἐγένετο.
1375 2613 1696 2683 Κατεσχέοη

121 2711 169 2762 δὲ
212 2713 310 2763 καὶ
365 2709 588 2778 Λῆμνος
639 2708 742 2760 ὑπὸ
780 2707 890 2761 τῶν
932 2707 1274 2778 ’Δγαρηνῶν,
1317 2708 1413 2762 καὶ
1446 2706 1699 2770 πλεῖστος

123 2801 513 2871 ᾐχμαλωτίσθη
546 2800 698 2863 λαός.

189 2911 277 2966 ιθ¹.
334 2911 664 2980 Προέλευσιν
710 2909 767 2961 δὲ
798 2907 893 2962 τοῦ
925 2907 1190 2977 βασιλέως
1221 2905 1586 2977 πεποιηκότος
1631 2907 1697 2976 τῇ

123 3004 304 3074 ἡμέρᾳ
333 3003 433 3070 τῆς
468 2983 997 3070 Μεσοπεντηκοστῆς
1031 3000 1111 3061 εἰς
1135 2999 1227 3051 τὸν
1267 3000 1424 3066 ἆγιον
1452 2996 1697 3062 Μώκιον,

124 3097 175 3147 ἐν
215 3096 295 3163 τῷ
325 3093 622 3146 εἰσοδεύειν
665 3095 761 3145 καὶ
800 3091 1030 3161 πλησίον
1060 3089 1170 3142 τῶν
1195 3090 1401 3157 Ἀγίων
1445 3087 1700 3156 γενέσθαι

1797 1973 1862 2026 ad
1891 1969 2073 2041 Topos
2096 1973 2255 2042 (quos
2297 1974 2518 2043 vocant)
2546 1974 2856 2038 aediﬁcavit,
2899 1975 3062 2042 inque
3100 1973 3191 2026 illa
3222 1973 3370 2026 viro-

1795 2080 1914 2118 rum
1978 2065 2356 2119 cunuchorum
2431 2066 2822 2120 monasterium
2884 2066 3205 2129 constituit;
3259 2079 3371 2134 quo

1795 2159 1957 2212 etiam
1986 2159 2043 2213 S.
2086 2158 2276 2212 Lazari
2311 2174 2510 2228 corpus
2547 2159 2775 2229 ejusque
2805 2158 3011 2214 sororis
3041 2157 3372 2227 Magdalenze

1794 2268 1997 2318 corpus
2046 2252 2373 2306 translatum
2431 2252 2704 2320 deposuit.
2757 2251 2893 2305 Dum
2938 2266 3069 2306 vero
3107 2249 3371 2304 classiarii

1796 2342 2102 2397 istiusmodi
2133 2343 2386 2410 operibus
2430 2353 2648 2411 tempus
2678 2341 3020 2406 distrahunt,
3070 2340 3375 2395 Taurome-

1799 2435 1948 2487 nium
1986 2435 2040 2487 in
2081 2434 2267 2487 Sicilia
2312 2434 2380 2487 ab
2413 2434 2561 2497 Afris
2591 2435 2808 2503 capitur
2840 2434 3141 2503 ingensque
3181 2430 3378 2486 Roma.

1799 2543 1994 2580 norum
2027 2527 2208 2581 clades
2264 2527 2468 2597 agitur.
2506 2527 2713 2582 Lemno
2759 2540 2979 2596 quoque
3018 2525 3175 2594 potiti
3233 2525 3377 2594 Aga-

1799 2618 1914 2672 reni
1982 2633 2232 2689 magnam
2314 2617 2656 2688 captivorum
2724 2616 3130 2673 multitudinem
3197 2615 3376 2671 abdu-

1799 2719 1947 2765 ευηι.

1873 2907 1960 2962 19.
2008 2905 2144 2960 Cum
2192 2906 2487 2976 imperator
2519 2907 2608 2962 die
2653 2906 2849 2961 mediae
2888 2906 3240 2962 Pentecostes
3285 2917 3381 2961 so—

1801 2999 1966 3055 lemni
1999 3013 2194 3068 pompa
2240 3000 2306 3054 ad
2343 2999 2404 3054 S.
2456 2998 2692 3054 Mocium
2745 2998 3129 3068 processisset,
3159 2998 3381 3066 jamque

1803 3092 2171 3162 introgressus
2202 3091 2267 3145 ad
2298 3100 2517 3145 sanctas
2554 3106 2723 3160 prope
2745 3091 2944 3159 januas
2969 3105 3034 3144 ac
3069 3089 3376 3145 sacrarium

125 3188 300 3256 θυρῶν
333 3184 737 3254 ἐκπεπηδηκώς
760 3201 846 3248 τις
875 3183 969 3238 τοῦ
1008 3183 1260 3252 ᾶμῦωνος
1291 3182 1473 3252 ῥάϐδῳ
1499 3181 1697 3251 παχείᾳ

1805 3187 2065 3247 venisset,
2097 3185 2355 3240 exsiliens
2378 3186 2503 3253 quis
2544 3199 2608 3238 ex
2644 3183 2880 3238 amboue
2910 3182 3195 3237 robustum
3226 3196 3382 3235 cras-

125 3285 212 3332 καί
238 3282 442 3349 ἰσχυρᾷ
479 3279 670 3331 τούτου
699 3277 893 3331 ἔπαισε
923 3277 1068 3330 κατὰ
1098 3275 1364 3344 κεφαλῆς.
1398 3276 1506 3328 Καὶ
1534 3275 1599 3346 δὴ
1633 3276 1699 3327 ἂν

123 3375 466 3427 ἐθανάτωσεν
527 3369 810 3439 παρευθὺ,
867 3371 916 3422 εί
979 3370 1052 3438 μὴ
1100 3370 1328 3438 προνοίᾳ
1358 3367 1465 3421 τινὶ
1500 3368 1562 3421 τὸ
1599 3370 1700 3436 τῆς

127 3465 321 3533 ρἅδου
361 3466 532 3532 ἄκρον
571 3462 649 3531 τῷ
680 3461 1069 3530 πολυκανδήλῳ
1114 3459 1576 3530 προσκεκρουκὼς
1602 3459 1700 3527 τῆς

125 3558 302 3627 βιαίας
359 3555 558 3625 μικρὸν
611 3551 874 3622 ἁνεσχέθη
940 3554 1134 3622 φορᾶς.
1197 3551 1305 3604 Τοῦ
1357 3552 1412 3603 δὲ
1467 3551 1701 3620 αἵματος

124 3646 369 3717 σφοδρῶς
395 3647 459 3697 ἐκ
490 3644 590 3711 τῆς
615 3643 709 3695 τοῦ
741 3643 1007 3712 βασιλέως
1033 3642 1430 3712 καταρρέοντος
1455 3640 1702 3709 κεφαλῆς

123 3741 334 3807 ταραχή
374 3753 437 3789 τε
467 3735 565 3789 καὶ
596 3733 743 3803 φυγὴ
789 3733 898 3786 τῶν
929 3733 1206 3803 ἀρχόντων
1249 3734 1486 3800 ἐγένετο.
1547 3733 1605 3786 '0
1646 3733 1702 3785 δὲ

121 3831 351 3898 ἁδελφὸς
397 3826 567 3880 αὑτοῦ
619 3824 964 3896 Ἀλέξανδρος
1017 3826 1170 3878 νόσον
1223 3825 1704 3894 προφασισάμενος

122 3923 178 3974 οὗ
205 3917 482 3987 κατῆλθεν
518 3920 577 3970 έν
601 3919 666 3986 τῇ
699 3917 913 3986 εἰσόδῳ,
945 3917 1019 3979 ὡς
1049 3920 1115 3970 ἐκ
1140 3916 1332 3969 τούτου
1361 3917 1705 3986 ὑποπτευθῆ-

125 4029 206 4064 ναι
237 4011 409 4064 αὑτὸν
442 4009 543 4080 τὴν
587 4009 845 4077 τοιαύτην
895 4009 1190 4078 ἐπιδουλὴν
1229 4008 1700 4078 κατεργάσασθαι.

137 4103 190 4154 ὐ
230 4104 287 4155 δὲ
331 4102 425 4154 τὸν
461 4100 685 4169 βασιλέα
715 4099 922 4169 πλήξας
963 4100 1318 4169 κατασχεθεὶς
1357 4099 1451 4151 καὶ
1502 4099 1704 4160 πολλὰς

128 4195 397 4263 βασάνους
449 4191 914 4261 ὑπομεμενηκὼς,
967 4193 1088 4243 ἐπεὶ
1149 4192 1354 4261 μηδένα
1407 4192 1705 4243 συνειδέναι

126 4285 532 4354 καθωμολόγει,
566 4283 715 4346 τέλος
744 4288 931 4355 χεῖρας
958 4285 1050 4337 καὶ
1079 4285 1240 4347 πόδας
1268 4285 1522 4347 ἐκκοπεὶς
1553 4287 1609 4337 ἐν
1638 4288 1703 4355 τῇ

122 4379 210 4430 τοῦ
248 4377 487 4430 ἱππικοῦ
540 4377 798 4446 σφενδόνῃ
841 4377 1000 4444 ἐκάη.
1038 4377 1264 4428 Ἐκτοτε
1297 4377 1353 4428 δὲ
1401 4379 1433 4446 ἡ
1481 4376 1704 4446 τοιαύτη

123 4469 366 4536 ἐξεκόπη
404 4466 744 4535 προέλευσις.
780 4467 934 4518 Μετὰ
969 4465 1025 4516 δέ
1053 4482 1176 4517 τινα
1202 4465 1392 4533 καιρὸν
1425 4466 1648 4535 Μάρκος
1679 4467 1706 4518 ὁ

1807 3294 2040 3346 sumque
2067 3277 2264 3332 fustem
2304 3278 2359 3331 in
2382 3278 2502 3346 ejus
2524 3285 2686 3346 caput
2708 3275 2952 3344 impegit.
2991 3274 3068 3328 Ac
3089 3287 3223 3328 sane
3253 3287 3382 3327 mox

1807 3375 2145 3439 sustulisset,
2215 3373 2321 3426 nisi
2375 3372 2614 3441 quadam
2680 3369 2773 3424 Dei
2823 3366 3165 3439 providentia
3223 3365 3383 3420 fustis

1807 3468 2098 3523 summitas
2140 3466 2412 3520 multiﬁdo
2459 3463 2710 3532 pendenti
2749 3461 3082 3517 candelabro
3113 3459 3252 3514 illisa
3280 3458 3387 3512 im-

1807 3575 1993 3632 petum
2032 3559 2296 3626 tantisper
2327 3558 2650 3611 remisisset.
2680 3556 2893 3610 Cruore
2926 3569 2993 3608 ex
3035 3549 3386 3622 imperatoris

1809 3654 1982 3722 capite
2032 3651 2255 3720 largiter
2302 3649 2570 3702 defluente
2610 3645 2810 3714 turbati
2845 3658 3104 3715 proceres
3139 3642 3230 3696 alii
3279 3641 3386 3694 alio

1807 3745 2092 3812 diffugere.
2126 3742 2436 3798 Alexander
2461 3741 2580 3807 ejus
2617 3739 2784 3794 frater
2817 3737 3224 3808 aegrotationem
3256 3748 3386 3787 catt-

1809 3846 1963 3893 sattts
1996 3850 2207 3906 pompae
2259 3849 2364 3888 non
2421 3833 2689 3896 interfuit,
2737 3846 2801 3885 ex
2831 3845 2943 3900 quo
2965 3826 3299 3898 ejuscemodi
3332 3826 3386 3879 in

1809 3932 2032 3987 fratrem
2081 3928 2401 3984 insidiarum
2449 3934 2640 3980 auctor
2686 3939 2857 3994 prope
2890 3920 3138 3976 inaudiit.
3173 3918 3386 3988 Appre-

1811 4025 2018 4078 heusus
2057 4020 2222 4090 igitur
2246 4033 2567 4086 percussor,
2605 4016 2903 4082 multisque
2941 4011 3229 4066 tormentis
3251 4009 3386 4064 sub-

1811 4125 1982 4169 actus.
2018 4128 2141 4166 cum
2196 4111 2404 4164 nullttm
2447 4107 2848 4177 coniurationis
2892 4103 3105 4160 socium
3142 4116 3306 4158 nosse
3327 4115 3386 4157 se

1812 4206 2178 4276 proﬁteretur,
2229 4203 2296 4255 ad
2351 4211 2659 4255 extremum
2725 4197 2983 4252 manibus
3048 4195 3389 4266 pedibusque

1813 4295 2057 4367 praecisis
2093 4295 2159 4348 ad
2182 4293 2325 4347 Circi
2352 4302 2551 4345 metam
2582 4290 2906 4345 combustus
2931 4295 3034 4342 est.
3067 4285 3197 4341 Post
3224 4286 3389 4340 breve

1813 4400 1993 4444 autem
2043 4400 2256 4454 tempus
2313 4384 2533 4439 Marcus
2584 4381 3033 4452 sapientissimus
3063 4378 3386 4441 monachus,

1815 4484 1934 4551 ejus
1987 4480 2233 4534 ecclesiae
2274 4491 2619 4536 oeconomus,
2668 4473 2763 4542 qui
2811 4471 2994 4541 magni
3038 4468 3249 4524 Cosrme
3282 4465 3389 4520 Te-

127 4560 444 4628 σοφὼτατος
478 4558 730 4627 μοναχδς,
764 4557 1043 4624 οἰκονόμος
1081 4556 1155 4607 ὢν
1180 4555 1280 4624 τῆς
1309 4556 1477 4626 αὐτῆς
1507 4556 1697 4626 ἐκκλη-

1810 4573 2079 4626 traodium
2112 4571 2372 4640 hymnum
2439 4566 2621 4636 magni
2681 4563 2910 4618 Sahbati
2965 4561 3225 4626 absolvit,
3263 4573 3387 4613 cum

127 4653 265 4713 σίας,
317 4650 380 4712 ὃς
435 4651 530 4700 καὶ
568 4651 627 4701 ἐν
670 4651 892 4721 μεγάλῳ
925 4651 1188 4722 Σαϐϐάτῳ
1231 4653 1557 4723 τετραῲδιον
1611 4653 1704 4707 τοῦ

128 4743 373 4809 μεγάλου
421 4741 618 4810 Κοσμᾶ
654 4741 1042 4813 ἀνεπλήρωσεν
1065 4784 1081 4808 ,
1134 4747 1191 4797 ἐν
1243 4749 1308 4816 τῇ
1340 4747 1590 4820 τραπέζῃ
1628 4748 1707 4818 τῷ

127 4832 342 4898 βασιλεῖ
408 4831 841 4902 συνεστιώμενος
915 4836 1164 4904 ἐλιπάρει
1237 4838 1410 4908 τούτῳ
1477 4840 1553 4908 μὴ
1609 4842 1707 4908 τὴν

124 4925 389 4994 τοιαύτην
439 4925 744 4994 ἐκκοπῆναι
796 4928 1136 4997 προέλευσιν.
1193 4930 1298 4982 Τοῦ
1339 4932 1395 4984 δὲ
1444 4933 1708 5000 βασιλέως

125 5016 568 5086 ἀπαναινομένου
622 5020 650 5070 ὁ
679 5019 906 5088 Μάρκος
956 5019 1058 5090 ἔφη
1086 5039 1100 5052 ο
1141 5021 1236 5090 Μὴ
1274 5023 1502 5092 ὀργίζου
1552 5027 1709 5094 μηδὲ

124 5110 485 5177 χαλέπαινε,
516 5109 562 5163 ὦ
588 5113 876 5175 βασιλεῦ,
907 5114 1035 5168 ἐπεὶ
1079 5118 1600 5188 προγεγραμμένον
1631 5115 1710 5189 ἦν

131 5203 286 5268 παρὰ
339 5200 449 5254 τοῦ
508 5205 820 5271 προφήτου
867 5206 1044 5259 Δαϐὶδ
1093 5208 1270 5262 τοῦτό
1321 5225 1396 5262 σε
1448 5213 1712 5264 καθυπο-

1814 4666 2140 4734 imperatore
2169 4662 2334 4731 366
2365 4673 2566 4714 mensae
2594 4657 2847 4712 assidens
2879 4655 3109 4724 rogabat
3139 4668 3206 4706 ne
3243 4651 3392 4718 ejus-

1812 4759 1956 4813 tnodi
1993 4771 2286 4826 processus
2319 4769 2384 4808 ac
2412 4767 2609 4823 pompa
2637 4751 2705 4803 ab
2745 4765 2810 4804 eo
2844 4749 3226 4817 abrogaretur.
3264 4744 3387 4809 Quo

1813 4851 2122 4912 abnuente,
2156 4849 2232 4901 ait
2283 4845 2500 4900 Marcus
2538 4861 2552 4897 :
2589 4841 2671 4896 Ne
2711 4843 2967 4895 irascaris
3023 4848 3114 4892 aut
3159 4839 3390 4906 iniquius

1814 4943 1980 5012 feras,
2017 4945 2330 5009 imperator.
2365 4938 2576 4992 Etenim
2604 4937 2657 4988 id
2686 4936 2813 4988 olim
2842 4933 2937 4986 tibi
2962 4945 3270 4984 eventurum
3299 4944 3387 4980 va-

1812 5037 2063 5089 ticinatus
2116 5041 2230 5086 erat
2270 5032 2442 5086 Dat-id
2469 5031 2747 5100 propheta.
2777 5026 3041 5080 Praedixit
3077 5025 3215 5078 enim
3257 5021 3390 5074 ille:

1819 5147 1837 5179 ι
1887 5126 2102 5193 Quanta
2139 5126 2466 5195 malignam:
2511 5134 2589 5178 est
2640 5123 2890 5176 inimicus
2943 5121 2998 5172 in
3035 5127 3218 5172 sancto
3244 5114 3393 5168 meo'

1812 5230 1860 5275 et
1879 5219 2094 5290 gloriati
2139 5219 2378 5288 suntqui
2419 5217 2644 5271 oderunt
2675 5225 2722 5269 te
2751 5215 2807 5267 in
2843 5212 3012 5266 medio
3043 5207 3394 5263 solemuitatis

126 5291 354 5360 στῆναι
379 5310 393 5323 ·
455 5295 772 5363 προείρηκε
815 5297 928 5366 τὰρ
975 5299 1182 5362 τοῦτο.
1218 5299 1412 5369 λέγων
1437 5316 1450 5330 ·
1488 5320 1506 5352 t
1553 5303 1697 5356 'Oaa

1815 5323 1919 5366 tuw
1939 5323 1984 5364 P.
2026 5309 2212 5379 Itaque
2267 5318 2471 5378 oportet
2528 5321 2574 5362 te
2623 5307 2756 5360 alios
2792 5304 2978 5358 exinde
3020 5316 3185 5356 annos
3213 5298 3391 5352 decem

124 5385 582 5452 έπογηρεύσατο
633 5392 665 5442 ό
713 5389 925 5458 ἐχθρὸς
972 5392 1043 5444 ἐν
1091 5391 1170 5456 τῷ
1219 5393 1367 5462 ἁγίῳ
1420 5411 1568 5458 σου,
1614 5413 1697 5450 κα.

1815 5403 2101 5468 imperare.
2149 5399 2310 5465 Quod
2352 5409 2404 5455 et
2435 5399 2684 5469 contigit.
2725 5394 2857 5452 Post
2888 5394 3072 5450 decem
3109 5391 3252 5446 enim
3291 5403 3390 5444 an—

198 5595 225 5632 p
264 5584 414 5639 Psal.
451 5599 647 5650 Lxxttt,
703 5587 755 5641 3.

1432 5747 1661 5803 Vtilile
1700 5750 1995 5810 LECTION
2010 5755 2112 5809 ES.

209 5854 254 5883 ’³
292 5855 317 5903 ὁ
352 5854 514 5917 πολζς
544 5854 609 5907 τὰ
642 5858 735 5926 τῆς
761 5856 1006 5913 (Σοηιὺοΐ.

1114 5861 1157 5892 ⁵³
1190 5861 1288 5928 τῆς
1318 5860 1407 5914 τοῦ
1430 5861 1488 5916 Ζ.
1527 5861 1775 5918 Contbcf.
