4154 6450
134 438 212 496 385

1142 433 1287 494 LIB.
1332 432 1429 491 \'I-
1468 457 1535 466 --
1568 428 1710 487 LEO
1733 427 2011 486 BASlLlI
2058 427 2328 486 FILIUS.

3252 425 3353 487 386

137 549 504 618 ἐπιφερόμενος
537 549 728 602 ἑκατόν
756 566 766 577 ⁸
797 547 938 617 νόσῳ
965 546 1020 598 δὲ
1051 544 1362 615 περιπεσὼν
1391 546 1447 596 tv
1476 544 1686 595 Θεσσα-

1809 540 1994 592 nissus
2031 546 2170 602 erat,
2204 549 2420 591 centum
2487 539 2607 590 auri
2654 537 2821 590 lthras
2849 535 3063 601 ferens;
3096 545 3258 606 atque
3303 538 3356 590 in

135 640 292 708 λονίκῃ
320 641 574 710 είσῆλθεν
615 641 755 693 ὥστε
785 638 1079 692 λούσασθαι
1119 638 1214 690 καὶ
1261 635 1345 707 [Ρ.
1376 634 1507 705 εεη
1550 637 1684 687 ἀπο-

135 729 305 780 λαῦσαι
329 731 424 782 ἁνέ
436 747 591 792 σεως.
616 730 818 782 Τοῦτον
841 731 868 781 6
891 727 1220 798 Τριπολίτης
1250 725 1562 794 κατασχὼν,
1590 725 1685 777 καὶ

137 821 297 889 μαθὼν
349 822 423 885 ὼς
477 822 701 891 χρυσίον
753 820 1117 889 ἐπιφέρεται,
1156 818 1326 870 πολλὰ
1386 817 1685 887 βασανίσας

134 917 434 968 ἀπέκτεινεν
487 916 654 985 μηδὲν
696 915 841 985 ἐχειν
877 915 1278 984 διατεινόμενον
1303 929 1315 943 ο
1355 914 1545 983 ἔτυχεν
1577 914 1684 980 γὰρ

133 1004 268 1056 τοῦτο
295 1007 354 1056 ἐν
384 1009 450 1074 τῇ
482 1005 586 1074 ὁδῷ
619 1005 924 1068 ἀπολιπὼν,
952 1007 1091 1074 ὅπερ
1125 1003 1350 1074 Συμεὼν
1381 1005 1686 1074 ὰσηκρῆτις

135 1096 462 1164 διερχόμενος
498 1097 773 1157 ἀνείλετο,
810 1096 870 1158 ὂς
909 1098 1046 1166 μετὰ
1070 1095 1246 1150 ταῦτα
1279 1081 1565 1166 πατρίκιος
1595 1097 1688 1147 καὶ⁸

133 1189 579 1257 πρωτασηκρῆτις
609 1187 847 1256 ἐγένετο.
888 1188 995 1242 Τοῦ
1041 1188 1096 1241 δὲ
1140 1188 1468 1258 Τριπολίτου
1517 1205 1688 1242 κατα-

135 1279 341 1346 στρέψαι
376 1280 475 1348 τὴν
505 1281 662 1331 πῦλιν
697 1280 1069 1350 βουληθέντος,
1103 1280 1253 1347 δηλοί
1285 1280 1434 1350 αὐτῷ
1465 1281 1689 1351 Συμεὼν

134 1371 331 1436 χρύσεον
359 1370 546 1422 λαὸεῐν
584 1372 800 1440 καὶτῆς
834 1373 1220 1441 καταστροφῆς
1247 1372 1616 1441 ἀποσχέσθαι·
1661 1373 1689 1425 ὃ

135 1459 206 1508 καὶ
240 1460 478 1524 γέγονεν.
519 1460 952 1530 Ὀπιοθόρμητος
981 1464 1142 1516 πάλιν
1163 1466 1191 1516 6
1217 1463 1324 1516 τῶν
1356 1463 1688 1534 Σαρακηνῶν

141 1551 296 1614 πόλος
326 1553 515 1622 ἀπῄει.
552 1552 612 1606 Ὀ
640 1554 697 1605 δὲ
738 1553 994 1625 Ίιμέριος
1024 1556 1194 1608 ταῦτα
1221 1556 1527 1628 διεγνωκὼς
1555 1557 1689 1627 πρὸς

132 1641 210 1708 τὴν
245 1644 372 1693 κατ’
404 1643 586 1694 αὐτῶν
614 1643 950 1698 διανίσταται
974 1646 1177 1711 δίωξιν.
1212 1649 1275 1698 Ut
1309 1647 1366 1699 δὲ
1397 1649 1464 1716 τῇ
1497 1648 1692 1719 Κρήτῃ

133 1733 538 1801 προσδεξλλουσι,
567 1738 792 1799 καὶτοῖς
822 1737 880 1790 ἐν
911 1737 1049 1808 αὐτῇ
1078 1739 1388 1808 ἀπόμοιραν
1412 1739 1510 1809 τῆς
1543 1738 1692 1801 λείας

130 1827 458 1895 ἀπένειμαν.
519 1828 775 1882 κάκεῖθεν
825 1833 893 1899 τῇ
948 1830 1167 1900 πατρίδι
1203 1832 1694 1900 παλινοστὴσαντες

131 1921 419 1986 ἀπρακτεῖν
454 1921 596 1972 κατὰ
624 1921 844 1992 Λῆμνον
871 1923 1033 1976 ἐῶσιν
1067 1924 1157 1976 τὸν
1201 1923 1477 1995 Ἢμέριον.

192 2179 291 2248 κβᾜ
336 2182 396 2232 Ὀ
445 2181 502 2234 δὲ
536 2182 788 2252 βασιλεὺς
819 2180 931 2255 εἶχε
980 2187 1088 2238 τῶν
1151 2188 1511 2242 Ἀνατολικῶν
1560 2190 1695 2244 ὑπο-

134 2274 427 2343 στράτηγον
455 2275 754 2328 Εὐστάθιον
782 2278 1091 2348 πατρίκιον,
1119 2279 1173 2342 ὃς
1199 2280 1262 2332 ὲκ
1282 2281 1380 2350 τῆς
1407 2281 1695 2352 καλλίστης

130 2370 211 2417 καὶ
239 2367 457 2438 ἀγαθῆς
483 2371 676 2435 γενεᾶς
708 2371 817 2424 τῶν
871 2373 1156 2444 Ἀργυρῶν
1183 2375 1569 2444 ἐκπεφώνηται
1593 2393 1608 2407 ·
1640 2376 1698 2439 ὃς

130 2461 225 2520 τοῖς
243 2460 620 2530 Ίσμαηλίταις
643 2465 999 2534 κατεστρατει
1024 2466 1121 2520 καὶ
1153 2466 1384 2536 ἔτρεπεν
1406 2467 1503 2537 οὑχ
1527 2466 1695 2534 ἅπαξ,

129 2549 252 2603 ἀλλὰ
284 2553 383 2604 καὶ
415 2553 698 2618 πολλάκις,
731 2556 894 2628 ῥώμῃ
923 2559 1017 2611 καὶ
1044 2558 1190 2628 ισχύῐ
1216 2561 1310 2611 καὶ
1345 2560 1560 2613 συνέσει
1602 2562 1700 2614 καὶ

131 2642 315 2712 ἀνδρίᾳ
357 2643 455 2696 καὶ
487 2647 749 2714 φρονήσει
785 2650 877 2699 καὶ
909 2648 1233 2719 σωφροσύνῃ
1263 2651 1357 2702 καὶ
1385 2650 1699 2724 δικαιοσύνῃ

130 2735 487 2803 τετιμημένος
529 2737 622 2788 καὶ
653 2738 1054 2807 ἐπειλημμένος
1076 2781 1090 2804 ,
1132 2738 1272 2808 ἔχων
1300 2741 1393 2794 καὶ
1439 2741 1703 2809 Ἀνδρόνι-

130 2840 216 2873 κον
237 2826 332 2876 τὸν
357 2827 424 2878 ἐκ
446 2825 542 2877 τοῦ
565 2829 787 2890 Δουκός.
814 2829 1110 2883 Εὑστάθιον
1145 2831 1408 2900 Ἀργυρὸν
1446 2833 1495 2884 et
1537 2833 1699 2901 ’Δγα-

133 2919 282 2983 ρηνοὶ
314 2917 593 2970 ἐδεδίεσαν
621 2957 634 2979 ,
678 2918 751 2981 ὡς
784 2920 843 2974 τὸ
875 2921 1066 2975 τούτου
1099 2922 1271 2991 ὄνομα
1305 2922 1567 2993 ἔκπληξιν
1605 2924 1704 2979 καὶ

134 3006 288 3073 φοϐον
317 3009 508 3071 αὐτοῖς
537 3009 791 3077 λέγεσθαι
815 3011 880 3066 ⁸⁸.
914 3013 1180 3082 Σαμωνᾶς
1208 3014 1264 3067 δὲ
1295 3017 1706 3084 προφασισάμε-

131 3115 213 3160 νος
233 3101 294 3152 tv
325 3103 392 3170 τῇ
427 3104 564 3172 μονῇ
597 3101 785 3168 αὑτοῦ,
885 3103 1172 3174 ἐπώνυμον
1202 3107 1270 3158 τὰ
1296 3107 1526 3177 Σπειρὰ,
1555 3106 1703 3173 ἐξελ-

1787 630 1982 682 itinere
2014 629 2206 682 morbo
2241 638 2552 697 correptus,
2596 629 2834 682 levanda:
2860 646 3025 684 causa
3079 630 3356 697 aegritudi-

1787 722 1872 774 nis
1904 719 2233 788 lavandique
2264 736 2329 774 ac
2380 723 2523 774 vires
2577 719 2850 774 reficiendi
2909 718 3356 774 Thessalonicam

1787 813 2071 882 ingressus
2094 821 2232 868 eral.
2265 812 2418 881 Cepit
2455 815 2599 866 hunc
2627 811 2915 881 Tripolita,
2948 828 3074 865 eum
3109 813 3224 866 auri
3253 813 3358 866 vim

1789 905 1932 962 ferre
1987 906 2320 974 intelligens,
2379 907 2675 975 multisque
2725 906 3013 960 tormentis
3067 907 3356 961 subactum

1789 998 2042 1066 peremit,
2085 1012 2208 1051 cum
2249 997 2336 1050 illc
2387 997 2521 1050 nihil
2561 1013 2619 1051 se
2652 999 2851 1053 habere
2879 1009 3167 1053 assereret.
3212 999 3359 1052 Reli-
3458 1005 3464 1010 '

1788 1099 1982 1159 querat
2027 1090 2172 1142 enim
2236 1087 2288 1141 in
2349 1088 2457 1154 via,
2493 1104 2558 1142 ac
2605 1087 2839 1158 Sytneon
2892 1105 2922 1144 a
2980 1090 3206 1145 secretis
3242 1091 3362 1145 illac

1790 1182 2064 1236 transiens
2114 1181 2432 1235 sustulerat.
2483 1179 2583 1235 Hic
2631 1189 2818 1249 postea
2849 1183 3110 1250 patrlcius
3154 1196 3219 1235 ac
3267 1197 3363 1236 eo-

1790 1288 1911 1326 rum
1970 1273 2062 1342 qui
2121 1290 2148 1326 a
2185 1274 2414 1328 secretis
2467 1275 2677 1342 primus
2734 1273 2911 1328 factus
2953 1284 3054 1328 est.
3098 1273 3362 1344 Tripolita

1794 1363 1984 1415 urbem
2017 1372 2264 1416 evertere
2287 1363 2581 1429 cogitabat,
2615 1378 2738 1416 cum
2766 1377 2890 1415 eum
2921 1360 3155 1432 Symeou
3182 1371 3368 1416 monet

1793 1464 1956 1522 atque
1998 1455 2256 1508 hortatur
2303 1465 2362 1508 ut
2401 1456 2519 1508 auri
2552 1470 2822 1508 summam
2865 1455 3016 1508 tollat
3043 1463 3097 1508 et
3127 1454 3195 1509 ab
3213 1469 3368 1509 ever-

1791 1544 1951 1598 tenda
1984 1545 2118 1597 urbe
2152 1545 2460 1610 abstineat;
2498 1544 2643 1612 quod
2683 1553 2737 1598 et
2778 1545 2982 1599 factum
3011 1556 3112 1601 est.
3142 1545 3369 1601 Recedit

1794 1635 1976 1704 itaque
2009 1636 2206 1691 iterum
2266 1635 2659 1691 Thessalonica
2701 1635 3099 1691 Saracenorum
3150 1638 3365 1691 cla~sis.

1794 1725 2079 1783 llemerius
2133 1729 2370 1782 hostium
2410 1744 2627 1782 recessu
2675 1729 2894 1798 cognito
2948 1729 3016 1783 ad
3072 1744 3167 1784 eos
3224 1729 3370 1783 inse-

1795 1820 2048 1888 quendos
2098 1836 2218 1876 sese
2275 1822 2531 1888 accingit.
2584 1822 2665 1875 Ad
2699 1821 2918 1877 Cretam
2957 1838 3086 1877 vero
3131 1821 3367 1892 appulsi,

1799 1910 2209 1980 spoliorumque
2238 1920 2392 1980 parte
2423 1913 2774 1968 Cretensibus
2820 1914 2942 1968 data
2966 1955 2980 1976 ,
3021 1915 3246 1969 domum
3287 1915 3370 1967 in-

1796 2001 2043 2056 columes
2097 2001 2348 2067 redeunt,
2397 2003 2588 2057 relicto
2624 2004 2678 2058 in
2739 2004 2945 2059 Lemno
2980 2005 3155 2060 insula
3197 2007 3368 2061 otium

1798 2100 2004 2146 terente
2033 2095 2289 2163 nulloque
2319 2094 2515 2148 bellico
2544 2095 2782 2151 facinore
2813 2094 3086 2150 Hemerio.

1868 2185 1958 2239 ‘22.
1995 2185 2238 2240 Habebat
2285 2185 2396 2241 Leo
2443 2186 2631 2240 Asiani
2663 2190 2935 2244 exercitus
2975 2188 3212 2257 legatum
3265 2190 3372 2243 Eu-

1799 2275 2059 2330 stathiutn
2101 2276 2414 2345 patricium,
2483 2293 2546 2331 ex
2579 2279 3030 2347 prtrstantissima
3060 2281 3374 2350 optimaque

1798 2369 2135 2437 Argyrorum
2180 2365 2382 2421 familia
2423 2377 2627 2423 ortum.
2657 2367 2756 2423 llic
2786 2370 3374 2427 adversuslsmaelitas

1801 2461 2120 2530 depugnans
2156 2475 2249 2514 eos
2282 2460 2333 2513 in
2373 2459 2554 2530 fugam
2591 2462 2848 2526 vertebat,
2882 2478 3059 2532 neque
3106 2463 3157 2518 id
3204 2465 3373 2517 semel

1801 2554 1894 2607 sed
1924 2562 1977 2606 et
2008 2552 2277 2616 crebrius,
2311 2551 2475 2623 369
2520 2553 2598 2607 vir
2651 2555 2858 2608 scilicet
2890 2557 3105 2617 robore,
3158 2554 3374 2610 fortitu-

1800 2645 1970 2710 dine,
2025 2645 2396 2714 intelligentiaa
2457 2645 2550 2708 vi,
2610 2645 2776 2699 animi
2809 2646 3026 2710 virtute,
3068 2647 3373 2715 prudentia,

1801 2740 2070 2798 castitate,
2096 2739 2309 2806 iustitia
2342 2737 2541 2790 eximie
2569 2749 2821 2797 ornatus.
2855 2753 3040 2794 secum
3086 2740 3246 2792 etiam
3279 2753 3378 2791 na-

1803 2841 1924 2884 ctus
1964 2830 2349 2883 Andronicum
2381 2827 2540 2882 ducis
2570 2829 2763 2883 lilium.
2795 2829 3206 2884 Formidolosus
3235 2829 3378 2899 Aga-

1804 2921 1953 2976 renis
1978 2921 2300 2974 Eustathius
2344 2922 2589 2990 Argyrus
2619 2928 2755 2985 erat,
2798 2921 2872 2973 ita
2927 2929 2984 2974 ut
3013 2921 3094 2974 vel
3128 2921 3249 2989 ejus
3278 2937 3376 2974 au-

1805 3013 1978 3067 ditum
2016 3026 2212 3066 nomen
2241 3022 2511 3066 terrorem
2545 3011 2652 3066 illis
2688 3027 3053 3081 pavoremque
3102 3012 3376 3082 injiceret.

1810 3103 2078 3158 Samonas
2137 3114 2317 3156 autem
2380 3103 2648 3157 simulans
2707 3119 2766 3158 se
2822 3104 2887 3156 ad
2977 3103 3375 3159 monaSIerium

133 3186 274 3248 θεῖν,
329 3188 388 3238 ἐν
421 3189 502 3258 τῷ
547 3191 809 3260 Δαματρὺ
860 3191 1044 3258 οὖσαν,
1089 3196 1233 3262 φυγῇ
1285 3196 1558 3264 ἐχρήσατο
1591 3198 1705 3266 ἃμα

1809 3211 1989 3260 suum,
2020 3195 2107 3248 cui
2141 3210 2341 3249 nomen
2375 3193 2556 3264 Spira,
2583 3196 2647 3248 ad
2681 3194 2992 3265 Damatrym
3019 3196 3182 3249 situm
3205 3196 3378 3259 exire,

132 3279 375 3347 χρήμασι
411 3281 507 3331 καὶ
534 3281 723 3343 ἵπποις
755 3281 921 3334 αὑτοῦ
944 3322 958 3346 ,
1005 3284 1132 3344 τοὺς
1165 3284 1454 3352 δημοσίους
1504 3286 1701 3348 ἵππους

131 3371 254 3429 τοὺς
298 3372 359 3421 ἐν
391 3372 599 3440 ἑκάστῃ
635 3372 843 3442 ἀλλαγῇ
893 3373 1308 3439 ὰγκυλοκοπῶν.
1358 3374 1703 3429 ’Δποστέλλει

133 3454 220 3508 οὖν
240 3461 266 3510 6
295 3459 554 3526 βασιλεὺς
585 3460 807 3513 δπισθεν
833 3462 995 3514 αὑτοῦ
1021 3461 1210 3526 διῶξαι
1231 3463 1393 3516 αὑτὸν
1425 3463 1705 3518 Βασίλειον

132 3549 518 3620 ἐταιρειὰρχην
551 3552 641 3602 τὸν
674 3553 1000 3620 Καματερδν
1042 3554 1136 3606 καὶ
1164 3554 1256 3606 τὸν
1306 3556 1585 3626 Κρηνίτην
1615 3557 1706 3609 τὸν

134 3640 427 3711 Γεώργιον.
486 3643 639 3695 Ἐπεὶ
683 3643 740 3696 δὲ
780 3645 870 3696 τὸν
901 3645 1067 3700 ’Ἀλυν
1101 3649 1129 3699 6
1169 3648 1431 3716 Σαμωνᾶς
1482 3648 1707 3718 ἔμελλεν

133 3734 334 3802 περᾷν,
364 3733 667 3786 κατέλαϐεν
701 3736 862 3788 αὐτὸν
900 3740 927 3790 6
954 3737 1266 3809 Νικηφόρος
1291 3739 1652 3812 δρουγγάριος
1681 3742 1709 3794 6

132 3827 430 3892 Καλλωνᾶς
463 3831 556 3882 καὶ
606 3830 890 3901 κατέσχεν.
937 3831 996 3882 ⁸0
1033 3832 1090 3883 δὲ
1124 3831 1296 3885 πολλὰ
1327 3833 1566 3886 ἱκέτευεν
1615 3835 1709 3887 καὶ

130 3922 450 3990 ὑπισχνεῖτο
478 3921 699 3974 διδόναι.
742 3923 827 3984 Ὠς
847 3922 904 3975 δὲ
933 3923 1034 3975 οὐκ
1061 3921 1299 3984 ἔπειθεν,
1329 3925 1407 3986 είς
1430 3924 1521 3976 τὸν
1551 3926 1607 3977 ἐν
1633 3923 1710 3996 τῷ

131 4012 327 4080 Σιριχᾷ
362 4012 701 4080 καταφεύγει
731 4015 982 4084 σταυρὸν,
1015 4015 1181 4084 εὐχῆς
1208 4014 1372 4083 δῆθεν
1398 4015 1557 4085 χάριν
1589 4017 1712 4087 ἐλη-

128 4103 356 4155 λυθέναι
409 4106 908 4174 προφασισάμενος.
971 4106 1308 4160 Καταλαὸὼν
1357 4105 1449 4162 οὖν
1484 4111 1512 4162 6
1558 4111 1711 4162 Κωνο

132 4198 416 4258 εταντῖνος
442 4199 471 4249 6
501 4197 593 4250 τοῦ
638 4198 977 4266 Ἀνδρονίκου
1017 4201 1044 4250 6
1072 4200 1270 4263 Δουκὸς
1302 4200 1418 4263 υίὸς
1452 4203 1544 4254 καὶ
1588 4201 1711 4254 τοῦ·

128 4302 221 4337 τον
263 4283 554 4338 ἀναλαϐὼν
584 4288 642 4338 tv
680 4288 746 4356 τῇ
786 4287 936 4340 πόλει
969 4288 1328 4359 ὑπέστρεψεν.
1377 4289 1715 4360 Προσέταξεν

127 4377 182 4429 δὲ
229 4381 260 4430 6
291 4377 549 4447 βασιλεὺς
576 4377 738 4430 αὐτὸν
784 4379 882 4447 μὲν
917 4382 973 4432 tv
1007 4381 1074 4451 τῇ
1100 4379 1196 4433 τοῦ
1230 4381 1502 4452 Καίσαρος
1538 4382 1715 4452 Βάρδα

130 4469 282 4538 οἰκίᾳ
324 4468 716 4535 φυλάττεσθαι.
762 4467 1078 4538 Ἦρώτησεν
1125 4469 1182 4522 δὲ
1227 4472 1635 4525 Κωνσταντῖνον
1668 4471 1716 4524 εί

1811 3288 1991 3357 fugam
2024 3287 2289 3356 arripuit,
2333 3287 2632 3355 exportatis
2667 3300 2851 3340 secum
2888 3288 3135 3355 pecuniis
3188 3289 3378 3357 equis-

1811 3395 1916 3448 que
1950 3379 2064 3432 suis
2084 3378 2347 3441 advectis,
2383 3392 2577 3431 cursus
2625 3377 2830 3445 publici
2865 3376 3021 3445 equis
3057 3392 3155 3445 per
3193 3378 3384 3449 singu-

1812 3470 1895 3526 las
1916 3471 2183 3526 stationes
2219 3470 2483 3539 poplitum
2518 3470 2701 3523 nervis
2725 3469 2973 3525 succisis.
3011 3468 3173 3524 Mittit
3201 3470 3383 3540 itaque

1813 3560 1942 3621 Leo.
1986 3560 2079 3628 qui
2137 3575 2260 3614 eum
2313 3559 2693 3626 insequantur,
2732 3559 2993 3615 Basilium
3033 3559 3379 3616 Camaterem

1815 3648 2226 3703 hetaeriarcham
2280 3657 2335 3700 et
2385 3647 2679 3716 Georgium
2731 3648 3031 3702 Crenilam.
3086 3648 3382 3703 Samonam

1814 3753 1980 3809 porro
2023 3736 2210 3808 Halym
2245 3735 2470 3791 ﬂuvium
2510 3738 2761 3806 trajicere
2793 3748 3074 3806 parantem
3106 3736 3384 3808 Nicepho-

1815 3844 1912 3882 rus
1951 3827 2281 3895 drungarius
2321 3827 2576 3883 Callonas
2621 3829 3041 3898 comprehendit
3078 3831 3381 3899 tenuitque.

1818 3918 2061 3988 Rogabat
2107 3920 2194 3972 ille
2233 3918 2394 3972 etiam
2433 3929 2602 3986 atque
2631 3919 2794 3973 etiam
2821 3919 3040 3984 dimitti,
3077 3919 3237 3990 inque
3264 3936 3384 3974 eam

1823 4028 1935 4066 rem
1967 4026 2191 4065 munera
2227 4011 2597 4077 promittebat.
2637 4009 2736 4065 Ubi
2768 4019 2947 4065 autem
2990 4027 3095 4066 non
3148 4012 3380 4078 obtinet,

1821 4106 1885 4160 ad
1922 4103 2507 4178 crucemSiricltanam
2528 4105 2788 4174 confugit,
2808 4105 2964 4175 quasi
2993 4106 3100 4160 voti
3126 4121 3290 4161 causa
3324 4122 3383 4162 se

1821 4197 2035 4252 venisse
2065 4206 2390 4265 praetexens.
2430 4196 2626 4250 Verum
2658 4196 3060 4251 Constantinus
3089 4197 3383 4252 Andronici

1822 4289 1986 4344 Ducis
2036 4290 2178 4344 filius
2235 4289 2686 4357 comprehensum
2745 4303 2868 4343 eum
2897 4304 3082 4344 secum
3107 4289 3160 4343 in
3197 4290 3387 4344 urbem

1825 4384 2057 4438 reduxit.
2112 4381 2222 4437 Leo
2280 4383 2332 4435 in
2365 4380 2552 4434 Bardte
2580 4380 2816 4438 Caesaris
2842 4383 3008 4436 domo
3042 4397 3164 4436 eum
3213 4397 3394 4438 asser-

1826 4477 1938 4530 vari
1964 4477 2164 4542 jussit;
2199 4474 2500 4543 quaeritque
2537 4489 2600 4528 ex
2639 4474 2999 4529 Constantino
3032 4490 3160 4529 num
3191 4475 3237 4530 is
3267 4491 3391 4529 vere

130 4564 359 4634 ἀληθῶς
412 4564 473 4614 ὲν
517 4564 687 4634 Συρίᾳ
736 4563 952 4632 φεύγων
998 4563 1333 4634 ὲτύγχανεν’
1371 4565 1468 4618 καὶ
1527 4564 1710 4635 μαθὼν

1824 4571 1875 4624 in
1932 4569 2144 4639 Syriam
2202 4567 2427 4638 fugeret.
2466 4565 2567 4620 Ubi
2618 4575 2798 4619 autem
2831 4567 2909 4620 sic
2943 4581 3004 4621 se
3032 4581 3146 4620 rem
3189 4568 3391 4621 habere

133 4658 299 4710 τοῦτο
355 4655 556 4726 ἀληθὲς
600 4652 774 4720 εἶναι,
825 4658 1163 4728 παρήγγειλε
1199 4658 1592 4728 Κωνσταντίνῳ
1643 4658 1717 4729 μὴ

131 4750 301 4803 τοῦτο
334 4751 513 4802 εἰπεῖν
561 4750 792 4804 ἐνώπιον
842 4751 942 4820 τῆς
989 4749 1293 4821 συγκλήτου
1338 4752 1718 4822 ἐρωτωμένῳ,

135 4844 258 4896 ἀλλ’
321 4844 408 4896 ὅτι
451 4843 509 4894 tv
549 4841 627 4910 τῷ
692 4843 883 4912 Σιριχᾷ
929 4843 1090 4911 χάριν
1136 4843 1301 4912 εὐχῆς
1353 4844 1719 4913 παρεγένετο·

135 4937 227 5004 μ’.
269 4933 405 5004 2'28]
456 4933 616 5002 ῆθελε
659 4934 767 5003 γὰρ
815 4936 844 4986 6
877 4932 1128 5002 βασιλεὺς
1162 4934 1488 5005 συγγνώμης
1539 4937 1722 5004 τυχεῖν

134 5030 234 5080 τὸν
270 5028 566 5096 Σαμωνᾶν.
597 5026 708 5078 Καὶ
746 5025 1259 5094 προσκαλεσάμενος
1293 5024 1392 5096 τὴν
1425 5025 1725 5095 σύγκλητον

135 5121 241 5171 καὶ
269 5121 349 5180 εἰς
379 5118 441 5170 τὸ
462 5117 626 5185 μέσον
649 5115 988 5186 παραγαγὼν
1009 5115 1100 5169 τὸν
1126 5117 1533 5169 Κωνστανττνον
1554 5117 1726 5180 οὕτως

133 5209 438 5280 ἠρώτησεν
458 5224 471 5236 ·
499 5207 655 5275 Πρὸς
679 5207 789 5262 τοῦ
817 5205 966 5261 Θεοῦ
991 5207 1092 5261 καὶ
1115 5205 1223 5275 τῆς
1250 5206 1400 5276 ἐμῆς
1431 5205 1723 5275 κεφαλῆς»

132 5302 410 5369 ἔφευγεν
453 5299 522 5352 ἐν
566 5300 750 5367 Συρίᾳ
788 5301 820 5352 ό
855 5297 1173 5367 rapturae;
1213 5297 1312 5350 ναί
1351 5299 1390 5366 ἢ
1426 5299 1536 5363 of};
1583 5298 1641 5350 '0
1669 5298 1727 5352 δὲ

133 5397 278 5454 τοὺς
304 5395 508 5462 ὅρκους
541 5390 862 5459 εὐλαδηθεὶς
893 5388 1069 5460 (εἶπεν
1091 5391 1201 5460 γὰρ
1237 5389 1504 5462 πρότερον
1533 5390 1606 5460 μὴ
1631 5392 1726 5460 6p-

137 5484 481 5551 κιζὸμενος,
534 5481 648 5535 ἀλλ’
679 5481 850 5544 οὕτως
889 5481 1072 5542 ἁπλῶς
1122 5479 1505 5552 ἐρωτώμενος,
1545 5481 1618 5550 μὴ
1667 5481 1729 5534 τὸ

135 5580 203 5631 ἐν
267 5579 544 5643 ἐξειπεῖν)
591 5575 908 5646 ὡμολόγησε
962 5575 1182 5629 πάντων
1239 5573 1467 5627 ἐνώπιον
1514 5573 1594 5626 ὅτι
1648 5573 1730 5637 εἰς

139 5671 358 5740 Συρίαν
387 5669 636 5737 ἔφευγεν.
668 5669 800 5721 Μετ’
831 5669 998 5738 ὀργῆς
1036 5667 1093 5722 δὲ
1129 5667 1316 5722 τοῦτον
1342 5666 1435 5721 τοῦ
1464 5665 1728 5736 βασιλέως

1829 4676 1950 4714 vere
2021 4659 2305 4726 comperit,
2366 4658 2521 4726 jubet
2545 4657 2910 4712 Constantino
2942 4657 3018 4710 uti
3062 4658 3177 4712 ha3c
3207 4674 3389 4713 rorant

1827 4759 2020 4807 senatu
2047 4750 2358 4805 dissimulet
2382 4758 2436 4804 et
2483 4765 2607 4804 eum
2642 4747 2916 4802 Siricham
2961 4750 3070 4804 voti
3101 4765 3266 4806 causa
3304 4752 3386 4806 di-

1828 4855 1915 4901 cat
1943 4844 2244 4914 profectum
2267 4858 2406 4899 esse.
2455 4841 2677 4897 Volebat
2725 4840 2870 4896 enim
2909 4840 3208 4910 imperator
3229 4843 3393 4912 quid—

1829 4935 1958 5006 quid
2013 4950 2167 4989 noxae
2232 4942 2354 4988 erat
2417 4933 2668 4988 Samonas
2717 4932 3010 5003 indulgeri.
3074 4933 3393 4988 Convocan

1830 5027 2014 5095 itaque
2073 5031 2288 5087 senatu,
2339 5033 2394 5080 et
2421 5023 2788 5079 Constantino
2835 5024 2890 5078 in
2954 5024 3194 5079 medium
3233 5025 3397 5096 37o

1829 5116 2097 5180 adducto,
2171 5115 2225 5169 in
2297 5115 2442 5170 hunc
2511 5113 2733 5169 modum
2824 5125 3179 5184 percontatus
3243 5127 3394 5172 est:

1832 5207 1940 5262 Per
1987 5207 2155 5264 Deum
2219 5217 2269 5262 et
2332 5216 2488 5276 caput
2520 5223 2713 5271 meum,
2762 5206 2994 5277 fugiebat
3031 5206 3295 5263 Samonas
3345 5211 3399 5264 in

1834 5296 2072 5368 Syriam,
2110 5298 2309 5352 necne?
2363 5296 2766 5352 Constantinus
2806 5295 3168 5366 jurisjurandi
3221 5309 3401 5353 motus

1832 5391 2096 5460 religione
2163 5390 2337 5459 (prius
2389 5389 2534 5445 enim
2624 5387 2775 5442 nulla
2858 5387 3229 5457 adjuratione,
3305 5392 3398 5446 sed

1832 5483 2156 5553 simpliciter
2179 5483 2568 5552 interrogatus,
2607 5496 2667 5536 se
2697 5496 2800 5535 non
2831 5482 3209 5549 evulgaturum
3242 5483 3402 5552 polli-

1831 5574 1976 5631 citus
2015 5575 2150 5645 erat)
2193 5575 2244 5628 in
2275 5575 2520 5630 omnium
2555 5586 2821 5628 consessu
2864 5573 3157 5627 Samonam
3193 5575 3243 5627 in
3299 5575 3401 5644 Sy-

1831 5669 1969 5722 riam
2015 5667 2195 5738 fugant
2227 5668 2525 5738 arripuisse
2562 5665 2869 5736 profitetur.
2909 5663 3271 5730 Quamobrem
3311 5667 3403 5722 illo

1424 5759 1654 5814 VAlilz‘E
1703 5757 2101 5816 LECTIONES.

241 5856 278 5890 "
305 5862 404 5928 leg.
443 5857 694 5924 γενέσθαι
733 5856 980 5912 Contltef.
