4154 6450
805 404 912 464 ΣΞδἹ
1894 396 2401 457 TIIEOPIIANES
2438 397 2994 460 CONTINIEATUS.

3956 408 4066 469 383

796 532 919 569 cum
985 514 1062 566 ira
1103 513 1323 579 rcjecto,
1360 510 1655 565 Samouam
1690 512 1989 578 imperator
2023 510 2146 563 aula
2179 508 2366 562 exclu-

2476 513 2967 580 άποπεμψαμένω,
3008 517 3229 583 ἐποῗηντε
3260 514 3524 582 Σαμωνᾶς
3550 514 3656 565 άπὸ
3683 516 3860 583 ὅψεως
3886 517 4066 585 μῆνις

796 621 914 660 sum
948 618 1164 656 menses
1198 615 1437 671 quatuor
1467 602 1520 653 iu
1555 600 1745 653 Barda:
1765 600 1999 653 (Ltesaris
2032 598 2196 651 domo
2229 596 2372 650 deti-

798 704 920 758 net;
949 694 1150 762 quibus
1180 692 1455 751 decursis.
1489 702 1547 743 ut
1585 691 1932 759 imperatoris
1965 697 2189 760 aspectu
2226 689 2375 742 fruc—

795 796 947 839 tctur
976 800 1037 837 ac
1074 784 1323 851 alloquio
1357 794 1681 836 consecutus
1709 791 1810 834 cst.

860 878 949 929 25.
988 875 1221 929 Sustulit
1261 892 1385 929 vero
1437 876 1541 927 Leo
1577 891 1638 928 ex
1678 874 1784 926 'l.oe
1815 886 2009 941 quarta
2064 888 2233 924 uxore
2274 886 2374 924 sua

795 971 963 1024 lilium
1003 970 1457 1033 Constantinum;
1496 969 1546 1019 iu
1597 969 1759 1036 cujus
1792 977 1912 1021 ortu
1941 976 2181 1019 cometes
2209 982 2374 1035 appa—

793 1063 922 1126 ruit,
974 1064 1159 1116 radios
1215 1077 1402 1114 versus
1453 1061 1733 1115 Orientem
1793 1059 2091 1126 cjaculaus,
2149 1060 2375 1127 diesque

793 1155 1159 1223 quadraginta
1219 1168 1279 1204 ac
1336 1166 1523 1206 noctes
1573 1154 1730 1205 luxit.
1777 1150 2040 1205 Infantem
2080 1152 2374 1220 baptizavit

793 1247 1049 1302 Nicotaus
1102 1248 1409 1315 patriarcha
1464 1248 1516 1298 in
1570 1248 1765 1315 Magna
1813 1246 2043 1299 eceh-sia
2086 1246 2173 1300 die
2216 1262 2374 1300 sacro

791 1340 1061 1393 luminum
1123 1340 1183 1407 (i.
1225 1357 1273 1390 ιε.
1333 1337 1815 1406 Epiphaniorum),
1850 1339 2271 1405 susceptoribus
2306 1355 2371 1391 ex

794 1448 952 1488 sacro
1013 1433 1162 1485 fonte
1208 1432 1517 1485 Alexandro
1588 1432 1939 1497 imperatoris
1994 1447 2256 1499 germano
2319 1439 2374 1484 ct

790 1526 1025 1578 Samona
1083 1524 1317 1592 patricio
1368 1524 1691 1592 cunctisque
1761 1524 2105 1591 proceribus.
2171 1524 2370 1576 Eodem

790 1625 1035 1685 tempore
1064 1627 1343 1671 chtructa
1393 1628 1477 1670 est
1531 1628 1583 1668 et
1629 1631 1819 1671 senum
1871 1617 2232 1669 intalidorum
2275 1618 2373 1669 dn-

792 1724 937 1770 mus,
968 1723 1133 1778 quam
1208 1708 1452 1776 Cupham
1504 1708 1717 1769 dicunt,
1756 1709 1881 1762 inde
1918 1709 2163 1776 expulsis
2199 1725 2373 1761 mere-

790 1802 1039 1856 tricibus.
1074 1801 1515 1855 Benedictionem
1553 1816 1716 1855 sacro
1747 1806 2058 1868 nuptiarum
2108 1803 2213 1855 ritu
2243 1817 2366 1853 cum

789 1895 898 1947 Zoe
934 1908 1104 1947 uxore
1156 1902 1493 1946 consecutus
1553 1892 1663 1945 Leo
1695 1910 1722 1945 a
1762 1896 1972 1948 'l'houia
2027 1895 2367 1963 presbytero,

788 1986 883 2054 qui
914 1998 975 2037 ea
998 2000 1062 2036 ex
1098 1998 1261 2037 causa
1290 1981 1468 2038 officio
1502 1995 1682 2035 motus
1714 1994 1831 2045 est;
1862 1998 2025 2050 quam
2063 1994 2229 2038 etiam
2262 1984 2370 2040 Leo

793 2077 1097 2147 Augustam
1133 2075 1508 2144 proclamavit.
1559 2072 1634 2126 lio
1667 2074 1907 2128 facinore
1944 2077 2248 2145 patriarcha
2280 2094 2372 2131 ec-

792 2168 975 2224 clesia:
1021 2169 1273 2233 ingressu
1310 2166 1477 2219 Leoni
1526 2167 1841 2229 interdixit;
1875 2168 2228 2235 quamobrem
2262 2170 2308 2222 is
2342 2184 2372 2223 a

789 2258 979 2313 dextra
1002 2270 1154 2326 parte
1169 2261 1442 2313 transiens
1464 2262 1529 2311 ad
1549 2258 1892 2313 Melatorium
1911 2276 2029 2311 sese
2057 2261 2370 2330 recipiebat.

861 2354 951 2405 ‘24.
989 2352 1561 2405 Samonasaccubitor
1587 2355 1902 2420 praeﬁcitur,
1932 2355 2080 2427 quod
2116 2356 2179 2408 ad
2211 2371 2374 2407 otnue

792 2446 1007 2500 facinus
1055 2460 1117 2497 ac
1154 2447 1415 2497 malitiam
1456 2445 1775 2512 imperatori
1800 2447 2015 2515 adjutor
2043 2456 2224 2511 esset;
2258 2462 2371 2501 cte-

791 2548 1096 2607 peruntth
1127 2538 1289 2591 ambo
1343 2539 1520 2591 moliri
1567 2540 1832 2594 adversus
1865 2539 2182 2594 Ecclesiam.
2211 2540 2367 2610 37]

795 2630 1000 2685 Vocato
1030 2632 1211 2698 itaque
1249 2628 1473 2684 Nicolao
1511 2631 1825 2699 patriarcha
1858 2632 2030 2699 prima
2067 2630 2370 2697 Februarii,

794 2733 852 2776 ut
906 2723 1262 2792 reciperetur,
1312 2722 1532 2776 enixius
1566 2724 1853 2793 rogabant.
1886 2722 1989 2776 Ubi
2023 2734 2204 2779 autem
2254 2728 2375 2795 ejus

789 2828 1106 2881 expugnare
1162 2813 1405 2867 animum
1481 2815 1864 2882 nequiverant,
1926 2832 1953 2869 a
2009 2817 2266 2871 convivio
2313 2833 2376 2871 ac

791 2907 971 2975 epulis
1006 2920 1069 2959 ex
1120 2905 1429 2960 Iincoleoue
1478 2906 1625 2961 lintri
1658 2907 2002 2977 itnponentes
2044 2911 2097 2963 in
2135 2907 2371 2963 llieriam

793 2996 1188 3062 traduxerunt;
1262 2999 1401 3051 unde
1474 3014 1619 3067 aegre
1665 3000 1831 3068 pedes
1912 3002 1976 3054 ad
2038 3000 2373 3055 Galacrenos

793 3106 969 3160 usque
1000 3105 1111 3159 pra:
1136 3090 1343 3144 nivium
1376 3091 1541 3146 nimia
1574 3094 1727 3161 copia
1757 3093 1926 3147 venit.
1955 3092 2249 3148 Ordinatur
2279 3112 2371 3146 uu-

2481 604 2751 669 τέσσαρας
2783 607 2840 652 ἐν
2874 608 2949 671 τίς»
2985 604 3077 657 τοῦ
3122 605 3399 675 Καίσαρος
3429 606 3760 674 καθήμενος,
3797 608 3889 658 καὶ
3925 612 4065 676 μετὰ

2479 693 2652 747 ταῦτα
2687 697 2782 761 τῆς
2816 697 3099 765 βασιλικῆς
3133 697 3308 765 ὂψεως
3344 697 3438 747 καὶ
3469 698 3683 765 ὁμιλίας
3721 698 4061 768 κατηξιώθη.

2554 891 2609 937 γῇ
2648 914 2655 922 .
2716 877 2997 941 Ἐγέννησε
3042 875 3098 927 δὲ
3145 874 3297 927 Λέων
3342 875 3753 928 Κωνσταντῖνολι
3786 876 3901 926 υίὴν
3953 878 4063 925 ἀπὶ

2478 968 2629 1031 Ζωῆς
2654 967 2753 1033 τῆς
2781 972 3049 1033 τετάρτης
3081 967 3247 1019 αὑτοῦ
3279 967 3547 1035 γαμετῆς,
3579 961 3640 1019 οὗ
3675 969 3731 1018 ἐν
3768 970 3832 1035 τῇ
3867 984 4063 1035 γεννηο

2478 1076 2556 1109 σει
2575 1060 2744 1125 ἐφάνη
2772 1061 3012 1128 κομήτης
3042 1060 3237 1129 ἀστὴρ,
3269 1059 3367 1121 τὰς
3392 1061 3612 1120 ἀκτῖνας
3644 1062 3729 1111 ἐπ’
3764 1059 4061 1121 Ἀνατολίς

2477 1154 2657 1219 date”;
2688 1160 2779 1202 και
2816 1157 2872 1201 ἐν
2900 1153 3133 1220 ἡμέραις
3164 1154 3256 1205 καὶ
3287 1151 3404 1217 νυξὶ
3433 1152 3753 1219 φαινόμενος
3783 1153 4062 1222 τεσσαρά-

2476 1260 2659 1294 κοντα.
2705 1246 2798 1304 Ἴος
2855 1243 3158 1312 ἐϐαπτίσθη
3199 1244 3256 1296 ἐν
3322 1247 3390 1313 τῇ
3454 1243 3680 1313 Μεγάλη
3723 1243 4059 1313 Ἐκκλησία,

2477 1336 2581 1385 υπὸ
2620 1333 2883 1385 Νικολάου
2939 1336 3276 1403 πατριάρχου
3324 1336 3380 1386 ὲν
3430 1338 3499 1403 τῇ
3550 1337 3680 1404 ἁγίᾳ⁵
3710 1334 3817 1386 τῶν
3855 1337 4060 1386 Φώτωι

2474 1429 2659 1497 ἡμέρᾳ
2681 1471 2693 1490 ,
2740 1426 3155 1494 ἁναδ;ξαμένων
3190 1428 3349 1479 αὑτὸν
3383 1428 3491 1480 ἀπὸ
3526 1428 3621 1478 τοῦ
3652 1428 3806 1493 ἁγίου
3856 1429 4055 1496 βαπτί-

2478 1539 2678 1590 σματος
2736 1518 3088 1589 Ἀλεξάνδρου
3130 1519 3222 1571 τοῦ
3258 1521 3596 1588 αὑταδέλφου
3642 1522 3737 1572 τοῦ
3784 1520 4057 1590 βασιλέως

2474 1619 2566 1667 καὶ
2618 1616 2851 1683 Σαμωνᾶ
2891 1614 3181 1681 πατρικίου
3214 1613 3306 1666 καὶ
3348 1614 3460 1666 τῶν
3488 1617 3546 1667 ἐν
3583 1614 3725 1666 τέλει
3770 1616 4053 1669 ἁπάντων.

2474 1710 2667 1775 Γέγονε
2714 1709 2834 1759 τότε
2871 1713 2966 1760 καὶ
3010 1710 3042 1775 ἡ
3092 1707 3256 1775 Κύφη
3288 1710 3690 1775 γηροκομεῖον,
3734 1708 3839 1759 τῶν
3868 1710 4057 1759 ἐκεῖσε

2475 1804 2757 1870 ἑταιρίδων
2786 1798 3213 1867 ἐκδιωχθέντων.
3257 1799 3542 1869 Εὐλογήθη
3575 1799 3629 1851 δὲ
3656 1799 3806 1851 Λέων
3836 1801 3865 1851 6
3892 1800 4059 1865 βασι-

2475 1899 2600 1960 λεὺς
2640 1900 2779 1968 μετὰ
2814 1902 2969 1967 Ζωής
3006 1899 3110 1951 ὑπὸ
3146 1900 3320 1967 Θωμᾶ
3352 1898 3748 1969 πρεσϐυτέρου,
3778 1899 3930 1959 ὅστις
3962 1900 4060 1950 καὶ

2475 1992 2753 2060 καθῃρέθη
2780 2007 2791 2021 ·
2831 1994 2925 2044 καὶ
2970 1992 3292 2060 βασίλισσαν
3325 1992 3498 2060 αὐτὴν
3524 1992 3913 2058 ἀνηγόρευσεν.
3961 1991 4061 2041 Διὶ

2473 2090 2677 2151 τχρτην
2714 2085 2807 2137 οὖν
2836 2084 3013 2137 αἰτίαν
3039 2086 3067 2137 6
3104 2084 3452 2153 πατριάρχης
3482 2083 3573 2135 τὸν
3602 2082 3824 2150 βασιλέα
3853 2084 3935 2143 είς
3962 2082 4064 2147 τὴν

2475 2179 2771 2245 ἐκκλησίαν
2828 2177 3177 2247 είσέρχεσθαι
3230 2164 3603 2239 διεκώλυσεν,
3651 2175 3777 2228 ὅθεν
3828 2174 3921 2227 διὰ
3965 2172 4063 2226 τοῦ

2472 2272 2650 2334 δεξιοῦ
2685 2271 2885 2340 μέρους
2911 2271 3167 2339 διήρχετο
3190 2270 3268 2331 είς
3296 2269 3358 2320 τὸ
3390 2267 3738 2338 μητατόριον.

2546 2360 2643 2415 κδ’.
2681 2360 3002 2431 Προεϐλήθη
3040 2361 3095 2411 δὲ
3136 2359 3405 2429 Σαμωνᾶς
3443 2355 3939 2426 παρακοιμκῦμενος
3973 2354 4067 2406 διὰ

2476 2452 2534 2505 τὺ
2563 2451 2824 2521 συνεργὸς
2849 2447 3281 2515 καθεστάναιτῷ
3307 2446 3516 2517 βασιλεί
3545 2446 3680 2513 πρὸς
3710 2446 4068 2514 παρανομίαν

2476 2546 2571 2597 καὶ
2621 2543 2821 2595 κακίαν
2880 2540 3121 2595 ἃπασαν.
3190 2540 3302 2593 Καὶ
3363 2539 3508 2592 κατὰ
3567 2539 3667 2605 τῆς
3728 2536 4063 2604 Ἐκκλησίας

2476 2635 2709 2705 ἧρξαντο
2765 2636 3018 2704 μελετᾷν.
3069 2632 3592 2703 Προσκαλεσάμενος
3648 2630 3758 2699 γὰρ
3806 2630 3899 2681 τὸν
3958 2646 4069 2680 πα-

2474 2732 2743 2798 τριάρχην
2781 2726 3049 2780 Νικόλαον
3086 2725 3299 2797 (πρώτη
3326 2720 3394 2794 ἦν
3425 2722 3519 2777 τοῦ
3551 2722 3920 2794 Φεϐρουαρίου
3962 2739 4039 2789 μη

2474 2820 2598 2885 νὸς)
2638 2821 2730 2871 καὶ
2759 2819 2933 2871 πολλὰ
2960 2817 3368 2886 λιπαρήσαντες
3398 2813 3654 2883 δεχθῆναι
3675 2856 3690 2875 ,
3717 2814 3841 2865 ἐπεὶ
3874 2814 4067 2864 πεῖσαι

2476 2914 2575 2965 οὐκ
2610 2910 2980 2981 ἠδυνήθησαν,
3013 2909 3121 2960 ἀπὸ
3153 2905 3441 2976 κλητορίου
3476 2906 3585 2957 ἀπὸ
3608 2903 3701 2958 τοῦ
3734 2904 4066 2956 Βουκολὼν-

2474 3022 2564 3065 τος
2588 3004 2760 3072 πλοίῳ
2802 3000 2985 3071 μικρῷ
3014 3000 3417 3069 ἐμϐιϐάσαντες
3444 2998 3503 3050 ἐν
3530 3000 3596 3066 τῇ
3654 2994 3851 3065 Ἱερείᾳ
3878 2995 4068 3047 διεπέ-

2479 3115 2670 3166 ρασαν,
2699 3097 2788 3164 ἀφ’
2821 3090 2888 3166 ἦς
2917 3095 3077 3165 μέχρι
3105 3090 3472 3162 Γαλακρηνῶν
3497 3090 3653 3160 μόλις
3685 3088 3851 3157 ἀπῄει
3884 3087 4067 3155 χιόνος

793 3189 897 3234 tem
941 3180 1266 3248 Euthymius
1313 3183 1592 3253 syncellus
1642 3184 1972 3252 patriarcha,
2014 3185 2097 3239 vir
2147 3201 2371 3239 venera-

2480 3188 2837 3258 ἐπικειμένης
2871 3187 3093 3257 πολλῆς.
3132 3186 3536 3255 Χειροτονεῖται
3563 3185 3591 3237 6
3624 3179 3922 3249 σύγκελλος
3958 3180 4066 3232 Εὖ-

794 3273 919 3328 biiis
948 3274 1345 3342 modestusque
1370 3289 1434 3327 ac
1466 3275 1780 3345 religiosus,
1808 3291 1968 3345 quem
1998 3278 2152 3331 aiunt
2183 3293 2247 3330 ex
2288 3278 2374 3329 di-

791 3366 915 3417 vina
961 3365 1294 3420 revelatione
1347 3365 1591 3435 epismpi
1654 3381 1859 3422 munus
1918 3370 2243 3437 suscepisse.
2285 3372 2373 3420 tit-

792 3458 937 3510 enini
966 3458 1242 3523 cogitabat
1270 3458 1570 3527 imperator
1601 3459 1894 3527 pessimam
1928 3461 2098 3527 legem
2133 3462 2374 3529 promul-

792 3569 945 3622 gare,
980 3570 1088 3622 qua
1121 3554 1311 3609 liceret
1343 3554 1460 3608 viro
1496 3564 1609 3609 tres
1640 3567 1945 3623 quatuorve
1980 3560 2118 3611 alias
2154 3575 2217 3612 ex
2250 3559 2375 3613 aliis

793 3662 994 3701 uxores
1025 3647 1247 3702 habere.
1275 3662 1399 3699 cum
1433 3660 1539 3699 non
1572 3646 1829 3701 deessent
1858 3649 1958 3701 viri
1989 3650 2371 3715 eruditissimi,

790 3738 881 3807 qui
915 3740 968 3790 in
1014 3738 1116 3791 hoc
1153 3737 1200 3789 ei
1241 3737 1475 3791 consilio
1509 3737 1791 3804 adjutores
1818 3747 2025 3793 essent.

859 3829 952 3882 25.
984 3828 1167 3883 Mense
1196 3825 1361 3880 Junio
1391 3828 1790 3884 Constantinus
1817 3828 1946 3884 Afer
1989 3831 2369 3899 imperatorem

792 3920 1040 3973 invitavit
1064 3920 1131 3973 ad
1165 3920 1558 3973 monasterium
1601 3935 1784 3983 suum,
1818 3922 1963 3991 quod
1998 3937 2169 3992 prope
2201 3926 2370 3977 aedem

793 4013 1182 4079 Apostolorum
1215 4012 1556 4074 condiderat,
1583 4013 1652 4065 ad
1685 4013 1830 4066 illius
1860 4015 2163 4083 peragenda
2193 4031 2372 4069 encae-

794 4106 905 4168 nia,
960 4114 1015 4157 et
1072 4112 1131 4158 ut
1177 4104 1405 4173 prandio
1464 4105 1771 4158 interesset.
1808 4106 1883 4159 lbi
1923 4106 2107 4160 subito
2148 4118 2371 4162 exortus

796 4194 1036 4257 Africus,
1071 4196 1343 4265 tertioque
1374 4197 1619 4266 repetitis
1649 4197 1858 4251 vicibus
1882 4198 2231 4253 vehementer
2260 4201 2372 4267 spi-

793 4303 944 4352 rans,
960 4288 1124 4341 multa
1142 4289 1423 4343 concussit
1435 4289 1665 4343 aediﬁcia
1678 4299 1728 4343 et
1742 4290 2024 4354 ecclesias,
2037 4291 2174 4344 adeo
2190 4299 2246 4344 ut
2258 4306 2374 4344 om-

792 4394 890 4433 nes
911 4379 1119 4434 relictis
1136 4379 1392 4435 domibus
1409 4380 1511 4434 sub
1535 4380 1683 4434 dium
1707 4381 2061 4449 procederent
2077 4382 2375 4450 mundique

792 4471 1328 4524 consummationem
1372 4470 1568 4525 adesse
1586 4470 1850 4534 dicerent,
1874 4472 1981 4525 nisi
2007 4471 2103 4526 Dei
2132 4472 2372 4526 clemen-

2478 3282 2673 3349 θύμιος
2717 3280 3097 3350 πατριάρχης,
3130 3277 3270 3347 ἀνὴρ
3316 3274 3647 3347 ἱεροπρεπὴς
3680 3274 3966 3342 ἐγκρατής
4006 3288 4065 3351 τε

2479 3376 2573 3426 καὶ⁵
2615 3373 2905 3443 θεοσεϐὴς,
2946 3372 3005 3424 ὄν
3037 3387 3201 3438 φασιν
3236 3370 3301 3421 ἐκ
3331 3367 3485 3430 Θείας
3516 3364 3921 3433 ἀποκαλύψεως
3964 3364 4067 3431 τὴν

2478 3463 2893 3535 ἀρχιερωσύνην
2946 3459 3384 3524 καταδέξασθαι“
3446 3458 3541 3511 καὶ
3580 3459 3691 3527 γάρ
3736 3456 3998 3508 διενοεῖτο
4039 3457 4065 3506 ό

2479 3557 2731 3626 βασιλεὺς
2772 3554 2936 3623 νόμον
2978 3552 3219 3622 πονηρὸν
3268 3549 3507 3603 ἐκθεῖναι
3560 3545 3653 3599 τοῦ
3694 3546 3842 3614 ἔχειν
3883 3548 4068 3613 nivei-

2477 3666 2577 3711 κας
2619 3648 2788 3717 ἄνδρα
2821 3650 2973 3716 τρεῖς
3019 3645 3113 3697 καὶ
3158 3643 3468 3711 τέσσαρας,
3519 3638 3604 3712 [Ρ.
3661 3637 3794 3709 229]
3848 3639 4067 3690 πολλῶν

2476 3741 2819 3809 λογιωτάτων
2842 3737 3053 3804 ἀνδρῶν
3079 3739 3159 3799 είς
3186 3735 3347 3788 τοῦτο
3376 3735 3525 3805 αὐτῷ
3557 3732 3991 3802 συνεργούντων.

2544 3839 2641 3885 κε’.
2698 3831 2898 3900 Ἰουνίῳ
2927 3830 2982 3881 δὲ
3016 3828 3144 3898 μηνὶ
3170 3826 3517 3897 προσεκλήθη
3547 3826 3696 3878 Λέων
3738 3826 3767 3876 ὁ
3799 3823 4065 3892 βασιλεὺς

2476 3926 2629 3995 παρὰ
2672 3922 3086 3977 Κωνσταντίνου
3132 3920 3226 3973 τοῦ
3272 3918 3441 3980 Διϐὸς
3484 3919 3543 3971 ἐν
3568 3920 3636 3987 τῇ
3691 3920 3825 3987 μονῇ
3890 3916 4065 3969 αὑτοῦ

2477 4017 2705 4086 πλησίον
2757 4016 2865 4069 τῶν
2902 4015 3106 4082 Ἀγίων
3166 4013 3506 4065 Ἀποστόλων
3553 4009 3648 4063 τοῦ
3688 4009 3760 4062 τὰ
3810 4010 4065 4075 ἐγκαίνεα

2474 4109 2788 4162 ἐπιτελέσαι
2824 4107 2919 4160 καὶ
2972 4103 3292 4176 ἀριστῆσαι.
3332 4104 3459 4171 [Kal
3511 4102 3736 4169 γέγονεν
3783 4101 3990 4171 ἄνεμος
4035 4103 4065 4152 6

2474 4202 2765 4270 λεγόμενος
2805 4198 2917 4267 λἰψ,
2956 4197 3203 4267 φυσήσας
3242 4196 3348 4259 ἕως
3387 4195 3573 4263 τρίτου
3614 4193 3882 4261 σφοδρῶς,
3924 4211 4065 4246 cus-

2478 4293 2662 4353 σείσας
2705 4290 2801 4343 καὶ
2844 4290 3124 4358 οἰκήματα
3172 4286 3268 4339 καὶ
3318 4286 3640 4354 ἐκκλησίας,
3670 4283 3811 4337 ὥστε
3848 4284 4067 4346 πάντας

2476 4382 2699 4451 φεύγειν
2746 4383 2804 4433 ἐν
2849 4381 3036 4442 τόποις
3087 4377 3398 4448 ὑπαίθροις,
3444 4377 3699 4443 λέγοντας
3741 4375 4064 4429 συντέλειαν

2476 4471 2616 4525 εἶναι
2666 4471 2958 4540 κοσμικὴν,
2991 4472 3040 4523 εί
3077 4471 3152 4539 μὴ
3179 4471 3213 4537 ἡ
3240 4468 3334 4521 τοῦ
3384 4466 3522 4520 Θεοῦ
3561 4467 3947 4536 φιλανθρωπία
3993 4467 4063 4518 δι’

796 4560 872 4613 tia
904 4560 1161 4613 imbrium
1212 4560 1573 4615 inundatione
1604 4562 1757 4615 illum
1804 4564 2076 4618 turbinem
2110 4567 2370 4619 sedasset.

2476 4565 2697 4635 ὕμϐρων
2733 4564 2960 4635 ἔστησεν
2978 4564 3079 4631 τὴν
3102 4562 3361 4632 τοιαύτην
3386 4560 3699 4629 καταιγῖδα.

860 4650 954 4705 26.
1011 4650 1382 4719 Agarenorum
1428 4653 1607 4707 classe
1651 4654 1914 4709 adversus
1956 4655 2236 4711 Romanos
2271 4660 2371 4712 ad-

791 4750 1063 4805 ventante,
1098 4738 1208 4794 Leo
1248 4740 1559 4797 Hemerium
1585 4744 1787 4813 publici
1814 4760 2011 4803 cursus
2035 4748 2365 4818 logotbetain

792 4830 955 4885 classi
986 4830 1254 4885 universa:
1279 4832 1473 4887 ducem
1514 4834 1761 4902 przeticit.
1792 4833 1990 4892 Jussus
2016 4848 2069 4890 et
2098 4839 2365 4893 Androni-

792 4934 890 4975 cus
918 4918 1033 4974 Dux
1084 4936 1207 4975 cum
1244 4919 1499 4976 Hemerio
1538 4924 1719 4977 navim
1765 4928 2135 4981 conscendere
2175 4931 2369 4983 adver-

792 5028 1027 5083 sumque
1058 5014 1344 5085 Agarenos
1369 5014 1585 5071 fortiter
1616 5016 1902 5073 dimicare.
1941 5019 2209 5075 Samonas
2240 5036 2369 5078 vero

793 5122 904 5176 quo
935 5108 1263 5176 implacabili
1306 5109 1360 5162 in
1408 5110 1782 5165 Andronicum
1832 5113 1997 5183 372
2044 5123 2164 5169 erat
2224 5116 2374 5181 odio,

794 5207 916 5251 astu
946 5200 1061 5253 viro
1092 5202 1303 5254 foveam
1337 5199 1473 5255 fodit
1494 5217 1557 5257 ac
1578 5202 1807 5271 pedibus
1838 5206 2065 5274 laqueos
2092 5210 2375 5276 supponit,

795 5291 910 5343 dire
952 5290 1028 5343 illi
1058 5292 1328 5347 infensus
1374 5294 1444 5347 ob
1480 5309 1591 5349 sua:
1637 5294 1777 5365 fuga:
1824 5300 2121 5367 negotium.
2171 5299 2377 5370 Nempe

794 5383 1114 5439 subornavit
1154 5386 1249 5454 qui
1294 5391 1506 5441 occulte
1543 5388 1857 5444 Andronico
1897 5392 2165 5447 scriberet
2208 5409 2275 5448 ne
2320 5396 2374 5448 in

794 5492 959 5530 naves
996 5478 1222 5532 intraret
1255 5496 1267 5532 :
1309 5481 1510 5549 quippe
1548 5483 1601 5534 in
1636 5482 1908 5537 mandatis
1948 5484 2225 5554 accepisse
2270 5485 2376 5541 lle-

794 5571 1024 5624 tueriuiu
1060 5574 1126 5625 ab
1159 5574 1510 5641 imperatore,
1553 5574 1807 5630 Samonte
1859 5581 2111 5643 consilio,
2147 5590 2205 5633 ut
2245 5596 2369 5633 eum

792 5673 1009 5731 caperet
1040 5678 1203 5735 atque
1227 5668 1401 5723 oculis
1431 5670 1669 5726 orbaret.
1702 5671 1955 5729 Hemerio
1988 5673 2173 5745 itaque
2204 5676 2370 5728 etiam

2547 4656 2664 4719 κς’.
2712 4658 2907 4709 Στόλου
2949 4655 3007 4709 δέ
3058 4654 3169 4708 τῶν
3208 4653 3529 4725 ’Δγαρηνῶν
3582 4653 3726 4705 κατὰ
3765 4652 4063 4721 Ῥωμαίων

2475 4751 2804 4815 ἐξελθόντος,
2837 4751 2865 4802 6
2915 4748 3167 4818 βασιλεὺς
3222 4747 3483 4817 Ἦμέριον
3524 4748 3570 4780 ⁸⁹
3622 4746 3920 4817 λογοθέτην
3964 4748 4063 4799 τοῦ

2473 4845 2677 4914 δρόμου
2691 4844 2786 4897 τοῦ
2807 4844 2995 4896 στόλου
3020 4843 3219 4905 παντὸς
3236 4841 3481 4912 ἀρχηγὸν
3503 4840 3884 4911 προϐάλλεται.
3906 4841 4063 4895 Ἐδέ-

2477 4938 2607 5003 ξατο
2644 4938 2739 4991 καὶ
2755 4935 3091 5007 Ἀνδρόνικος
3120 4936 3149 4988 6
3172 4933 3299 4999 δοὺξ
3320 4933 3682 4988 συνεισελθεῖν
3694 4933 3773 5003 τῷ
3809 4933 4063 5003 Ἦμερίῳ

2478 5029 2569 5079 καὶ
2598 5027 2722 5087 τοὺς
2756 5026 3092 5095 Ἀγαρηνοὺς
3112 5022 3589 5094 καταπολεμῆσαι.
3624 5021 3755 5076 Ὀδέ
3786 5022 4061 5091 Σαμωνᾶς

2473 5119 2829 5178 ἀδιάλλακτος
2886 5117 3081 5187 ἐχθρὸς
3127 5116 3205 5169 ὢν
3266 5116 3593 5186 Ἀνδρονίκῳ
3659 5115 3853 5185 βόθρον
3905 5116 4063 5185 αὐτῷ

2474 5215 2793 5286 ὑπώρυττεν
2835 5216 2929 5267 καὶ
2963 5216 3074 5275 τοῖς
3104 5212 3232 5265 ποσὶ
3272 5210 3507 5277 παγίδας
3538 5209 3807 5274 ὑπετίθει,
3837 5210 4064 5278 δυσμε-

2475 5309 2577 5371 νῶς
2612 5308 2747 5375 ἔχων
2781 5306 2927 5375 αὑτῷ
2966 5305 3054 5357 διὰ
3092 5304 3192 5375 τὴν
3240 5304 3537 5373 ὑπέρθεσιν
3564 5302 3664 5368 τῆς
3695 5302 3874 5369 φυγῆς
3906 5318 3921 5329 ·
3951 5303 4060 5353 ὑπο

2477 5401 2635 5454 έϐαλε
2668 5400 2724 5452 δε
2770 5416 2890 5452 τινα
2938 5379 3148 5467 γράψαι
3198 5397 3475 5466 λαθραίοις
3516 5394 3842 5463 Ἀνδρονίκῳ
3875 5395 3950 5461 μὴ
3997 5395 4059 5443 ἐν

2475 5496 2587 5555 τοῖς
2641 5492 2849 5553 πλοίοις
2906 5490 3188 5553 εἰσελθεῖν,
3236 5489 3340 5549 ὃτι,
3386 5487 3573 5554 φησιν,
3618 5484 3995 5552 παραγγελίας
4030 5487 4060 5534 6

2487 5582 2746 5651 Ἠμέτ-ιος
2790 5580 3013 5648 εἴληφεν
3073 5579 3225 5649 παρὰ
3288 5578 3595 5648 βασιλέως,
3653 5576 4059 5642 ὑποϐληθέντςς

2476 5673 2630 5742 παρὰ
2662 5675 2917 5743 Σαμωνᾶ,
2964 5674 3259 5742 κατασχεῖν
3304 5673 3397 5726 καὶ
3426 5668 3709 5739 τυφλῶσαί
3764 5686 3846 5722 σε.
3878 5668 4058 5721 Πολλὰ

2111 5768 2347 5825 VARUS
2386 5768 2795 5825 LECTIONES.

863 5860 907 5889 ⁵³
954 5858 1185 5926 ἰμέριον
1219 5876 1269 5927 p.
1301 5859 1397 5913 467
1437 5860 1467 5912 li
1490 5869 1540 5913 et
1571 5862 1677 5914 560
1700 5880 1751 5915 a.
