4154 6450
110 387 205 450 389

1122 379 1265 439 LIB.
1303 377 1400 438 Vl.
1443 402 1506 415 -
1537 375 1679 437 ω’ἶο
1715 378 1993 440 BASIL'II
2033 376 2310 439 FILIUS.

3239 381 3344 446 390

105 498 146 551 ιι
180 490 272 546 τοῦ
312 488 578 561 Ὶιμερίου
612 485 1059 560 προτρεπομένου
1094 486 1186 538 τὸν
1232 482 1569 555 Ἀνδρόνικον
1612 484 1668 535 ἰν

1782 491 1938 555 atque
1969 485 2131 540 etiam
2157 492 2382 554 rogante
2418 492 2576 555 atque
2608 484 2859 541 hortante
2891 484 3257 542 Andronicum
3288 501 3345 544 ut

106 588 205 645 τοῖς
241 581 448 645 πλοίοις
497 578 757 633 εἰσελθεῖν
781 578 889 632 τῶν
929 575 1252 647 Ἀγαρηνῶν
1278 575 1668 646 ἐπικειμένων,

105 674 489 746 ἀποσκιρτησι,
509 669 585 742 μὴ
606 669 762 725 τοῦτο
775 670 996 740 ποιῆσαι
1017 669 1474 737 καταδιξάμενος.
1513 666 1672 736 Ἢμίο

109 785 208 840 ριος
234 766 294 820 δὲ
328 765 487 835 μόνος
524 766 592 834 τῇ
621 760 716 816 τοῦ
741 763 897 826 άγίου
939 760 1237 814 ἀποστόλου
1267 760 1440 829 Θωμᾶ
1482 759 1672 831 μνήμῃ

107 857 394 930 συμϐαλὼν
434 857 675 926 πόλεμον
733 852 872 922 μετὰ
914 851 1022 905 τῶν
1061 850 1381 920 Ἀγαρηνῶν
1431 849 1673 921 μεγάλην

107 953 250 1018 νίκην
312 947 632 1016 εἰργάσατο.
688 942 858 996 Τοῦτο
917 940 1104 1011 μαθὼν
1170 941 1524 1008 Ἀνδρόνικος,
1577 941 1672 993 καὶ

107 1039 390 1108 ἀπογνοὺς.
422 1037 538 1106 ἆμα
586 1035 870 1103 συγγενέσι
923 1034 1018 1087 καὶ
1068 1031 1274 1094 δούλοις
1305 1032 1470 1085 αὐτοῦ
1518 1031 1671 1084 πόλιν

109 1132 364 1200 κατέσχεν
399 1130 499 1196 τὴν
533 1127 833 1196 λεγομένην
884 1124 1166 1186 Καόάλαν,
1218 1126 1296 1186 εἰς
1337 1122 1673 1177 ἀποστασίαν

107 1222 368 1289 ὁρμήσας.
412 1219 470 1272 '0
494 1218 549 1270 δὲ
572 1219 837 1285 Σαμωνᾶς
855 1217 1021 1269 πάλαι
1055 1216 1184 1268 ποτὲ
1208 1216 1451 1268 τοιούτου
1484 1214 1674 1267 ἐπιλα-

110 1310 290 1362 6ἐσθαι
316 1308 512 1378 καιροῦ
551 1306 838 1376 ἐπιθυμῶν
876 1307 1013 1376 πρὸς
1044 1307 1270 1377 βασιλέα
1313 1307 1515 1374 ἔλεγεν·
1551 1309 1672 1361 Οὐκ

108 1400 202 1463 ἀεὶ,
229 1399 524 1463 δέσποτα,
561 1399 775 1466 ἔλεγον
799 1397 888 1450 ὅτι
920 1399 1217 1466 ἀντάρτης
1265 1399 1362 1452 καὶ
1409 1399 1674 1453 ἀποστάς

107 1509 200 1556 της
227 1492 409 1543 ἐστίν
445 1493 476 1543 ό
502 1491 650 1554 δοὺξ
680 1489 776 1542 καί
794 1488 866 1557 τῇ
881 1491 1172 1558 ,βασιλείᾳ
1203 1507 1319 1544 σου
1349 1493 1631 1561 πολέμιος
1655 1508 1672 1554 ;

110 1583 424 1651 Παραυτίκα
469 1583 601 1649 γοῦν
657 1583 980 1637 ἀπέστειλεν
1031 1583 1317 1652 Γρηγορᾶν
1369 1583 1674 1654 Ἰϐηρίτζην

107 1675 416 1740 λεγόμενον,
445 1674 762 1742 δομέστικον
783 1676 912 1728 ὄντα
941 1675 1048 1727 τῶν
1078 1674 1283 1744 σχολῶν
1313 1676 1404 1727 καὶ
1435 1678 1674 1745 συμπεν-

108 1764 255 1834 θερον
305 1765 669 1835 Ἀνδρονίκου,
719 1767 1174 1836 καταπολεμῆσαι
1228 1767 1415 1823 αὐτόν.
1468 1766 1672 1820 Μαθὼν

107 1858 153 1909 δὲ
176 1857 336 1909 τοῦτο
381 1859 740 1930 Ἀνδρόνικος,
773 1860 1004 1921 καὶπῶς
1035 1861 1063 1912 6
1105 1862 1451 1930 πατριάρχης
1505 1860 1670 1913 Νικό·

107 1948 220 2010 ὶ.αος
275 1950 375 2018 τῆς
443 1949 771 2020 Ἐκκλησίας
821 1949 1142 2020 ὲξεδιώχθη,
1199 1953 1311 2012 τοῖς
1355 1952 1674 2021 Ἀγαρηνοῖς

106 2041 366 2110 ἐξέφυγεν
409 2043 654 2106 πανοικὶ,
697 2041 1003 2110 τηνικαῦτα
1057 2041 1200 2094 κατὰ
1245 2042 1529 2111 Ῥωμαίων
1588 2043 1677 2107 ἐξ·

107 2134 457 2202 εληλυθόσινο
493 2134 554 2187 δν
609 2134 1033 2205 Ἀμερμουμνῆς
1082 2135 1318 2205 ἐντίμως
1371 2137 1464 2189 καὶ
1503 2154 1676 2206 μεγα-

106 2225 392 2296 λοπρεπῶς
448 2224 808 2297 προσεδέξατο
849 2243 861 2255 ·
897 2226 1143 2276 ἐλυπεῖτο
1165 2224 1221 2277 δὲ
1253 2227 1280 2277 6
1309 2225 1560 2294 βασιλεὺς
1591 2227 1679 2279 διὰ

105 2317 189 2368 τὸν
238 2317 600 2386 Ἀνδρόνικον,
634 2313 715 2387 [Ρ.
753 2314 884 2387 250]
918 2317 1014 2368 καὶ
1050 2316 1302 2368 ἐϐούλετο
1345 2317 1500 2383 λόγον
1531 2317 1678 2388 αὐτῷ

104 2408 480 2475 ὲνυπόγραφον
528 2407 842 2460 ἀποστεῖλαι
885 2408 978 2459 τοῦ
1027 2408 1164 2478 πρὸς
1205 2409 1510 2478 Ῥωμαίους
1542 2412 1679 2464 ὑπο-

106 2499 360 2566 στρέψαι.
404 2499 840 2553 Συνεϐούλευσαν
861 2499 916 2552 δέ
938 2517 1081 2563 τινες
1100 2500 1176 2570 τῷ
1195 2500 1406 2570 βασιλεῖ
1425 2505 1678 2572 ιριλοιρρο⁶

102 2590 331 2658 νηθῆναί
367 2607 494 2642 τινα
521 2589 630 2642 τῶν
675 2589 770 2641 τοῦ
827 2592 1166 2660 πραιτωρίου
1219 2592 1554 2661 Σαρακηνῶν
1585 2593 1678 2646 καὶ

107 2682 478 2748 ἀποσταλῆναι
525 2684 583 2733 ὲν
620 2681 788 2758 Συρίᾳ
819 2682 957 2751 μετὰ
1007 2681 1169 2748 λόγου
1194 2682 1576 2751 ὲνυπογράφου
1605 2700 1618 2712 ·
1650 2685 1679 2737 ὃ

104 2771 162 2840 δὴ
195 2773 292 2825 καὶ
347 2773 694 2842 πεποίηκεν,
740 2772 825 2825 διὰ
881 2773 1257 2844 κινναϐάρεως
1311 2774 1525 2845 γράψας
1582 2776 1679 2828 καὶ

107 2862 298 2934 βούλλῃ
330 2865 637 2933 σφραγίσας
675 2867 850 2934 χρυσῇ
886 2865 979 2916 καὶ
1015 2864 1162 2916 ἔνδον
1199 2864 1430 2936 βραχέος
1455 2867 1679 2935 φατλίου

103 2957 341 3024 τράκτου
370 2955 733 3018 κατακλείσας
777 2957 928 3010 αὑτό.
964 2956 1070 3009 Τοῦ
1109 2958 1165 3010 δὲ
1214 2958 1530 3029 Σαρακηνοῦ
1572 2959 1679 3012 ἀπὸ

105 3040 375 3107 βασιλέως
404 3041 732 3108 ἐξελθόντος,
766 3043 1277 3114 προσκαλεσάμενος
1307 3048 1538 3101 τοῦτονό
1570 3049 1677 3100 Σα-

109 3137 293 3201 pravi;
326 3131 502 3187 εἶπεν
534 3132 712 3199 Οἶδας
762 3134 793 3189 6
827 3137 1140 3205 κατέχεις;
1185 3139 1344 3192 τοῦτο
1393 3141 1564 3193 εἰπὼν
1615 3141 1679 3209 δὴ
1707 3171 1749 3229 c

103 3228 129 3276 ὃ
187 3228 412 3296 ἐκράτει
472 3229 678 3296 κηρὸν,
739 3228 812 3289 ὡς
870 3228 972 3298 τῆς
1026 3230 1228 3298 Συρίας
1287 3231 1374 3301 εῐη
1408 3232 1674 3289 ἀπώλεια.

105 3320 237 3380 Agit;
275 3320 428 3386 αὐτῷ
465 3322 723 3387 χρήματα
747 3321 1122 3388 παρήγγειλεν
1144 3321 1298 3373 τοῦτο
1323 3325 1403 3383 είς
1426 3325 1524 3386 τὰς
1566 3328 1681 3393 χεῖ-

107 3428 205 3478 ρας
236 3409 332 3461 τοῦ
393 3411 577 3479 Οὑξὴρ
614 3411 657 3440 ⁶⁰
717 3411 993 3479 ἐμϐαλεῖν.
1045 3412 1101 3462 Ὀ
1144 3411 1202 3462 δὲ
1247 3412 1498 3465 ἀπελθὼν
1526 3416 1683 3467 τοῦτο

107 3503 432 3571 πεποίηκεν.
481 3500 790 3571 Ἐκρατήθη
833 3503 889 3554 δὲ
929 3503 1268 3573 Ἀνδρόνικος
1289 3506 1383 3557 καὶ
1406 3506 1680 3577 ὲδεσμήθη

105 3597 246 3663 μετὰ
281 3596 502 3645 πάντων
536 3593 643 3646 τῶν
666 3593 832 3647 αὐτοῦ
870 3595 1148 3662 συγγενῶν
1177 3613 1190 3626 ’
1227 3598 1320 3648 καὶ
1371 3596 1561 3665 μαθὼν
1595 3597 1681 3651 διὰ

101 3686 256 3736 δόλου
309 3683 403 3736 τοῦ
461 3684 696 3752 Σαμωνᾶ
758 3683 930 3736 ταῦτα
976 3686 1278 3754 γεγονέναι,
1311 3688 1683 3755 ἀναγκασθεὶς

98 3778 200 3847 τὴν
240 3778 381 3830 ἰδίαν
419 3777 602 3828 πίστιν
630 3775 791 3840 αὑτός
828 3794 884 3830 τε
923 3779 1017 3831 καὶ
1048 3781 1097 3832 οἱ
1145 3780 1241 3833 σὺν
1281 3780 1430 3849 αὐτῷ
1472 3780 1685 3851 ἐξωμό-

102 3885 289 3920 σαντο.
325 3868 732 3928 Κωνσταντῖνος
758 3866 814 3918 δὲ
844 3869 872 3920 6
905 3868 1019 3930 υἱὸς
1051 3868 1239 3933 αὑτοῦ,
1271 3869 1426 3932 εἰδὼς
1450 3871 1526 3936 ὼς
1556 3872 1685 3925 ἀδύ-

99 3961 266 4013 νατόν
328 3961 481 4012 ἐστιν
533 3957 740 4011 ἐκεῖθεν
786 3957 1059 4024 ἐξελθεῖν,
1108 3959 1270 4032 βουλῇ
1312 3962 1476 4018 αὑτοῦ
1539 3968 1683 4038 φυγῇ

97 4053 459 4123 χρησάμενος
488 4051 596 4104 ἀπὸ
636 4050 835 4120 Συρίας
876 4050 1120 4120 ἐξῆλθεν,
1148 4054 1240 4106 καὶ
1285 4055 1419 4124 πρὸς
1458 4054 1686 4125 βασιλέα

97 4147 360 4197 ἐπάνεισι
387 4144 484 4194 σῦν
516 4144 627 4203 τοῖς
669 4143 785 4210 μετ’
817 4141 1001 4206 αὑτοῦ,
1033 4141 1091 4194 ὃν
1122 4141 1314 4212 δώροις
1348 4145 1616 4210 πλείστοις
1657 4148 1686 4200 6

99 4237 367 4306 βασιλεὺς
421 4233 882 4303 δαψιλευσάμενος
933 4235 1057 4287 τάδε
1122 4237 1256 4306 φησι
1310 4239 1444 4306 πρὸς
1501 4239 1683 4306 αὑτὸν,

101 4331 244 4392 στὰς
271 4330 334 4379 ἐν
364 4330 432 4398 τῇ
467 4327 602 4395 πρὸς
637 4326 924 4389 Ἀνατολὰς
949 4326 1042 4378 τοῦ
1075 4329 1278 4400 Κυρίου
1314 4331 1408 4382 καὶ
1438 4332 1686 4402 Σωτῆρος

95 4420 264 4490 ἡμῶν
300 4419 496 4471 είκόνι’
529 4417 625 4483 Μὴ
681 4415 1038 4484 πεπλάνησο
1077 4419 1205 4473 καθ’
1244 4420 1465 4475 ἑαυτὸν
1534 4421 1612 4488 τῷ
1641 4425 1684 4455 ⁶¹

1775 575 2039 646 Agarenls
2063 574 2443 647 ingruentibus
2467 590 2631 632 naves
2654 578 2901 646 intraret,
2928 577 3017 634 lllc
3040 578 3248 634 resilire
3282 594 3346 634 ac

1776 667 2065 738 imperium
2098 667 2417 724 detrectare.
2454 665 2738 726 llemerius
2770 670 2886 740 ipse
2927 670 3096 736 solus,
3128 685 3233 741 qua
3260 672 3347 727 die

1776 760 2034 816 solemnis
2061 759 2119 815 S.
2158 760 2381 815 Tbomae
2410 761 2673 816 memoria
2705 763 2906 832 agitur,
2940 773 3194 819 conserta
3223 777 3346 817 cum

1775 851 2038 918 Agarenis
2064 867 2224 905 manu
2254 852 2455 918 ingenti
2487 852 2709 907 victoria
2739 856 2960 923 potitur.
2993 852 3063 909 Ut
3093 857 3344 925 cognovit

1772 940 2142 1007 Andronicus,
2175 944 2547 1013 desperatione
2589 955 2744 1000 actus
2789 960 2914 999 cum
2950 947 3272 1002 necessariis
3295 956 3349 1001 ct

1774 1033 1978 1090 familia
2025 1044 2246 1105 totoque
2290 1037 2547 1089 comitatu
2579 1077 2592 1100 ,
2627 1048 2889 1107 occupata
2924 1037 3057 1091 urbe
3097 1040 3177 1093 sic
3209 1039 3348 1091 dit'ta

1773 1128 1972 1183 Cabala
2004 1128 2300 1182 rebellavit.
2342 1127 2512 1182 Porro
2555 1129 2819 1183 Samonas
2862 1131 2990 1184 olim
3015 1129 3126 1198 jam
3160 1130 3349 1184 istius-

1776 1220 1921 1272 modi
1951 1220 2296 1273 occasionem
2339 1219 2580 1273 nancisci
2626 1219 2963 1283 desiderans,
2999 1223 3063 1276 ad
3117 1221 3350 1290 impera-

1776 1321 1948 1366 torem
1983 1329 1995 1365 :
2033 1310 2221 1366 Nonne
2270 1327 2491 1378 semper,
2526 1313 2754 1373 domine,
2799 1312 3024 1375 aiebam,
3061 1313 3243 1365 ducem
3271 1329 3352 1365 re-

1777 1404 1962 1457 bellent
1992 1421 2100 1458 esse
2147 1421 2208 1457 ac
2251 1404 2592 1470 defectionem
2628 1403 2806 1456 moliri
2847 1415 3053 1472 tuaeque
3085 1404 3351 1472 majestati

1777 1495 1888 1562 fore
1913 1494 2231 1563 perduellem
2259 1496 2283 1547 ?
2321 1491 2443 1544 Mox
2476 1492 2656 1560 itaque
2691 1492 2847 1546 tnittil
2885 1493 3179 1562 imperator
3212 1492 3351 1547 Gre-

1776 1600 1961 1654 goram
1990 1593 2352 1654 cognomento
2375 1582 2625 1636 lberitetn
2653 1583 2961 1636 scholarum
2990 1584 3348 1638 domesticum

1775 1694 1840 1732 ac
1869 1677 2166 1731 Andronici
2221 1691 2285 1731 ex
2318 1691 2485 1730 uxore
2523 1673 2759 1737 amnem,
2803 1675 2895 1743 qui
2929 1688 3051 1729 eum
3100 1673 3351 1728 debellet.

1779 1768 2123 1822 Andronicus
2145 1768 2236 1822 ubi
2260 1767 2479 1821 rescivit
2500 1782 2564 1820 ac
2593 1765 2870 1821 Nicolaum
2899 1766 3262 1836 patriarcham
3287 1781 3350 1820 cx

1774 1858 2004 1913 ecclesia
2041 1858 2274 1925 ejectum
2313 1856 2616 1920 intellexit,
2649 1856 2712 1909 ad
2747 1858 3028 1924 Agarenos
3054 1895 3068 1920 ,
3104 1855 3197 1924 qui
3237 1863 3352 1908 tum

1775 1951 2032 2005 adversus
2075 1948 2355 2002 Romanos
2389 1947 2785 2017 expeditionem
2818 1957 3190 2015 susceperant,
3228 1961 3349 1999 cum

1777 2043 1893 2098 suis
1914 2043 2168 2095 omnibus
2213 2040 2472 2110 profugit.
2509 2042 2930 2094 Amertnumnes
2964 2041 3140 2092 virum
3179 2038 3354 2093 bono-

1779 2136 1929 2189 rilice
1957 2151 2020 2189 ac
2052 2135 2335 2204 magnifice
2358 2134 2587 2203 accepit.
2620 2134 2800 2188 Animi
2828 2133 3027 2187 anxius
3060 2134 3354 2202 imperator

1777 2226 1845 2278 ob
1873 2241 1991 2278 eam
2023 2223 2320 2277 Andronici
2349 2222 2533 2292 fugam
2563 2222 2685 2276 data
2733 2223 3046 2276 securitatis
3082 2221 3179 2273 (ide
3203 2219 3266 2272 ad
3297 2235 3356 2273 se

1779 2329 1902 2368 cum
1948 2329 2204 2368 revocare
2236 2314 2506 2369 studebat.
2540 2313 2906 2378 Quamobrem
2943 2320 3196 2364 auctores
3237 2309 3358 2377 Qui-

1777 2407 1901 2459 dam
1942 2405 2018 2458 illi
2049 2405 2323 2469 exstitere,
2357 2415 2414 2458 ut
2443 2403 2842 2457 Saracenorum
2878 2401 3039 2471 373
3063 2400 3357 2470 quemdam

1778 2513 1842 2552 cx
1872 2497 2131 2567 prmtorio
2184 2495 2287 2549 sibi
2308 2484 2653 2558 conciliaret,
2682 2508 2841 2562 quem
2881 2507 3005 2546 cum
3051 2491 3358 2556 subscripto

1778 2589 1952 2664 veniae
1982 2586 2166 2641 libello
2190 2587 2246 2639 in
2266 2586 2479 2656 Syriam
2513 2585 2769 2638 mitteret.
2800 2583 2960 2637 Hunc
2992 2594 3120 2650 ergo
3150 2582 3361 2650 paravit.

1781 2680 2102 2746 imperator,
2161 2677 2523 2745 scribensque
2575 2675 2856 2730 cinnabari
2903 2689 2968 2728 ac
3020 2675 3165 2743 regia
3215 2674 3358 2727 bulla

1779 2771 2110 2840 consignans
2143 2769 2283 2822 intra
2315 2767 2764 2822 brevemccreum
2802 2764 2984 2820 fusum
3023 2765 3240 2817 litteras
3278 2763 3361 2815 in-

1780 2863 1961 2917 clusit.
2001 2861 2335 2915 Saracenum
2365 2859 2434 2913 ab
2459 2860 2786 2926 imperatore
2799 2857 3165 2911 discedentem
3193 2855 3363 2910 adve-

1782 2969 1914 3008 cans
1954 2951 2246 3016 Santones,
2315 2951 2456 3018 Scis,
2495 2951 2693 3020 inquit,
2745 2950 2871 3020 quid
2921 2950 3062 3018 feras
3087 2949 3112 3001 ?
3139 2950 3181 3000 is
3210 2963 3362 3017 quem

1784 3057 1946 3113 tenes,
1994 3062 2170 3100 cereus
2204 3044 2376 3114 Syria:
2413 3045 2668 3112 pernicies
2714 3053 2811 3096 est.
2851 3041 3139 3096 Numerata
3181 3040 3364 3108 itaque

1784 3139 2012 3208 pecunia
2067 3136 2220 3192 Useri
2265 3137 2319 3189 in
2370 3150 2564 3189 manus
2597 3134 2812 3188 tradere
2846 3132 3033 3201 jussit.
3078 3130 3362 3186 Profectus

1785 3232 1967 3298 itaque
2024 3227 2332 3281 Saracenus
2361 3266 2376 3292 ,
2411 3226 2556 3294 quod
2591 3224 2780 3294 jussus
2824 3230 2942 3276 erat
2974 3220 3120 3276 fecit.
3160 3220 3364 3288 Captus

1786 3335 1912 3374 vero
1945 3319 2309 3383 Andronicus,
2356 3332 2418 3370 at:
2447 3331 2570 3370 cum
2622 3315 2948 3369 necessariis
3001 3312 3266 3368 omnibus
3309 3313 3364 3367 in

1785 3412 1999 3465 vincula
2026 3409 2325 3480 conjectus.
2359 3409 2606 3478 Cumth
2642 3408 2756 3462 haec
2786 3409 3037 3461 Samona
3072 3405 3196 3460 dolo
3228 3407 3278 3459 in
3305 3422 3366 3461 se

1785 3514 1934 3573 gesta
1961 3505 2332 3572 comperisset,
2354 3503 2678 3556 necessitate
2703 3502 2930 3555 adactus
2953 3515 3077 3554 cum
3104 3501 3217 3568 ipse
3248 3512 3361 3553 tum

1786 3600 1876 3652 alii
1925 3598 2082 3652 tidem
2125 3597 2428 3664 ejurarunt.
2465 3594 2600 3663 Ejus
2633 3603 2814 3647 autem
2858 3592 3000 3646 ﬁlius
3042 3592 3364 3647 Constanti-

1786 3705 1911 3750 nus,
1943 3704 2064 3743 cum
2094 3690 2258 3743 sciret
2294 3688 2408 3741 ﬁeri
2440 3703 2547 3740 non
2578 3701 2738 3755 posse
2763 3694 2820 3739 ut
2845 3686 2968 3740 inde
2997 3686 3133 3740 liber
3166 3684 3361 3743 exiret.

1787 3784 1954 3853 patris
1991 3781 2217 3836 consilio
2241 3781 2364 3851 fuga
2395 3794 2525 3833 usus
2565 3778 2720 3849 Syria
2754 3777 2938 3832 relicta
2971 3777 3033 3832 ad
3072 3777 3367 3846 imperato-

1789 3885 1962 3930 torem
2005 3889 2126 3928 cum
2173 3873 2336 3927 sociis
2385 3886 2635 3926 reversus
2682 3879 2813 3925 est:
2855 3869 3010 3924 llunc
3061 3870 3360 3938 imperatur

1788 3967 1946 4023 donis
1972 3965 2222 4038 plurimis
2250 3965 2505 4020 muniﬁce
2539 3971 2840 4030 acceptum,
2868 3973 3019 4018 stans
3049 3961 3116 4016 ad
3148 3961 3362 4018 Domini

1788 4075 1854 4116 ac
1879 4058 2177 4115 Salvatoris
2200 4059 2372 4113 nostri
2400 4058 2689 4127 imaginem
2713 4056 2778 4112 ad
2807 4055 3080 4112 Orientem
3105 4057 3361 4128 positam,

1790 4155 1843 4208 in
1876 4155 1988 4207 haec
2021 4153 2183 4205 verba
2225 4151 2421 4204 allatus
2456 4160 2539 4204 est
2566 4168 2577 4202 :
2609 4147 2691 4201 Ne
2722 4158 2767 4202 te
2806 4149 3017 4202 seducat
3050 4149 3188 4218 quod
3214 4150 3363 4219 vulgo

1781 4247 2011 4315 jnctant,
2035 4246 2147 4314 fore
2166 4243 2572 4301 Constantinum
2594 4244 2960 4310 imperatorem
2985 4240 3362 4297 Romanorum.

1788 4335 1925 4390 Juro
1961 4336 2098 4390 enim
2133 4353 2223 4405 per
2253 4337 2613 4404 inspectricent
2643 4336 2877 4389 omnium
2898 4334 3172 4402 justitiam
3199 4344 3246 4387 et
3275 4349 3366 4402 per

1790 4431 2007 4484 Domini
2047 4430 2212 4484 nostri
2251 4430 2336 4482 hic
2374 4429 2600 4496 positam
2640 4428 2889 4497 ﬁguram,
2925 4425 3060 4478 nihil
3089 4427 3363 4492 imperium

95 4513 267 4580 παρὰ
295 4508 556 4574 πολλοῖς
582 4504 734 4561 εἶναι
762 4509 1059 4578 ᾀδόμενον
1092 4513 1552 4569 Κωνσταντῒνον
1567 4516 1681 4578 βαι·

1794 4519 1863 4572 ad
1890 4527 1939 4570 te
1979 4518 2203 4570 attinere
2230 4533 2288 4569 eo
2323 4515 2459 4584 quod
2484 4514 2862 4569 Constantinus
2896 4513 3108 4577 audias,
3140 4513 3230 4566 sed
3254 4513 3365 4581 ﬁlio

91 4604 486 4656 σιλεύσοντα
522 4600 839 4670 Ῥωμαίων.
869 4602 1119 4670 Ὄμνυμί
1141 4619 1239 4656 σοι
1258 4607 1345 4669 είς
1362 4606 1475 4672 τὴν
1497 4625 1685 4661 παντ-

91 4698 333 4765 έρορον
371 4693 552 4760 δίκην
567 4694 662 4746 καὶ
687 4696 773 4758 είς
793 4694 907 4761 τὴν
922 4693 1028 4747 τοῦ
1053 4697 1272 4762 Κυρίου
1300 4697 1467 4765 ἡμῶν
1484 4703 1687 4754 είκόνα

90 4791 187 4841 ὅτι
231 4789 346 4840 οὐκ
377 4785 510 4837 ἐστι
535 4783 654 4836 σὸν
684 4783 749 4836 τὸ
779 4784 1098 4848 βασίλειον
1121 4785 1218 4839 διὰ
1260 4788 1324 4838 τὸ
1358 4805 1685 4858 κατονομα-

87 4879 337 4948 σθῆναί
364 4894 439 4931 σε
464 4875 939 4940 Κωνσταντῖνον,
977 4876 1138 4930 ἀλλὰ
1171 4877 1251 4943 τῷ
1279 4881 1540 4948 φιλτάτῳ
1565 4901 1684 4950 μου

89 4973 211 5036 vlg}
251 4972 462 5026 θεόθεν
478 4969 574 5024 διὰ
602 4971 912 5039 προγόνων
931 4970 1273 5038 δεδώρηται,
1300 4975 1492 5040 καθὼς
1527 4979 1686 5044 παρὰ

85 5065 364 5120 πολλῶν
404 5064 586 5131 ἁγίων
617 5061 853 5130 ἀνδρῶν
887 5066 1444 5134 πεπλιιροφόρημαι.
1473 5069 1542 5120 El
1575 5071 1684 5137 γὰρ

85 5178 214 5226 πει,
247 5159 456 5223 αθείης
527 5156 743 5208 τοῦτον
803 5154 1316 5224 διαχειρίσασθαι,
1378 5159 1452 5228 τῇ
1518 5163 1684 5231 πύλῃ

82 5257 296 5318 ταύτῃ
310 5253 347 5317 ἡ
373 5249 606 5318 κεφαλή
632 5264 746 5302 σου
768 5251 1040 5318 σώματος
1061 5251 1234 5315 ἐκτὸς
1252 5254 1684 5309 εἰσελεύσεται.

1796 4627 1908 4665 meo
1939 4608 2248 4662 dulcissimo
2291 4609 2540 4662 divinitus
2567 4624 2598 4661 α
2627 4607 2918 4673 majoribus
2948 4606 3202 4659 donatum
3234 4623 3361 4672 esse,

1793 4706 1931 4774 quod
1965 4719 2054 4772 ego
2085 4703 2212 4755 viris
2246 4702 2442 4755 sanctis
2482 4717 2582 4753 non
2626 4701 2806 4768 paucis
2843 4699 3248 4753 vaticinantibus
3287 4700 3364 4752 ita

1794 4796 1905 4861 [ore
1935 4792 2264 4859 exploratum
2296 4789 2478 4844 habeo.
2499 4791 2558 4844 Si
2587 4791 2725 4842 enim
2747 4791 2867 4842 huic
2907 4798 3124 4841 mortem
3163 4789 3366 4840 machi-

1793 4898 1948 4940 natus
1975 4887 2161 4954 [πενίῃ
2191 4902 2283 4953 per
2304 4886 2439 4938 hanc
2469 4894 2676 4953 portam
2707 4900 2893 4952 corpus
2925 4893 3166 4936 truncum
3196 4885 3364 4952 capite

1791 4980 2066 5047 inferetur.
2100 4978 2254 5043 Quod
2289 4977 2454 5049 374
2474 4987 2524 5031 et
2552 4978 2624 5031 ita
2653 4977 2876 5046 contigit
2908 4990 2922 5028 :
2954 4991 3076 5030 cum
3107 4977 3248 5029 enim
3273 4976 3364 5031 ille

1794 5071 2078 5141 tyrannico
2118 5085 2270 5124 more
2296 5084 2488 5124 manus
2521 5070 2773 5132 levasset,
2820 5070 2942 5136 ejus
2978 5077 3138 5137 caput
3167 5083 3361 5122 cruore

1791 5176 1844 5219 et
1894 5165 2021 5219 tabo
2069 5172 2231 5234 atque
2263 5163 2485 5234 pulvere
2536 5161 2898 5216 deformatum
2939 5177 3033 5230 per
3078 5161 3174 5215 has
3212 5161 3360 5231 ipSas

1791 5266 1980 5326 portas
2020 5257 2227 5309 illatum
2268 5266 2374 5311 est.

89 5350 164 5399 Ὃ
202 5345 307 5397 καὶ
337 5345 562 5411 γέγονεν
595 5359 608 5371 ’
644 5340 779 5410 μετὰ
814 5343 920 5412 γὰρ
951 5342 1010 5394 τὸ
1044 5338 1175 5412 ἆραι
1215 5343 1378 5398 αὐτὸν
1425 5347 1765 5415 τυραννικῶς
1793 5353 1980 5419 χεῖρας
2020 5351 2052 5420 ἡ
2121 5350 2328 5419 κεφαλὴ
2372 5348 2536 5401 αὑτοῦ
2606 5349 2796 5418 αἵματι
2861 5347 2957 5398 καὶ
3005 5345 3185 5417 λύθρῳ
3268 5349 3361 5400 καὶ

82 5446 258 5497 κόνει
290 5440 686 5510 άμαυρωθεῖσα
716 5437 803 5490 διὰ
830 5438 937 5490 τῶν
964 5440 1144 5492 αὐτῶν
1180 5440 1364 5495 πυλῶν
1395 5444 1763 5512 εἰσελήλυθεν.

164 5536 283 5597 κζ’,
332 5534 392 5583 ὐ
431 5531 489 5583 δὲ
534 5530 791 5600 βασιλεὺς
818 5529 1092 5593 διεδέξατο
1120 5530 1213 5587 τὸν
1247 5533 1550 5588 Εὐστάθιον
1586 5539 1684 5589 ὲπ-

81 5625 349 5696 ονιομαζό
358 5639 516 5692 μενον
535 5623 590 5674 Ἀ
602 5621 800 5692 ργυρὸν
814 5621 921 5675 ἀπὸ
939 5621 1037 5678 σοῦ
1058 5621 1464 5695 δρουγγαράτου
1481 5628 1580 5696 τῆς
1605 5628 1685 5698 βί-

1861 5540 1950 5592 27.
1984 5540 2251 5595 Prmterca
2282 5539 2390 5595 Leo
2411 5535 2755 5592 Eustathium
2794 5540 3156 5603 cognomento
3187 5531 3361 5599 Argy-

1794 5647 1952 5696 rutn,
2015 5630 2086 5684 ob
2144 5633 2510 5703 suspicionem
2543 5626 2834 5699 quamdam
2892 5625 2961 5679 ab
3006 5624 3357 5679 excubiaitnn

1388 5717 1624 5775 VAleE
1667 5721 2077 5778 LECTIONES.

169 5816 222 5846 οε
253 5810 499 5878 Οἰοῖζὴρῗ
573 5811 614 5838 ε·
648 5806 707 5859 τι
737 5807 794 5861 P.
