4154 6450
782 393 878 454 301

1870 380 2380 443 TllEOPll.\.\'ES
2418 380 2978 442 CONTINUATUS.

3945 380 4054 437 3W2

781 501 1063 570 ili-unguiii
1096 513 1319 552 uulnere
1353 505 1619 560 amotum,
1651 495 1872 549 domum
1908 510 2063 549 suam
2101 495 2167 547 ad
2191 493 2362 547 Char-

2500 491 2601 561 ’λης
2632 492 2699 544 δι’
2731 492 2988 546 ὑπόνοιαν
3013 509 3154 552 τινα,
3195 492 3287 544 καὶ
3319 490 3508 544 τοῦτον
3542 493 3618 553 εἰς
3645 489 3734 544 τδν
3773 485 3920 542 οἷκον
3955 495 4053 543 αὑ-

784 599 998 650 siannm
1046 591 1275 645 remisit.
1320 589 1374 642 ln
1406 589 1490 642 via
1525 595 1707 643 autem
1736 587 1802 642 ad
1836 586 2006 651 Aran,
2047 595 2269 654 accepto
2299 583 2368 636 ab

786 703 896 740 nuo
929 684 1356 738 domesticorum
1386 695 1616 744 vcncno,
1636 678 1942 733 exstinctus
1967 686 2050 732 est
2078 718 2094 743 ,
2116 685 2279 745 atque
2311 675 2365 728 in

785 779 1056 848 Spunino.
1113 772 1257 843 quod
1308 773 1482 842 ipsius
1526 771 1669 824 Aran
1713 779 1898 824 vertex
1946 777 2052 833 est,
2103 768 2369 837 sepultus.

786 870 917 939 Ejus
968 867 1163 921 deinde
1210 880 1413 931 corpus
1468 864 1640 931 ipsius
1695 862 1850 914 liberi
1893 861 2062 914 l’otus
2116 875 2181 914 ac
2236 858 2370 923 Leo,

788 959 1245 1027 manglabitarum
1295 957 1558 1024 dignitate
1614 953 1916 1023 fulgentes,
1974 952 2252 1006 sublatum
2315 951 2370 1003 itt

787 1055 934 1106 avito
987 1048 1322 1104 monasterio
1374 1047 1430 1100 S.
1478 1047 1741 1110 Elisahct,
1787 1045 1931 1113 quod
1991 1043 2045 1096 in
2083 1041 2372 1098 Charsiani

787 1148 1024 1198 themate
1047 1153 1129 1197 est
1163 1151 1216 1195 et
1241 1157 1270 1194 a
1307 1139 1488 1193 Leone
1516 1139 1736 1192 tribuno
1768 1137 1986 1190 illorum
2022 1150 2126 1189 avo
2153 1144 2374 1188 exstru-

787 1249 936 1291 ctum
986 1243 1125 1298 erat,
1161 1233 1472 1286 condidere.
1529 1230 1625 1285 llic
1664 1232 1771 1286 Leo
1809 1233 2144 1301 Argyrorum
2187 1230 2374 1298 (velut

788 1328 1185 1393 Argenleorum
1215 1323 1387 1390 dicas)
1424 1339 1623 1377 nomen
1655 1324 1706 1376 in
1744 1323 2008 1376 familiam
2043 1323 2254 1392 primus
2287 1323 2372 1375 in-

793 1419 935 1480 tulit,
973 1419 1085 1469 sive
1108 1416 1176 1469 ob
1207 1414 1455 1482 corporis
1489 1416 1780 1483 puritatem
1815 1429 1879 1467 ac
1906 1413 2240 1475 castitatem,
2263 1415 2376 1467 sive

793 1516 1011 1577 prepter
1033 1506 1212 1558 vultus
1233 1507 1485 1559 decorem
1510 1519 1573 1556 ac
1595 1514 1927 1573 conspectus
1958 1505 2373 1573 ingenuitatem,

791 1603 906 1652 sive
950 1608 1174 1666 pmpter
1215 1598 1380 1651 alium
1429 1597 1721 1665 quemdam
1756 1598 1877 1665 ejus
1913 1598 2131 1666 generis
2178 1597 2377 1650 indolis

793 1707 854 1744 ar
884 1690 1224 1743 fortitudinis
1257 1690 1498 1742 modum.
1527 1688 1804 1756 Ejusmodi
1837 1689 1983 1742 enim
2018 1689 2098 1741 vir
2133 1689 2221 1743 ille
2251 1688 2376 1755 fuit,

799 1793 855 1836 ut
889 1782 1149 1835 Michaele
1199 1780 1528 1848 imperatore
1560 1795 1721 1834 nemo
1755 1781 2082 1836 bellatorum
2116 1785 2237 1852 ejus
2264 1783 2372 1836 vir-

797 1883 964 1925 tutem
993 1872 1312 1940 mqnavcrit.
1342 1873 1411 1923 ita
1437 1886 1570 1924 sane
1602 1882 1656 1924 ut
1686 1874 1885 1942 sapius
1920 1888 2044 1927 cum
2065 1874 2377 1929 vernaculis

799 1967 916 2018 suis
957 1973 1210 2018 conserta
1254 1979 1378 2017 cum
1411 1964 1676 2032 Agarenis
1707 1963 2175 2034 Tepliricensibus
2213 1981 2376 2018 manu

797 2075 892 2111 eos
931 2056 1130 2109 fuderit
1165 2072 1226 2110 ac
1260 2056 1588 2125 proﬂigarit,
1625 2058 1911 2125 ipsamque
1955 2060 2076 2126 ejus
2136 2059 2379 2114 nominis

799 2148 1131 2201 mentionem
1159 2147 1231 2200 illi
1267 2155 1528 2216 paverent
1558 2162 1624 2202 ac
1651 2149 2093 2204 extimescerent.

867 2241 958 2293 28.
988 2241 1168 2309 (ἰαριίι
1184 2255 1248 2294 os
1271 2240 1642 2296 commutandi
1671 2255 1836 2296 causa
1861 2255 1890 2294 a
1915 2241 2088 2297 Tarso
2117 2251 2383 2297 venerunt

803 2350 926 2386 cum
960 2333 1259 2387 Abelbaces
1291 2333 1380 2386 ille
1417 2343 1530 2386 tum
1578 2334 1830 2388 Samonte
1859 2344 2033 2402 pater.
2070 2335 2182 2390 Hos
2212 2336 2383 2404 impcv

805 2435 949 2478 ratur
999 2425 1232 2491 excepit,
1283 2423 1687 2491 praemagnilice
1742 2433 2009 2478 exornata
2057 2423 2379 2495 Magnaura.

805 2517 909 2568 Sed
941 2523 994 2568 ct
1025 2513 1276 2584 Magnam
1312 2515 1600 2570 ecclesiam
1634 2515 1926 2586 magniﬁco
1967 2533 2195 2586 prorsus
2232 2519 2381 2573 cultu

803 2608 1115 2672 decoravit,
1145 2607 1307 2678 375
1358 2618 1665 2678 cunctaque
1700 2610 2009 2663 veneranda
2047 2625 2180 2664 vasa
2205 2609 2383 2664 Sara-

803 2699 955 2753 cenis
988 2700 1253 2764 ostendit,
1291 2699 1434 2752 haud
1459 2714 1592 2753 sane
1627 2699 1764 2754 satis
1803 2716 1833 2755 e
1861 2701 2175 2757 Christiana
2218 2703 2388 2758 disci-

803 2793 975 2858 plina,
1017 2801 1076 2844 ut
1109 2791 1275 2844 divini
1324 2791 1614 2846 ministerii
1663 2806 1794 2846 vasa
1837 2791 2064 2847 nefariis
2097 2794 2388 2865 impiisque

808 2882 1123 2936 hominibus
1154 2898 1218 2937 ac
1249 2882 1572 2953 alienigenis
1603 2883 1824 2940 visenda
1848 2894 2169 2955 exponeret.
2206 2885 2391 2942 Voluit

809 2976 1063 3029 Samona:
1097 2987 1248 3044 pater
1273 2992 1396 3030 cum
1431 2976 1542 3030 lilio
1569 2991 1792 3032 manere
1821 2997 1834 3031 :
1868 2979 1963 3032 sed
1998 2979 2089 3033 ille
2115 2994 2226 3033 non
2262 2995 2390 3048 pas-

808 3083 904 3122 sus
943 3078 1046 3131 est,
1091 3069 1372 3137 magisque
1403 3069 1724 3123 hortabatur
1749 3080 1806 3124 ut
1834 3069 2058 3124 domum
2101 3071 2303 3126 rediret
2327 3085 2392 3124 ac

2471 587 2564 639 τοῦ
2600 586 2918 639 ἀπέστειλεν
2951 589 3026 648 είς
3083 587 3143 638 τὸ
3190 587 3510 657 Χαρσιανόν.
3554 586 3691 638 Κλθ“
3745 583 3865 637 ὁδοῦ
3915 586 3960 615 “
3998 586 4057 636 δὲ

2473 677 2552 738 εἰς
2585 677 2646 729 τὸ
2679 679 2857 747 Ἀραν
2880 679 3171 746 φάρμακον
3191 677 3343 745 παρὰ
3367 679 3654 746 ἀνθρώπου
3683 675 3848 728 αὑτοῦ
3869 675 4058 728 λαϐὼν

2470 766 2752 836 τέθνηκεν,
2783 768 2875 819 καὶ
2907 767 3174 819 θάπτεται
3204 770 3282 829 εἰς
3320 767 3382 818 τὸ
3415 767 3617 819 Σπυνὶν
3649 766 3744 818 τοῦ
3781 770 3924 836 Ἀρα
3957 768 4058 833 τὴν

2475 861 2742 929 κορυφήν.
2790 860 2901 912 ειιγ
2927 860 3071 911 οὕτω
3104 860 3151 911 οἱ
3190 861 3294 911 υίοὶ
3349 859 3516 912 αὖτοῦ
3563 859 3734 921 Πόθος
3758 860 3855 912 καὶ
3880 859 4058 919 Λέων,

2473 953 2522 1002 οί
2555 953 2622 1021 τῇ
2662 950 2756 1002 τοῦ
2807 951 3182 1020 μαγγλαὸίτου
3223 951 3350 1018 ἀξία
3398 952 3772 1019 τετιμημένοι,
3823 951 4062 1020 ἄραντες

2475 1046 2639 1096 αὑτὸν
2661 1043 2956 1096 θάπτουσιν
2987 1043 3149 1096 αὐτὸν
3185 1044 3266 1106 εἰς
3297 1043 3356 1094 τὸ
3384 1044 3602 1109 γονικὸν
3648 1042 3828 1094 αὐτῶν
3881 1060 4061 1110 μονι-

2478 1137 2700 1204 στήριον
2724 1135 2784 1187 τὸ
2810 1134 2870 1186 ὃν
2897 1137 2976 1197 είς
3011 1136 3072 1186 τὸ
3113 1134 3255 1204 θέμα
3285 1134 3378 1186 τοῦ
3411 1133 3719 1203 Χαρσιανοῦ
3754 1137 3852 1203 τῆς
3894 1135 4061 1198 ἁγίας

2489 1227 2791 1290 Ἐλιζὰϐετ,
2827 1227 2889 1280 τὸ
2916 1227 3215 1296 ἀνιερωθὲν
3255 1226 3410 1292 παρὰ
3445 1227 3671 1286 Λέοντος
3703 1225 4062 1294 τουρμάρχου

2476 1319 2572 1372 τοῦ
2612 1322 2838 1373 πάππου
2892 1318 3070 1371 αὐτῶν
3093 1335 3108 1348 °
3143 1317 3224 1389 [P.
3255 1317 3385 1388 251]
3430 1317 3488 1379 ὃς
3531 1319 3622 1370 καὶ
3649 1317 3709 1368 τὸ
3735 1317 3908 1386 δνομα
3952 1318 4064 1367 τῶν

2491 1412 2776 1482 Ἀργυρῶν
2815 1410 3059 1480 εἴληφεν,
3097 1410 3208 1463 εἴτε
3255 1411 3345 1464 διὰ
3371 1413 3432 1462 τὸ
3473 1409 3712 1478 καθαρὸν
3748 1408 3842 1461 καὶ
3897 1409 4067 1475 ἁγνὲν

2477 1503 2572 1556 τοῦ
2611 1502 2883 1572 σώματος,
2915 1504 3026 1555 εἴτε
3073 1502 3159 1555 διὰ
3192 1503 3253 1555 τὸ
3305 1502 3499 1565 κάλλος
3529 1503 3622 1554 καὶ
3673 1503 3920 1568 γενναῖον
3966 1500 4067 1568 τῆς

2478 1595 2674 1662 ὄψεως,
2709 1594 2819 1646 εἴτε
2857 1595 2944 1648 διά
2972 1612 3093 1647 τινα
3123 1595 3324 1664 τρόπον
3350 1597 3452 1664 τῆς
3492 1595 3687 1662 γενεᾶς
3719 1595 3810 1645 καὶ
3839 1593 4070 1660 ἀνδρίας

2482 1685 2649 1740 αὑτοῦ
2679 1702 2692 1716 ³
2729 1688 2824 1738 καὶ
2854 1687 2964 1756 γὰρ
3005 1685 3246 1748 τοιοῦτος
3274 1681 3342 1756 ἦν
3373 1687 3402 1737 6
3421 1686 3562 1757 ἀνὴρ
3587 1682 3697 1748 οἷος
3728 1685 3919 1751 ἔτερος
3971 1684 4070 1736 ἐπὶ

2482 1779 2704 1850 Μιχαὴλ
2756 1779 3019 1848 βασιλέως
3055 1781 3153 1848 οὐχ
3182 1778 3380 1849 εὑρέθη
3422 1777 3782 1848 στρατιώτης,
3814 1777 3889 1838 ὡς
3938 1777 4067 1827 πο).-

2483 1871 2642 1935 λάκις
2670 1872 2783 1934 τοῖς
2825 1871 3148 1940 ’Λγαρηνοϊς
3172 1869 3274 1938 τῆς
3302 1869 3582 1937 Τεςρικῆς
3621 1867 3757 1934 μετὰ
3801 1867 3930 1928 τοὺς
3978 1869 4071 1916 ἀν-

2489 1963 2744 2032 θρώπους
2774 1962 2940 2016 αὑτοῦ
2970 1962 3303 2032 μιγνύμενον
3340 1962 3421 2025 είς
3446 1961 3656 2031 τροπὴν
3706 1962 3801 2012 καὶ
3835 1957 4072 2026 φροῦδον

2480 2056 2577 2110 καὶ
2609 2057 2886 2110 ἀπώλειαν
2914 2055 3200 2126 παρέχειν,
3241 2055 3337 2108 καὶ
3371 2055 3435 2108 τδ
3467 2055 3640 2122 ὄνομα
3683 2052 3852 2106 αὑτοῦ
3890 2069 4074 2119 φημιο

2482 2151 2708 2222 ζόμινον
2739 2150 3151 2219 καταπτήσσειν
3181 2149 3274 2202 καὶ
3303 2148 3552 2218 τρέμειν.

2554 2243 2664 2313 κη’.
2707 2243 2991 2310 Ἀλλαγίου
3016 2243 3072 2296 δὲ
3100 2243 3288 2295 ἕνεκεν
3317 2241 3426 2296 ἀπὸ
3452 2239 3671 2310 Ταρσοῦ
3703 2239 3929 2308 ἐξῆλθεν
3958 2239 3985 2291 ὃ
4015 2254 4075 2288 τε

2497 2336 2835 2405 Ἀϐελϐάκης
2877 2337 3084 2400 ἐκεῖνος
3139 2337 3236 2388 καὶ
3257 2337 3286 2388 6
3314 2335 3409 2389 τοῦ
3437 2334 3672 2404 Σαμωνᾶ
3722 2334 3910 2400 πατήρ
3937 2349 3950 2362 ·
3982 2333 4074 2382 καὶ

2485 2431 2708 2493 τούτους
2765 2429 2794 2480 ὁ
2851 2429 3106 2497 βασιλεὺς
3154 2429 3375 2494 ἐδέξατο
3408 2471 3420 2489 ,
3479 2428 3672 2497 κόσμῳ
3745 2424 3930 2494 πολλῷ
3976 2426 4074 2489 τὴν

2485 2521 2826 2591 Μαγναῦραν
2861 2520 3312 2589 κατακοσμήσας.
3356 2517 3765 2571 Ἐκαλλὼπισεν
3784 2517 3842 2568 δὲ
3861 2517 3957 2568 καὶ
3978 2515 4077 2581 τὴν

2486 2614 2750 2684 Μεγάλην
2768 2611 3099 2682 Ἐκκλησίαν
3129 2611 3428 2674 παντελῶς,
3445 2610 3541 2662 καὶ
3567 2607 3844 2672 ὑπέδειξεν
3859 2608 4079 2662 ᾶπαντα

2488 2705 2556 2758 τὰ
2584 2704 2741 2773 τίμια
2775 2703 2946 2774 σκεύη
2980 2707 3094 2766 τοῖς
3138 2703 3463 2773 Ἀγαρηνοίς
3502 2719 3514 2732 ·
3547 2702 3686 2772 ὅπερ
3729 2701 3953 2764 ἀνάξιον
4007 2697 4077 2768 ν

2496 2793 2894 2863 Χριστιανικῆς
2919 2791 3331 2856 καταστάσεως,
3364 2788 3644 2860 ἀθεμίτοις
3675 2787 3769 2840 καὶ
3790 2786 4080 2840 ἀλλοεθνέ-

2494 2901 2580 2936 σιν
2603 2885 2670 2936 τὰ
2700 2883 2797 2951 τῆς
2829 2881 2924 2936 τοῦ
2954 2881 3092 2934 Θεοῦ
3115 2881 3458 2951 λειτουργίας
3489 2879 3659 2949 σκεύη
3711 2876 4079 2930 καταθέσθαι.

2503 2974 2563 3027 '0
2592 2973 2650 3027 δὲ
2679 2972 2775 3026 τοῦ
2801 2974 3036 3042 Σαμωνᾶ
3074 2971 3257 3042 πατὴρ
3274 2971 3542 3042 ἠθέλησεν
3564 2971 3806 3022 συνεῖναι
3837 2968 3917 3038 τῷ
3943 2967 4047 3034 υἱῷ
4071 2985 4081 2996 ·

2494 3068 2524 3119 6
2552 3065 2610 3119 δὲ
2632 3066 2692 3118 οὐ
2712 3065 3041 3130 κατεδέξατο
3062 3063 3242 3128 τοῦτο,
3259 3063 3396 3117 ἀλλὰ
3416 3063 3621 3132 μᾶλλον
3645 3060 3879 3132 παρῄνει
3916 3078 3937 3111 ε
3952 3064 3997 3122 ἱς
4018 3060 4087 3111 τὰ

809 3176 962 3214 suam
994 3161 1153 3215 ﬁdem
1185 3169 1392 3215 teneret
1418 3178 1431 3214 :
1473 3175 1532 3215 se
1560 3176 1801 3231 quoque,
1830 3177 1956 3217 cum
1995 3163 2231 3233 primum
2264 3163 2392 3218 lice-

2500 3161 2671 3213 οίκεϊα
2703 3160 3068 3230 ὑποστρέφειν
3118 3159 3216 3212 καὶ
3265 3158 3362 3228 τῆς
3397 3149 3555 3220 ’ἰδίας
3604 3157 3930 3224 ἀντέχεσθαι
3991 3156 4084 3205 πί-

811 3261 914 3313 ret,
942 3251 1008 3305 ad
1044 3254 1221 3321 ipsum
1251 3267 1596 3306 reversurum
1620 3261 1986 3334 exspectaret.

882 3429 972 3486 29.
1008 3430 1176 3491 Sacro
1205 3431 1560 3488 Pentecostes
1607 3433 1695 3487 die
1728 3431 1838 3488 Leo
1875 3433 2175 3504 imperator
2222 3434 2394 3489 lilium

813 3521 1232 3578 ConSIantinum
1255 3523 1531 3595 Euthymii
1562 3527 1884 3595 patriarcha:
1906 3541 2071 3597 opera
2091 3529 2396 3598 Augustum

815 3625 1057 3670 coronat.
1106 3616 1374 3671 Samonas
1410 3633 1541 3671 vero
1575 3619 1994 3673 Constantinum
2034 3619 2395 3674 domesticum

815 3721 1003 3766 suum.
1031 3708 1124 3774 qui
1177 3707 1328 3776 prius
1373 3706 1576 3762 Basilio
1609 3709 1874 3777 magistro
1901 3726 1966 3764 ac
1995 3712 2226 3765 caniclei
2262 3727 2400 3780 pra:-

817 3798 956 3852 fecto
998 3801 1053 3854 in
1093 3801 1397 3854 ministerio
1429 3803 1639 3863 fuerat,
1673 3804 1936 3870 Augustae
1965 3804 2133 3857 tradit
2156 3805 2207 3858 in
2241 3805 2401 3859 obse-

815 3891 1029 3960 quium.
1098 3889 1191 3945 Sic
1236 3907 1367 3945 vero
1422 3893 1511 3946 ille
1569 3909 1695 3946 cum
1750 3893 1988 3949 Leonem
2047 3905 2159 3949 tum
2224 3897 2398 3966 ipsam

817 3983 1117 4048 Angustam
1159 3981 1447 4044 demeruit,
1475 3993 1534 4035 ut
1564 3992 1619 4036 et
1653 3983 1926 4038 Samonas
1952 3985 2122 4040 livore
2145 3986 2403 4042 incensus

819 4071 1136 4126 secretioris
1169 4089 1295 4127 cum
1335 4073 1577 4144 Augusta
1606 4075 1683 4128 rei
1715 4091 1837 4130 eum
1876 4075 2155 4131 detulerit.
2202 4078 2403 4148 Sicque

820 4181 877 4218 re
917 4166 1035 4234 ipsa
1084 4169 1398 4235 suspicatus
1447 4165 1558 4222 Leo
1605 4169 1660 4221 in
1704 4169 1762 4224 S.
1807 4170 2020 4224 Tarasii
2071 4173 2405 4226 monasterio

723 4304 725 4307 .
821 4260 1044 4314 mittens
1073 4259 1312 4314 totondit
1341 4276 1356 4324 ;
1412 4260 1577 4331 idque
1608 4262 1746 4317 adeo
1779 4262 2074 4332 ipsummet
2105 4261 2402 4319 Samonam

822 4361 1080 4421 praestare
1103 4353 1288 4421 jussit.
1321 4352 1477 4408 Brevi
1514 4366 1695 4408 antem
1737 4349 1882 4425 post,
1909 4370 2034 4410 cum
2078 4371 2205 4410 eum
2247 4357 2406 4410 vellet

823 4442 1088 4511 recipere,
1125 4440 1376 4496 Samonas
1416 4441 1572 4512 jubet
1605 4452 1665 4496 ut
1702 4443 1756 4496 in
1801 4443 2086 4512 Spirarum
2129 4453 2408 4498 monaste-

2502 3270 2692 3316 στεως.
2727 3271 2745 3304 ι
2775 3253 2948 3320 Κάγὼ
2975 3252 3052 3316 δὲ,
3082 3252 3268 3322 φησὶν,
3299 3253 3458 3321 εἰπερ
3476 3248 3711 3320 δυνηθῶ,
3737 3248 3924 3318 τάχιον
3948 3249 4087 3318 πρὸς

2502 3346 2561 3399 σὲ
2589 3344 3041 3414 ὲπανελεύσομαι.
3077 3363 3095 3394 ι

2574 3435 2676 3490 κθ’.
2717 3435 2798 3506 Τῇ
2825 3436 2880 3489 δὲ
2906 3439 3005 3503 τῆς
3045 3435 3426 3505 Πεντηκοστῆς
3459 3437 3642 3506 ἡμέρα
3673 3439 3859 3506 στέφει
3881 3441 3910 3489 6
3938 3437 4091 3488 Λέων

2503 3531 2531 3580 6
2560 3528 2813 3598 βασιλεὺς
2841 3528 2930 3580 τὸν
2963 3529 3079 3580 υίὸν
3117 3528 3284 3581 αὐτοῦ
3343 3531 3754 3582 Κωνσταντῑνον
3798 3530 3885 3582 διὰ
3921 3532 4094 3582 Eii-“u-

2509 3621 2631 3690 μίου
2693 3621 3052 3691 πατριάρχου.
3120 3622 3178 3673 ’0
3236 3622 3289 3674 δὲ
3338 3623 3619 3691 ,Σαμωνᾶς
3675 3625 4094 3676 Κωνσταντῖπυ

2507 3713 2789 3780 ἄνθρωπον
2831 3712 3018 3775 αὐτοῦ,
3046 3713 3135 3765 τὸν
3186 3717 3450 3784 πρότερον
3501 3715 3765 3784 Βασιλείῳ
3802 3718 4096 3786 μαγίστρῳ

2510 3803 2605 3856 καὶ
2650 3805 2940 3873 κανικλείῳ
2984 3806 3371 3870 δουλεύσαντα,
3405 3810 3471 3877 τῇ
3509 3808 3794 3878 Αὑγούστῃ
3831 3811 4096 3862 ἐπιδεδω-

2510 3914 2604 3949 κεν
2635 3899 2770 3966 πρὸς
2795 3899 2855 3951 τὸ
2877 3899 3049 3970 ταύτῃ
3085 3901 3478 3970 ὑπηρετεῖσθαι
3507 3917 3519 3931 ⁸
3553 3902 3612 3963 ὃς
3643 3901 3898 3956 τοσοῦτον
3948 3908 4094 3971 ἠτα-

2511 3990 2659 4059 πήθη
2689 3992 2840 4059 παρά
2871 4008 2930 4042 τε
2967 3991 3061 4044 τοῦ
3089 3992 3318 4056 Λέοντος
3334 3994 3428 4046 καὶ
3451 3994 3550 4062 τῆς
3575 3993 3893 4065 βασιλίσσης
3920 3999 4098 4066 αὐτῆς

2511 4077 2653 4130 ὥστε
2694 4080 2787 4130 καὶ
2823 4079 2915 4130 τὸν
2947 4081 3215 4148 Σαμωνᾶν
3239 4080 3646 4150 διαφθονεῖσθαι
3679 4084 3843 4137 αὑτὸν
3873 4087 3969 4138 καὶ
3989 4087 4102 4138 λοι-

2511 4170 2788 4239 δορεῖσθαι
2815 4170 3004 4224 τοῦτον
3034 4173 3110 4235 ὡς
3152 4176 3220 4243 τῇ
3258 4173 3545 4244 Αὐγούστῃ
3587 4175 3815 4230 συνόντα
3845 4193 3861 4208 ο
3897 4179 4042 4248 ὅπερ
4075 4182 4101 4230 6

2516 4262 2770 4330 βασιλεὺς
2815 4262 3014 4332 ἀληθὲς
3058 4261 3198 4318 εἶναι
3226 4265 3556 4338 ὑπονοήσας.
3603 4269 3938 4333 ἀποστείλας
3987 4275 4102 4324 ἁπ-

2515 4352 2727 4421 έκειρεν
2756 4352 2919 4406 αὐτὸν
2939 4355 2996 4406 έν
3012 4357 3078 4424 τῇ
3107 4354 3202 4408 τοῦ
3242 4356 3422 4426 Ἀγίου
3455 4360 3734 4429 Ταρασίου
3759 4366 3921 4432 μονῇ,
3947 4365 4104 4431 αὐτῷ

2514 4441 2594 4511 τῷ
2619 4441 2854 4512 Σαμωνᾷ
2873 4445 3173 4512 ἐπιτρέψας
3194 4447 3354 4500 τοῦτο
3384 4450 3632 4519 ποιῆσαι.
3655 4452 3792 4505 Μετ’
3823 4452 4011 4520 ὀλίγον
4049 4455 4105 4506 δὲ

823 4535 968 4590 rium
1003 4551 1129 4590 eum
1182 4537 1440 4592 adducat.
1487 4535 1762 4606 Egressus
1798 4537 1980 4608 itaque
2014 4537 2310 4607 imperator
2344 4551 2392 4591 at

2519 4533 2840 4604 βουλόμενος
2882 4537 3071 4590 τοῦτον
3121 4539 3508 4605 ὰναλαδέσθαι,
3554 4542 3842 4596 ἐκέλευσεν
3883 4546 3966 4614 τῷ
3999 4546 4104 4598 21.1-

825 4629 1202 4700 Damatryum,
1245 4639 1298 4684 et
1346 4629 1401 4684 in
1457 4630 1712 4685 Samonas
1758 4644 1996 4699 pransus
2049 4629 2411 4695 monasterio,

826 4724 1021 4777 videns
1035 4723 1459 4776 Constantinum
1488 4723 1635 4777 illico
1660 4722 1952 4777 saculares
1980 4732 2162 4776 vestes
2189 4723 2414 4776 manda-

826 4815 906 4867 vit
942 4813 1170 4869 induere
1195 4830 1261 4869 ac
1286 4815 1634 4885 imperatoris
1663 4816 1804 4870 inter
1833 4814 2214 4884 prandendum
2245 4806 2414 4884 pocu-

829 4908 944 4960 lum
967 4906 1019 4959 in
1045 4907 1501 4977 manusaccipere
1528 4908 1898 4977 secumquein
1927 4907 2191 4978 palatium
2213 4907 2412 4961 redire.

831 4997 998 5068 376
1061 4997 1330 5051 Samonas
1390 4999 1736 5069 imperatoris
1792 5014 1920 5070 erga
1990 4998 2411 5068 Constantinum

833 5105 1164 5160 propensum
1188 5105 1430 5146 amorem
1463 5094 1652 5147 videns
1690 5108 2002 5162 augescere,
2029 5110 2088 5148 re
2112 5109 2235 5148 cum
2259 5095 2419 5148 cubi-

835 5182 1169 5237 culariorum
1203 5184 1444 5238 maximo
1466 5194 1520 5239 et
1545 5183 1808 5240 Ilicliaele
1838 5184 2167 5240 Tzirethone
2191 5201 2419 5256 compo-

839 5277 966 5340 sita,
1016 5276 1260 5330 libellum
1321 5279 1624 5332 innumeris
1679 5280 1730 5331 in
1775 5277 2012 5333 Leonem
2046 5280 2312 5334 conviciis
2357 5296 2421 5336 ac

841 5370 1166 5425 criminibus
1205 5370 1511 5426 confertum
1553 5386 1650 5441 per
1674 5371 2094 5427 Constantinum
2146 5370 2419 5426 Rhodium

845 5462 992 5515 illius
1022 5463 1258 5517 scribam
1286 5466 1768 5535 contexuntinque
1784 5465 2071 5519 Metatorio
2102 5466 2416 5535 projiciunt.

845 5553 1124 5621 ingressus
1158 5565 1339 5609 autem
1383 5556 1674 5626 imperator
1719 5558 1772 5610 in
1807 5555 2066 5627 Majorcm
2112 5559 2419 5620 ecclesiam,

844 5661 968 5698 enin
1002 5647 1054 5698 in
1090 5648 1430 5703 Metatnrinm
1470 5662 1527 5704 se
1569 5653 1886 5722 recepisset,
1937 5670 2048 5722 quo
2076 5653 2195 5707 Iern
2234 5669 2422 5722 preces

2521 4628 2677 4698 μωνᾷ
2714 4629 2772 4679 ὲν
2805 4632 2872 4697 τῇ
2923 4630 3032 4681 τῶν
3067 4630 3315 4700 Σπειρῶν
3362 4635 3496 4702 μονῇ
3544 4631 3734 4687 τοῦτον
3765 4636 4101 4703 ἀπαγαγεῖν.

2531 4721 2622 4773 Ἔν
2643 4719 2720 4790 τῷ
2753 4722 3017 4791 Δαματρὺ
3045 4718 3138 4775 οὖν
3170 4727 3196 4775 6
3220 4723 3473 4794 βασιλεὺς
3527 4726 3782 4792 ἐξελθὼν,
3817 4731 3907 4782 καὶ
3941 4733 4000 4782 ὲν
4039 4735 4104 4800 τῇ

2518 4812 2614 4865 τοῦ
2642 4814 2882 4883 Σαμωνᾶ
2929 4816 3325 4885 ἀριπήσαντος
3358 4819 3514 4888 μονῇ,
3565 4814 3704 4871 εἶδεν
3758 4822 4108 4877 Κωνσταντί-

2520 4921 2634 4970 νον,
2673 4909 2768 4960 καὶ
2794 4909 3040 4979 παρευθὺ
3073 4908 3476 4976 διεκελεύσατο,
3514 4916 3606 4965 καὶ
3635 4914 3894 4970 ἐνέδυσαν
3939 4919 4110 4969 αὑτὸν

2523 4999 2718 5069 ίμάτια
2765 5002 3025 5070 κοσμικὰ,
3073 5003 3168 5056 καὶ
3214 5004 3496 5058 ἐπέδωκαν
3539 5010 3620 5070 εἰς
3659 5012 3850 5080 χεῖρας
3892 5012 3958 5064 τὸ
4009 5014 4109 5064 τοῦ

2524 5091 2788 5162 βασιλέως
2825 5095 3084 5164 ποτήριον
3129 5095 3188 5146 ὲν
3233 5096 3310 5167 τῷ
3341 5100 3570 5170 ἀρίστῳ,
3615 5101 3710 5155 καὶ
3761 5103 4112 5173 ὑπέστρεψεν

2528 5183 2666 5253 μετὰ
2686 5183 2780 5237 τοῦ
2813 5183 3080 5255 βασιλέως
3107 5187 3165 5239 ὲν
3197 5189 3276 5256 τῷ
3308 5190 3574 5262 παλατίῳ,
3622 5193 3797 5264 ’(ιρῶν
3823 5195 3877 5248 δὲ
3910 5198 4112 5266 Σαμωο

2525 5280 2622 5341 νᾶς
2655 5279 2752 5348 τὴν
2799 5279 2893 5333 τοῦ
2929 5279 3197 5351 βασιλέως
3233 5285 3450 5354 ἀγάπην
3505 5288 3642 5356 πρὸς
3694 5289 4111 5343 Κωνσταντῖνον

2527 5370 2904 5442 αὐξανομένην
2928 5409 2964 5435 ,ι
3001 5374 3290 5428 πιττάκιον
3338 5379 3619 5447 συντίθησι
3657 5381 3798 5448 μετὰ
3847 5385 4110 5450 μεγίστου

2529 5465 2846 5516 κοιτωνίτου
2895 5467 2990 5518 καὶ
3038 5467 3257 5538 Μιχαὴλ
3302 5469 3644 5540 Τζιρήθωνος
3672 5471 3942 5542 λοιδορίας
3971 5493 4114 5528 κατα

2532 5559 2796 5627 βασιλέως
2827 5558 2948 5628 ἔχον
2993 5558 3077 5630 [Ρ.
3129 5559 3260 5632 ⁸ὲὸἳῖ
3308 5563 3588 5631 ἀπείρους,
3617 5564 3706 5617 διὰ
3762 5565 3858 5618 τοῦ
3906 5566 4110 5618 Ῥοδίου

2533 5652 2947 5704 Κωνστα-ιτὲνου
3001 5652 3091 5706 τοῦ
3139 5655 3698 5726 αὐτοῦὺπογραφέως
3727 5657 3887 5712 τοῦτο
3918 5663 4110 5714 συντά-

2139 5767 2364 5820 VAIlIzF.
2411 5765 2814 5820 1,1ῖ(ῖτι‹ικιι;ε.

958 5834 1002 5864 ⁸³
1170 5845 1189 5887 Υ
