4154 6450
112 399 191 462 393

938 384 1085 444 LIB.
1112 383 1214 445 VI.
1239 405 1306 419 -κ
1344 380 1808 441 ALEXANDER
1851 382 2133 443 BASILII
2172 385 2444 445 FILIUS.

3255 386 3359 447 εςιι

111 516 275 580 ξιντες
306 528 321 543 ο
354 510 493 578 ὅπερ
532 506 590 560 ἐν
617 503 697 575 τῷ
731 502 1047 574 μητατορίῳ
1075 499 1326 572 ἔρριψαν.
1354 495 1460 550 Τοῦ
1489 496 1547 549 δὲ
1576 494 1669 565 βα-

1790 499 1969 557 )Πει-τε
2018 499 2095 555 illi
2134 502 2305 557 moris
2354 509 2493 565 erat,
2546 499 2786 557 libellum
2831 499 3058 556 odendit
3101 498 3359 572 legitque.

113 604 279 665 σιλέως
339 596 747 667 εἰσεληλυθότος
795 595 853 647 ἐν
906 596 974 663 τῇ
1003 590 1234 663 Μεγάλῃ
1272 587 1538 657 ἐκκλησία
1579 585 1675 639 καὶ

1790 593 1962 660 Quare
1990 592 2045 647 in
2082 608 2333 664 magnam
2360 593 2528 648 animi
2563 593 2893 649 anxietatem
2928 592 3215 662 conjectus
3241 593 3362 663 ejus

112 693 155 743 ὲν
182 686 330 755 αὐτῷ
376 685 455 755 τῷ
505 684 818 755 μητατορίῳ
846 681 1167 751 γενομένου,
1191 679 1287 731 καὶ
1314 679 1371 730 ἐν
1394 670 1438 745 ᾧ
1468 674 1670 746 ηὔχετο

112 782 234 849 τόκῳ
249 778 409 832 τοῦτο
434 776 687 848 εὑρηκὼς
725 776 821 829 καὶ
849 774 1119 841 ἀναγνοὺς
1147 770 1315 841 πολλῇ
1340 768 1517 839 θλίψει
1537 783 1669 821 κατ-

108 870 410 941 εσκεδάσθη.
436 871 535 923 καὶ
564 870 745 938 ἐζήτει
773 868 863 922 τὸν
893 868 1054 920 τοῦτο
1077 864 1435 934 πεποιηκότα.

164 959 225 1015 λ’.
256 961 457 1027 Γέγονε
484 960 541 1011 δὲ
588 958 826 1027 ἔκλειψις
849 956 1173 1025 σεληνιακή.
1220 955 1278 1008 '0
1326 953 1383 1007 δέ
1418 952 1674 1023 βασιλεὺς

108 1050 179 1103 τὸν
205 1048 617 1119 μητροπολίτην
651 1045 933 1099 Συννάδων
978 1043 1357 1097 Πανταλέοντα
1394 1056 1675 1112 προσεκα-

108 1143 304 1203 λέσατο,
348 1139 542 1211 μαθεῖν
592 1140 719 1210 παρ’
747 1137 914 1191 αὐτοῦ
963 1137 1023 1191 τὸ
1048 1136 1149 1205 τῆς
1203 1134 1495 1204 ἐκλείψεως
1545 1133 1679 1186 ἀπο-

106 1235 324 1304 τέλεσμα
359 1249 374 1262 ·
422 1232 483 1286 ὃν
543 1231 984 1304 προσερχόμενον
1048 1228 1187 1301 πρὸς
1238 1229 1331 1282 τὸν
1376 1224 1601 1297 βασιλέα
1650 1226 1678 1278 ό

105 1328 356 1397 Eant-ivi;
411 1323 697 1395 ἠρώτησεν
726 1341 740 1354 ·
780 1326 885 1388 Εἰς
936 1323 1071 1376 τίνα
1116 1323 1154 1391 ἡ
1181 1321 1487 1386 κάκωσις;
1522 1320 1579 1371 ὐ
1620 1321 1677 1372 δὲ

108 1418 192 1487 ἔφη
220 1436 232 1447 ·
263 1421 368 1482 Εἰς
395 1416 469 1469 σέ
499 1433 513 1447 ’
554 1417 653 1469 καὶ
696 1415 807 1469 ἐὰν
828 1416 944 1483 τὴν
979 1415 1237 1470 Ἰουνίου
1263 1411 1679 1482 τρισκαιδεκὰ-

110 1526 205 1574 την
241 1509 515 1574 διέλθῃς,
543 1506 727 1560 οὐδὲν
757 1506 965 1561 ἔκτοτε
991 1508 1176 1574 πείσῃ
1208 1505 1421 1560 κακόν.
1452 1506 1594 1577 Πρὸς
1622 1505 1678 1557 δὲ

109 1602 184 1655 τὸν
228 1600 461 1671 βασιλέα
495 1596 651 1653 εἶπεν
700 1599 774 1663 ὡς
814 1602 895 1663 είς
951 1599 1012 1652 τὸ
1051 1598 1304 1670 δεύτερον
1328 1601 1619 1669 πρόσωπον
1645 1599 1679 1666 ἡ

106 1692 335 1761 ἔκλειψις
387 1692 725 1762 ἀποσκήψει.
803 1691 862 1745 '0
917 1690 976 1744 δὲ
1022 1691 1274 1760 βασιλεὺς
1320 1690 1680 1745 ὑπώπτευσεν

103 1784 248 1838 τοῦτο
265 1788 349 1847 εἰς
394 1782 743 1855 Ἀλέξανδρον
762 1783 855 1836 τὸν
885 1784 1080 1838 ἑαυτοῦ
1104 1782 1336 1853 ἀδελφὸν
1394 1783 1674 1853 ἀποϐήσε-

1783 686 1999 755 injuriae
2023 695 2305 742 auctorem
2335 686 2705 757 perquirebat.

1851 955 1941 1010 50.
1971 954 2214 1022 Contigit
2237 963 2417 1009 autem
2441 953 2625 1007 lunam
2655 954 2895 1022 deliquio
2920 953 3190 1009 laborare.
3223 952 3363 1009 Tum

1781 1048 2079 1117 imperator
2112 1044 2497 1101 Pantaleonem
2556 1047 2960 1115 metropolitam
3005 1045 3366 1102 Sinadensem

1782 1141 2096 1202 accersivit,
2141 1150 2199 1193 ut
2222 1139 2437 1194 lunaris
2465 1139 2585 1210 eius
2608 1137 2854 1193 delectus
2888 1137 3140 1194 eﬂ‘ectum
3171 1137 3368 1194 edoce-

1782 1245 1953 1290 retur.
2001 1233 2248 1302 Dumque
2275 1233 2342 1285 ad
2376 1232 2758 1302 imperatorem
2795 1231 3025 1293 accedit,
3056 1233 3369 1287 sciscitatur

1781 1343 1846 1379 cx
1877 1328 1969 1379 illo
1993 1325 2283 1386 Samonas,
2309 1326 2524 1378 cuinam
2539 1324 2761 1393 defectio
2787 1324 2884 1378 illa
2910 1324 3154 1393 maleﬁca
3179 1324 3367 1392 futura

1783 1421 1853 1473 sit
1886 1420 2019 1473 ?cui
2054 1419 2142 1472 ille
2180 1437 2193 1471 :
2252 1416 2391 1471 Tibi.
2445 1414 2505 1470 Si
2564 1425 2737 1469 tamen
2790 1415 2945 1470 Junii
2989 1417 3183 1470 mensis
3229 1416 3368 1470 diem

1785 1512 2000 1565 tertium
2034 1511 2290 1565 decimum
2328 1509 2634 1572 excesseris,
2670 1508 2804 1563 nihil
2835 1510 3077 1574 deinceps
3117 1508 3245 1563 ntali
3272 1524 3371 1577 pa-

1784 1604 1950 1656 tieris.
1987 1602 2068 1657 Ad
2098 1604 2481 1672 imperatorem
2524 1615 2654 1656 vero
2684 1600 2822 1655 dixit
2848 1600 2913 1654 ad
2961 1615 3087 1654 eum
3124 1610 3371 1669 spectare

1782 1693 2002 1762 eclipsis
2039 1693 2173 1755 vim,
2223 1693 2317 1762 qui
2369 1692 2641 1748 secundas
2670 1693 2741 1747 ab
2772 1692 2867 1747 illo
2901 1699 3112 1748 teneret
3143 1708 3159 1759 ;
3207 1701 3372 1761 atque

1783 1785 1890 1840 hoc
1938 1785 2047 1839 Leo
2074 1784 2139 1840 de
2171 1783 2342 1838 fratre
2381 1798 2485 1839 suo
2523 1783 2837 1838 Alexandro
2886 1786 3117 1854 accepit.
3167 1783 3370 1838 Verum

105 1874 234 1929 σθαι.
284 1875 345 1928 ὀ
375 1875 433 1928 δὲ
480 1874 766 1946 Τζιρήθων
815 1874 917 1947 ἰδίᾳ
970 1875 1049 1945 τῷ
1089 1874 1300 1945 βασιλεῖ
1329 1875 1467 1945 μετὰ
1504 1876 1677 1928 ταῦτα

1790 1877 2043 1933 Tziretho
2084 1886 2270 1947 postea
2309 1877 2623 1947 imperatori
2668 1891 2917 1932 seorsum
2964 1876 3253 1931 confessus
3286 1884 3374 1931 est

104 1968 552 2036 καθωμολόγησεν
586 1968 661 2031 ὡς
692 1968 721 2020 ό
754 1969 1022 2039 Σαμωνᾶς
1054 1968 1139 2037 εἴη
1165 1968 1229 2021 τὸ
1258 1968 1545 2021 πιττάκιον
1575 1985 1673 2021 πε-

103 2056 356 2126 ποιηκὼς.
410 2055 674 2129 Παρευθὺ
715 2055 810 2109 οὖν
870 2056 1229 2124 καταϐιϐάζει
1266 2059 1539 2128 Σαμωνᾶν
1597 2061 1676 2114 si:

104 2152 182 2202 τὸν
206 2146 358 2203 οἷκον
394 2149 562 2203 αὐτοῦ
617 2150 711 2203 καὶ
752 2149 1040 2222 ἀποκείρει
1078 2152 1310 2222 μοναχὸν
1343 2152 1439 2206 καὶ
1473 2151 1677 2217 ἀπάγει

103 2244 252 2295 αὑτὸν
276 2244 359 2307 είς
387 2243 491 2314 τὴν
517 2241 615 2296 τοῦ
652 2243 1035 2316 Μαρτινακίου
1061 2245 1254 2315 μονήν.
1299 2242 1588 2314 Ἐποίησεν
1622 2243 1678 2296 δὲ

104 2336 507 2389 Κωνσταντῐνον
559 2336 1079 2408 παρακοιμώμενον,
1118 2338 1214 2390 καὶ
1259 2336 1475 2390 ἔκτισεν
1531 2335 1680 2403 αὐτῷ

105 2428 265 2497 μονὴν
287 2430 347 2480 ἐν
373 2428 622 2494 Νοσιαῖς,
648 2430 744 2481 καὶ
784 2428 1233 2500 παραγενόμενος
1276 2430 1392 2500 ἆμα
1424 2430 1681 2500 Εὑθυμίῳ

99 2521 417 2592 πατριὰρκῃ
443 2521 779 2574 ἐνεκαίνισεν
805 2520 1001 2591 αὐτήν.

162 2608 264 2665 λεί.
307 2611 625 2684 Ὀκτωόρίῳ
661 2612 719 2666 δὲ
766 2612 901 2684 μηνὶ
934 2612 1215 2684 ναυμαχία
1234 2613 1458 2681 γέγονεν
1509 2611 1681 2682 Ἦμε-

102 2704 210 2775 pla.)
235 2705 527 2771 λογοθέτου
542 2705 682 2775 μετὰ
709 2704 983 2775 Δαμιανοῠ
1004 2705 1099 2759 καὶ
1126 2705 1355 2767 Λέοντος
1375 2702 1485 2757 τῶν
1523 2704 1686 2770 Ἀγα-

103 2794 300 2865 ρηνῶν,
327 2795 766 2867 στρατηγοῦντος
798 2798 857 2848 ἐν
894 2796 1063 2867 Σᾶμῳ
1100 2794 1387 2865 Ῥωμανοῦ
1422 2794 1516 2847 τοῦ
1550 2793 1688 2865 μετὰ

99 2886 272 2941 ταῦτα
314 2886 757 2957 βασιλεύσαντος.
805 2887 1043 2959 Ἠττήθη
1081 2886 1347 2959 Ἠμέριος
1382 2887 1481 2941 καὶ
1535 2886 1689 2956 μόλις

100 2977 358 3049 διεσώθη,
386 2980 571 3050 σχεδὸν
632 2981 891 3036 ἁπάντων
923 2980 1033 3033 τῶν
1075 2977 1193 3034 μετ’
1227 2977 1395 3034 αὑτοῦ
1435 2979 1689 3032 κεκινδυ-

102 3074 394 3127 νευκότων.

1782 1966 2078 2023 Samonam
2120 1969 2283 2024 libelli
2332 1977 2613 2023 auctorem
2663 1982 2805 2023 esse.
2852 1968 3049 2023 Statim
3089 1982 3222 2038 ergo
3257 1966 3371 2022 Leo

1781 2061 2096 2133 Samonam‘
2120 2062 2344 2116 domum
2383 2076 2537 2115 suam
2575 2060 2728 2115 abire
2768 2060 2934 2130 jussit
2968 2061 3134 2130 inque
3176 2074 3371 2120 mona,

1780 2157 1942 2210 chum
1985 2156 2244 2221 tonderi;
2298 2155 2614 2225 relegatque
2660 2153 2713 2208 in
2749 2152 3056 2208 Martinacii
3094 2159 3370 2208 monaste-

1781 2249 1948 2303 rium.
1981 2247 2403 2302 Constantinum
2436 2260 2567 2301 vero
2602 2245 2975 2301 accubitorem
3014 2246 3165 2311 fecit,
3204 2244 3374 2300 aedili-

1782 2341 2036 2408 cavitque
2058 2338 2106 2393 ei
2132 2337 2523 2392 monasterium
2550 2337 2607 2391 in
2640 2334 2845 2402 Nosiis,
2882 2351 2947 2391 ac
2981 2335 3203 2392 veniens
3224 2335 3373 2390 illius

1783 2433 2025 2488 encaenia
2050 2446 2173 2486 cum
2201 2429 2496 2502 Euthymio
2514 2429 2827 2499 patriarcha
2859 2429 3089 2501 pert-git.

1854 2617 1946 2668 5|.
1984 2612 2169 2670 Mense
2198 2612 2420 2669 Octobri
2460 2612 2760 2669 commissa
2795 2610 3006 2666 navalis
3045 2625 3225 2680 pugna
3266 2610 3375 2666 lle-

1786 2709 1958 2763 merio
1984 2707 2272 2777 logotheta:
2301 2706 2465 2777 377
2494 2722 2619 2762 cum
2653 2705 2918 2760 Damiano
2949 2714 3004 2760 et
3027 2702 3207 2759 Leone
3232 2701 3373 2773 Aga-

1789 2802 1956 2864 renis,
2006 2801 2157 2855 Sami
2210 2810 2443 2870 praetore
2489 2799 2759 2877 Romano,
2800 2798 2894 2869 qui
2952 2808 3139 2868 postea
3188 2812 3373 2851 rerum

1789 2893 1993 2964 potitus
2059 2901 2163 2948 est.
2224 2891 2416 2947 Victus
2470 2906 2535 2945 ea
2591 2890 2985 2960 congressione
3048 2888 3372 2952 Hemerius,

1791 2996 2047 3053 aegreque
2081 2982 2197 3052 ipse
2230 2981 2423 3043 evasit,
2462 2980 2674 3037 cunctis
2708 2979 3105 3050 propemodum
3143 2993 3268 3035 cum
3309 2991 3377 3033 eo

1795 3074 2162 3130 militantibus
2195 3073 2250 3128 in
2284 3072 2409 3127 vitae
2436 3072 2740 3142 periculum
2768 3072 3044 3127 adductis.

170 3164 278 3235 λβ’.
310 3165 593 3237 Κοιλιακῷ
627 3166 686 3220 δὲ
718 3168 989 3236 νοσήματι
1041 3163 1485 3238 περιπεπτωκὼς
1535 3164 1684 3219 Λέων

1864 3166 1954 3222 32.
2008 3165 2182 3221 Porro
2221 3164 2531 3233 [imperator
2576 3165 2806 3219 coeliaco
2852 3164 3048 3220 morbo
3092 3171 3377 3232 correptus

97 3258 125 3309 ὁ
152 3256 417 3326 βασιλεὺς
448 3260 529 3322 είς
584 3258 888 3329 ἀδυναμίαν
919 3253 1082 3328 ἦλθεν
1113 3259 1371 3330 ἐσχάτην,
1406 3256 1550 3310 ὥστε
1593 3256 1693 3327 μό-

96 3348 177 3412 λις
205 3349 511 3421 δυνηθῆναι
538 3351 701 3405 αὐτὸν
731 3350 874 3404 κατὰ
898 3350 990 3404 τὸν
1021 3350 1304 3421 βασιλικὸν
1337 3350 1509 3402 τύπον
1537 3352 1595 3402 ἐν
1618 3348 1694 3419 τῷ

96 3441 193 3511 τῆς
223 3442 564 3514 ἐγκρατείας
586 3443 1079 3514 δημηγορήσαντα·
1121 3441 1320 3511 Ὁρᾶτε
1349 3444 1693 3509 κατεσκλη-

94 3534 338 3604 κόταμε
377 3534 479 3589 καὶ
501 3536 670 3602 νόσῳ
689 3539 1067 3605 ψυχόμενον
1103 3550 1118 3565 °
1154 3534 1358 3591 οὐκέτι
1383 3534 1541 3603 τάχα
1560 3535 1694 3604 μεθ’

93 3629 270 3699 ὑμῶν
301 3631 738 3702 καταλήψομαι
762 3631 878 3700 τὴν
907 3630 1019 3686 τοῦ
1048 3629 1308 3698 Χριστοῦ
1328 3628 1692 3683 ἀνάστασιν.

91 3721 300 3790 Γέγονε
326 3723 389 3778 δέ
418 3723 515 3776 καὶ
538 3722 869 3795 ἐμπρησμὸς
916 3723 997 3786 είς
1042 3722 1112 3775 τὰ
1148 3722 1250 3791 τῆς
1283 3721 1541 3790 Μεγάλης
1600 3722 1693 3773 ἐκ·

93 3813 339 3884 κλησίας
384 3814 750 3885 κηρουλάρια,
783 3814 1030 3868 καέντων
1063 3813 1174 3867 τῶν
1229 3812 1564 3866 τοποθεσιῶν
1599 3813 1695 3865 καὶ

90 3905 481 3975 χαρτοθεσιῶν
525 3906 624 3976 τῆς
674 3906 1080 3976 πατριαρχικῆς
1126 3904 1416 3973 σακέλλης.
1455 3903 1617 3974 Μαΐῳ
1640 3902 1696 3955 δὲ

93 3992 186 4060 ια’,
245 3995 442 4066 ἡμέρᾳ.
462 3991 533 4060 γ’,
570 3994 908 4058 ίνδικτιῶνος
952 4001 1036 4063 ιε’,
1074 3995 1309 4065 τελευτᾷ
1352 3992 1508 4047 Λέων
1534 3994 1561 4046 ὁ
1597 3993 1696 4063 βα-

88 4086 313 4150 σιλεὺς,
370 4086 712 4159 Ἀλεξάνδρῳ
739 4087 816 4160 τῷ
838 4088 1004 4142 αὐτοῦ
1034 4086 1245 4157 ἀδελφῷ
1279 4087 1378 4159 τὴν
1416 4085 1695 4158 βασιλείαν

90 4177 389 4250 παραδούς
417 4196 432 4211 ο
456 4178 516 4233 ὃν
551 4178 697 4248 ἰδὼν,
732 4179 809 4244 ὦς
832 4198 987 4250 φασι,
1013 4181 1148 4252 πρὸς
1187 4180 1349 4234 αὑτὸν
1399 4179 1695 4251 ἐρχόμενον

87 4270 199 4343 ἔφη
229 4287 249 4302 ο
293 4269 464 4328 qua
497 4271 684 4339 κακός
712 4274 921 4342 καιρὸς
942 4274 1094 4343 μετὰ
1129 4272 1437 4341 δεκατρεῖς
1469 4271 1692 4342 μῆνας.

86 4361 287 4417 Πολλὰ
314 4362 377 4416 δὲ
398 4361 575 4436 τούτῳ
600 4364 901 4435 ἐνέσκηψεν
932 4365 1311 4438 ἐκλιπαρῆσας
1342 4364 1435 4419 τὸν
1459 4364 1573 4418 υἱὸν
1597 4366 1694 4419 αὑ-

88 4453 192 4508 τοῦ
221 4456 653 4511 Κωνστανττνον
684 4457 993 4528 φυλάττειν.

1796 3272 1970 3327 eoque
1999 3258 2054 3311 in
2094 3269 2365 3310 summam
2416 3255 2670 3309 redactus
2704 3254 3154 3317 invaletudinem,
3199 3261 3258 3307 ut
3285 3250 3380 3306 vix

1797 3350 2034 3421 potuerit
2064 3348 2399 3419 jejuniorum
2446 3357 2690 3418 tempore
2719 3364 2782 3402 ex
2816 3348 3204 3417 imperatorum
3226 3360 3380 3400 more

1797 3444 2119 3499 concionem
2148 3443 2202 3498 in
2236 3444 2353 3499 haec
2385 3445 2547 3500 verba
2589 3443 2826 3498 habere:
2857 3439 3056 3494 Videtis
3088 3455 3168 3493 me
3193 3446 3380 3492 conta-

1798 3536 1971 3590 buisse
1994 3546 2045 3591 et
2066 3538 2246 3592 morbo
2262 3546 2629 3607 consumptum
2653 3553 2764 3591 esse
2784 3552 2801 3598 ,'
2824 3550 2915 3588 nec
2932 3534 3067 3603 forte
3089 3532 3158 3585 ad
3184 3530 3382 3587 Christi

1797 3633 2237 3687 resurrectionem
2285 3633 2549 3687 vobiscum
2591 3632 2754 3686 vitam
2787 3630 3099 3699 producam.
3142 3624 3383 3698 Contigit

1799 3735 1981 3780 antem
2016 3725 2329 3779 incendium
2358 3728 2414 3779 in
2438 3724 2647 3793 Magnae
2675 3724 2921 3778 ecclesiae
2947 3719 3383 3787 cerulariis.quo

1800 3818 2182 3887 pcutriarclialis
2213 3817 2401 3873 sacelli
2437 3818 2641 3873 scrinia
2670 3816 2860 3872 omnia
2900 3816 3189 3871 combusta
3230 3823 3382 3867 sunt.

1802 3906 1927 3962 Maii
1960 3908 2267 3974 undecima,
2305 3907 2394 3963 die
2421 3909 2603 3971 tertia,
2648 3908 2950 3962 indictione
2983 3906 3050 3961 l5
3077 3905 3222 3960 diem
3249 3903 3388 3960 obiit

1800 3998 1911 4055 Leo
1942 4000 2271 4070 imperator,
2307 4000 2507 4056 tradito
2540 3999 2695 4056 fratri
2740 4015 2841 4056 suo
2870 3998 3181 4054 Alexandro
3214 3996 3387 4066 impe-

1803 4093 1885 4146 rio
1919 4109 1934 4157 ;
1974 4107 2136 4162 quem
2182 4092 2248 4147 ad
2288 4107 2347 4148 se
2383 4092 2691 4147 venientem
2726 4106 2852 4147 cum
2889 4092 3138 4153 vidisset,
3178 4089 3384 4144 dixisse

1800 4180 1984 4237 ferunt
2013 4198 2026 4234 :
2061 4182 2140 4236 En
2172 4179 2342 4235 malus
2396 4182 2644 4251 temporis
2686 4181 2945 4235 articulus
2986 4190 3105 4249 post
3137 4179 3384 4234 tredecim

1801 4291 2022 4330 menses.
2063 4272 2240 4329 Etiam
2295 4290 2424 4329 vero
2469 4286 2635 4346 atque
2671 4275 2837 4331 etiam
2873 4274 3023 4329 illum
3066 4271 3277 4341 rogavit
3320 4286 3386 4325 ac

1798 4368 2099 4423 obtestatus
2147 4375 2229 4424 est
2276 4376 2333 4422 ut
2374 4367 2543 4423 lilium
2594 4384 2753 4425 suum
2794 4366 3215 4425 Constantinum
3266 4379 3386 4421 ser-

1801 4467 1971 4512 varet.

1083 4818 1584 4907 ΒΑΣΙΛΕΙΑ
1672 4814 2415 4910 ΑΛΕΞΑΝΔΡΟΥ

1464 4987 1629 5041 ΥῙΟΥ
1661 4987 2048 5047 ιιΑΣιΛειθγ.

522 5314 1140 5408 IMPERIUM
1240 5318 1934 5413 ALEXANDRI
2014 5323 2451 5413 BASlLll
2551 5326 2900 5418 FILII.

1703 5546 1775 5557 .—

154 5643 267 5719 [P.
307 5643 442 5719 2331
460 5642 533 5700 α’.
561 5644 909 5717 Ἀλέξανδρος
940 5647 1286 5705 ἐϐασίλευσεν
1316 5651 1435 5717 ἔτος
1465 5652 1544 5718 ἓν,
1568 5655 1684 5725 ὴμέ-

1887 5659 1939 5711 t.
1970 5657 2274 5713 Alexander
2312 5659 2600 5730 imperavit
2624 5675 2749 5717 cum
2792 5660 3155 5719 Constantino
3186 5663 3389 5724 Leonis

74 5758 190 5813 pa;
229 5736 333 5809 κβ¹
369 5738 469 5793 σὺν
486 5739 882 5812 Κωνσταντίνῳ
898 5742 977 5813 τῷ
1008 5744 1108 5814 υίῷ
1140 5744 1386 5809 Λέοντος.
1421 5748 1684 5803 Ἀποστεί-

1814 5749 1927 5805 lilio
1964 5765 2167 5804 annum
2208 5766 2403 5815 unum,
2431 5752 2548 5808 dies
2582 5753 2771 5825 viginti
2804 5754 2963 5810 duos.
2996 5756 3221 5815 Mittens
3263 5776 3387 5815 vero

72 5835 183 5895 ita;
220 5832 297 5888 δὲ
332 5831 547 5903 ἢγαγεν
568 5831 834 5888 Νικόλαον
860 5834 924 5889 ἐκ
948 5835 1337 5911 Γαλακρηνῶν,
1371 5840 1684 5911 καταγαγὼπ

1812 5841 2095 5900 Nicolaum
2140 5858 2204 5900 ex
2264 5843 2578 5902 Galacrenis
2628 5847 2942 5913 revocavit,
2993 5849 3388 5924 delurbatoque

441 5924 717 5987 ΡΑτιιοῐ..
745 5925 861 5987 Gtt.
890 5926 1044 5987 CIX.

3000 5941 3071 6001 l3
