4154 6450
764 430 867 491 399

1848 422 2352 487 'l‘llEt)PIlA.\'ES
2391 420 2940 490 CONTINUATUS.

3930 428 4035 494 ιω

768 554 1044 597 numnam
1073 531 1420 588 transferret.
1449 532 1567 586 Non
1601 531 1800 589 desunt
1829 545 2011 590 autem
2042 535 2136 604 qui
2158 533 2342 587 dicant

2447 551 2610 603 τινες,
2645 537 2740 592 καὶ
2762 538 3028 604 Νικόλαος
3054 540 3404 611 πατριάρχης
3451 541 3736 611 ἡγνοηκὼς
3780 539 3858 605 ὡς
3909 550 4034 596 κατ’

766 637 927 686 etiam
964 628 1248 683 Nicolaum
1282 625 1675 696 patriarchatn,
1699 642 1822 682 cum
1848 627 2345 682 nesciretAlexau-

766 724 850 774 dri
888 729 1215 775 testamento
1248 732 1308 772 se
1337 726 1575 772 tutorem
1620 718 1898 783 relictum,
1928 719 2133 786 negotii
2167 717 2340 786 parti-

766 817 870 870 bus
903 813 1206 869 Artabasdo
1237 812 1568 865 concreditis
1593 849 1609 873 ,
1641 812 1730 864 cui
1763 811 2088 865 sacerdotali
2119 822 2344 862 munere

764 907 928 979 382
968 904 1320 959 interdictum
1352 902 1563 964 fuerat,
1620 901 1689 957 ad
1717 903 2144 957 Constantinum
2187 900 2342 956 ducis

764 1003 935 1055 tilium
991 998 1300 1068 scripsisse,
1350 995 1661 1050 hortantem
1721 1005 1778 1049 ut
1829 996 1894 1049 ad
1943 995 2341 1062 capessendum

766 1091 1058 1161 imperium
1113 1104 1233 1144 sese
1283 1086 1605 1158 Byzantium
1652 1085 1958 1152 conferret;
2023 1087 2093 1141 ob
2141 1099 2344 1154 easque

764 1186 905 1239 latas
956 1185 1164 1237 litteras
1215 1179 1266 1233 id
1300 1179 1549 1233 muneris
1578 1188 1908 1233 consecutus
1939 1187 2026 1234 est
2061 1188 2120 1233 ut
2154 1193 2342 1246 perce-

765 1279 932 1332 lebris
964 1276 1182 1346 Sephia:
1237 1273 1582 1328 sacerdotum
1622 1271 1876 1340 princeps
1913 1284 2079 1333 esset,
2115 1273 2342 1325 Andreie

765 1372 972 1428 scilicet
1007 1377 1182 1438 pater,
1213 1367 1306 1435 qui
1341 1376 1525 1418 nostra
1560 1375 1719 1418 aetate
1747 1365 2002 1434 pingendi
2031 1374 2204 1418 artem
2231 1379 2342 1434 pra:

763 1465 954 1535 Apelle
1002 1470 1058 1516 et
1100 1457 1454 1529 Agatharcho
1532 1455 1928 1526 lleraclideque
1976 1466 2031 1511 et
2094 1455 2342 1511 Philemo

769 1554 1042 1628 Byzantiis
1077 1551 1282 1620 majore
1309 1551 1458 1604 cultu
1487 1550 1736 1618 piovexit
1764 1563 1829 1602 ac
1866 1547 2195 1601 nobilitavit.

833 1651 885 1700 Ii.
911 1647 1080 1700 Porro
1108 1642 1525 1704 Constantinus,
1555 1651 1612 1693 ut
1637 1641 1729 1709 qui
1757 1640 1870 1709 jam
1903 1651 2028 1692 ante
2051 1640 2339 1710 imperium

763 1740 1081 1800 somniarct.
1130 1735 1311 1790 statim
1341 1734 1582 1802 acceptis
1637 1733 1840 1787 litteris
1870 1734 1922 1787 in
1953 1734 2145 1787 urbem
2181 1734 2339 1788 invo-

764 1838 856 1894 lat,
897 1832 1048 1887 lectis
1074 1829 1340 1884 militibus
1370 1829 1627 1898 stipatus,
1674 1843 1775 1882 nec
1813 1827 1929 1896 ipsa
1995 1827 2342 1882 multitudine

2447 633 2750 703 ἐπιτροπὴν
2790 633 3141 703 ’Δλεξάνδφν
3204 632 3356 704 αὐτῷ
3401 633 3780 704 ἐγκεχείριστο
3828 635 3898 687 τὰ
3931 634 4032 702 τῆς

2445 723 2694 788 ἐξουσίας
2748 726 3085 795 ὲπιτροπεῖν,
3128 727 3483 795 Ἀρταϐάσδῳ
3533 727 3869 798 ἐγχειρίσας,
3900 720 3946 794 ᾧ
3972 729 4035 778 τὸ

2447 813 2751 884 ἱερατεύειν
2782 819 3088 889 ἐνείργητο,
3121 817 3472 881 ἐξαπέστειλε
3507 819 3644 889 πρὸς
3671 818 3762 871 τον
3786 818 3879 871 τοῦ
3918 819 4038 871 δου-

2447 908 2540 970 κδς
2570 910 3002 973 Κωνσταντῖνον,
3065 911 3584 981 παρακελευόμενος
3625 912 4034 981 εἰσεληλυθέναι

2443 1004 2508 1072 τῇ
2543 1001 2886 1069 βασιλίδι,ὠς
2908 1003 3008 1072 τῆς
3037 1002 3312 1072 βασιλείας
3339 1003 3662 1074 ἐπιλάϐηται
3688 1021 3699 1034 ·
3733 1005 3791 1067 ὃς
3821 1004 3909 1058 διὰ
3938 1007 4037 1070 τὴν

2445 1091 2536 1144 τοῦ
2568 1093 2896 1162 γράμματος
2941 1093 3372 1164 διαπόρθμευσιν
3421 1094 3522 1163 τῆς
3549 1093 3904 1164 περιωνύμου
3941 1093 4039 1146 Σο-

2445 1183 2573 1252 φίας
2608 1186 2824 1257 πρῶτος
2851 1187 2960 1239 τῶν
2983 1187 3298 1258 ἱερωμένων
3321 1188 3687 1258 κεκλήρωται.
3722 1184 3892 1249 Οὗτος
3925 1188 4038 1254 γάρ

2444 1279 2727 1348 γεννήτωρ
2791 1280 3046 1350 Ἀνδρέου
3084 1281 3176 1334 τοῦ
3212 1282 3269 1332 ἐν
3314 1281 3530 1348 χρόνοις
3583 1282 3694 1342 τοῖς
3732 1280 3854 1332 καθ’
3887 1281 4041 1348 ἡμᾶς

2443 1370 2542 1436 τὴν
2574 1356 2935 1440 ζωγραφικὴν
2967 1372 3166 1441 τέχνην
3197 1375 3276 1434 εἰς
3322 1372 3491 1442 ἄκρον
3525 1372 3843 1431 ἐλάσαντος,
3887 1371 4041 1438 ἥπερ

2456 1455 2719 1526 Ἀπελλῆς
2755 1459 2850 1511 καὶ
2893 1460 3234 1529 Ἀγάθαρχος
3273 1460 3630 1531 Ἡρακλείδης
3684 1477 3741 1512 τε
3771 1459 3866 1512 καὶ
3906 1460 4038 1511 Φίλ-

2442 1570 2582 1617 οινος
2611 1558 2656 1608 οἱ
2687 1555 2989 1619 Βυζάντιοι,
3024 1557 3371 1626 καθεστήκει.

2515 1644 2584 1712 γ’.
2632 1646 2690 1699 't)
2721 1648 2796 1708 δὲ,
2831 1646 2925 1701 ἅτε
2956 1651 3048 1701 καὶ
3075 1649 3340 1718 πρότερον
3363 1649 3532 1719 αὐτὴν
3550 1647 3915 1720 ὀνειροπολῶν
3941 1648 4041 1699 καὶ

2442 1737 2539 1790 τοῦ
2560 1738 2793 1807 στέφους
2819 1740 2906 1793 ἀεὶ
2930 1742 3242 1811 ἐφιέμενος,
3283 1742 3358 1805 ὡς
3392 1739 3504 1812 εἶχε
3549 1743 3712 1811 τάχος
3736 1743 3836 1812 τὴν
3879 1742 4043 1811 βασι-

2444 1830 2710 1884 λεύουσαν
2753 1833 3056 1887 κατέλαϐεν
3084 1834 3200 1901 ἅμα
3252 1839 3363 1897 τοῖς
3397 1838 3493 1888 σὺν
3537 1834 3689 1905 αὑτῷ
3723 1835 3834 1887 τῶν
3864 1853 4040 1904 στρα-

764 1922 1120 1995 spernendis;
1167 1930 1445 1988 noctuque.
1476 1935 1570 1986 per
1595 1917 1876 1973 Michaelis
1934 1917 2339 1988 protuvestiarii

2447 1921 3028 1993 τευμάτωνὲγκρίτοις
3054 1896 3136 1986 ⁸³.-
3157 1896 3363 1988 ἱκανοῖς
3393 1924 3531 1980 οὖσι.
3573 1896 3682 1978 Καὶ
3714 1925 3909 1988 νυκτὸς
3939 1896 4040 1977 ’διὰ

765 2018 907 2072 haud
952 2016 1141 2086 procul
1196 2014 1265 2068 ab
1297 2028 1422 2066 arce
1449 2012 1708 2066 ostiolum
1739 2013 2022 2082 ingressus
2071 2012 2124 2066 in
2164 2011 2340 2067 soceri

763 2112 846 2166 sui
877 2111 1131 2177 Gri-gone
1179 2105 1389 2159 :edibus
1410 2119 1536 2159 cum
1569 2104 1741 2159 sociis
1784 2104 2058 2158 insomnis
2085 2118 2344 2172 permane

765 2204 857 2257 sit.
883 2199 1100 2257 Nicetes
1121 2215 1251 2253 vero
1273 2215 1301 2251 a
1327 2197 1573 2263 secretis,
1594 2198 1687 2268 qui
1717 2206 1903 2266 postea
1933 2199 2342 2267 protonotarius

764 2295 885 2356 t'uit,
919 2291 1270 2347 Constantini
1308 2289 1601 2344 adventum
1635 2288 2000 2344 Constantino
2026 2289 2262 2358 patricio
2288 2297 2343 2341 et

764 2389 1038 2442 monacho
1065 2385 1290 2439 Eladico
1324 2381 1622 2448 nuntiavit;
1654 2385 1926 2451 amboquc
1960 2381 2151 2437 eadem
2183 2389 2343 2438 nocte

765 2483 830 2535 ad
856 2479 1278 2534 Constantinum
1325 2477 1520 2530 ducem
1561 2485 1950 2538 accesserunt;
1980 2483 2343 2543 consertaque

764 2571 1014 2633 consilio,
1052 2583 1177 2624 cum
1211 2566 1444 2621 necdum
1477 2565 1768 2630 illuxisset,
1795 2580 1920 2620 cum
1951 2566 2163 2620 facibus
2195 2567 2342 2620 mili-

767 2673 993 2732 tumque
1036 2677 1143 2716 non
1173 2659 1280 2714 levi
1313 2667 1522 2712 armata
1567 2673 1732 2712 mantt
1765 2669 1818 2712 et
1849 2658 2006 2712 turba
2039 2658 2181 2713 Circi
2213 2674 2332 2729 por-

766 2764 875 2809 tam
903 2760 1197 2819 occupant,
1250 2766 1311 2806 ac
1339 2749 1765 2806 Constantinum
1816 2749 2015 2804 faustis
2065 2751 2342 2806 acclama-

766 2847 1011 2901 tionibus
1061 2846 1448 2914 imperatorem
1497 2843 1758 2896 salutant.
1821 2841 1895 2896 lbi
1933 2843 2054 2912 ejus
2083 2843 2277 2912 equiso
2310 2859 2341 2898 a

767 2937 1118 3007 praesidiariis
1174 2935 1357 3005 iisque
1390 2933 1482 3004 qui
1515 2933 1655 2987 intra
1707 2943 1894 3004 portas
1945 2944 2122 2998 erant,
2153 2934 2339 2990 lancea

767 3028 1018 3083 conlisus
1053 3025 1278 3080 interiit.
1331 3023 1486 3078 Haud
1528 3025 1713 3093 itaque
1756 3025 1868 3079 illic
1911 3038 2164 3095 receptus
2193 3025 2341 3079 Con-

767 3118 1070 3178 stantinus,
1106 3117 1199 3170 sed
1251 3114 1528 3184 repulsus,
1561 3114 1708 3167 velut
1750 3114 2017 3167 daemonis
2051 3113 2339 3182 cujusdam

769 3209 948 3264 alllatu
999 3207 1154 3261 furiis
1207 3218 1385 3268 actus,
1447 3219 1547 3260 nec
1609 3219 1719 3273 prie
1778 3205 1994 3274 imperii
2043 3203 2341 3274 cupiditate

771 3301 968 3355 mentis
999 3298 1162 3369 383
1194 3299 1331 3352 satis
1365 3311 1590 3366 compos
1615 3335 1630 3358 ,
1687 3298 1740 3349 in
1793 3297 2011 3350 Circum
2060 3309 2120 3349 se
2169 3294 2342 3349 tristis

767 3396 1026 3464 vultuque
1058 3390 1298 3446 demisso
1331 3390 1608 3453 subducit,
1638 3389 1842 3442 malum
1875 3404 2036 3442 omen
2067 3395 2341 3456 reputans,

768 3485 911 3556 quod
949 3483 1272 3552 equisouem
1319 3490 1572 3534 necatum
1619 3479 1886 3533 amiserit.
1936 3477 2088 3532 llliuc
2132 3479 2342 3547 itaque,

769 3575 964 3631 inustis
987 3572 1472 3629 acclamationibus
1497 3569 1976 3640 prosequentibus,
1996 3569 2062 3622 ad
2085 3567 2343 3622 Cbalcem

772 3683 949 3737 usque
975 3665 1156 3729 venit;
1194 3678 1395 3734 perque
1422 3661 1667 3732 ejusdem
1714 3661 1945 3715 Chalces
1981 3669 2197 3729 portam
2231 3658 2342 3713 l'er-

769 3775 917 3816 ream
967 3759 1032 3814 ad
1062 3755 1444 3813 excubitorum
1493 3768 1667 3824 usque
1697 3754 1989 3808 stationem
2020 3751 2219 3807 evasit.
2257 3749 2346 3804 ln-

771 3853 929 3908 teiim
985 3851 1249 3919 magister
1292 3845 1533 3902 Joannes
1583 3844 1803 3910 Eladas,
1857 3861 1923 3899 ex
1960 3843 2346 3900 sodalitatibus

765 3945 1179 4012 classiariisque
1217 3939 1432 3996 delectu
1478 3939 1687 4005 habito,
1719 3939 1890 3992 armis
1920 3938 2219 3992 instructos
2246 3936 2347 3992 ad.

768 4053 960 4095 versus
992 4038 1193 4091 Ducem
1243 4034 1413 4088 misit.
1472 4032 1552 4086 Ad
1597 4031 1853 4087 Cbalcem
1885 4047 2059 4102 usque
2089 4045 2216 4085 cum
2253 4045 2346 4085 ve-

769 4131 999 4193 nissent,
1029 4137 1396 4196 consertaque
1423 4125 1635 4195 praelio,
1665 4125 1825 4178 multi
1855 4125 2127 4194 utrimque
2155 4124 2349 4195 gladiis

765 4223 1034 4296 perempti
1076 4221 1426 4285 ceciderunt;
1472 4221 1776 4288 ingensque
1822 4218 1959 4272 adeo
1988 4227 2199 4289 strages
2222 4217 2348 4281 fuit,

769 4330 829 4373 ut
874 4328 928 4373 et
975 4314 1264 4384 sanguinis
1332 4313 1434 4365 rivi
1495 4313 1669 4367 instar
1720 4311 1963 4365 ﬂuminis
2012 4320 2347 4378 slagnarent.

767 4411 1000 4468 Occisus
1018 4418 1105 4464 est
1133 4417 1186 4462 et
1207 4407 1481 4477 Gregoras
1509 4407 1668 4461 ducis
1720 4405 1864 4460 ﬁlius
1902 4414 1956 4460 et
1977 4405 2204 4459 Michael
2233 4405 2352 4474 ejus

768 4502 1160 4564 consobrinus,
1223 4513 1323 4553 nec
1380 4513 1490 4552 nou
1539 4497 1792 4554 Curtices
1855 4498 2169 4552 Armenius.
2226 4496 2353 4551 llaec

2446 2015 2821 2085 παραπυλίδος
2841 2016 3100 2070 εἰσελθὼν
3131 2017 3228 2070 τοῦ
3252 2019 3628 2088 πρωτοϐεστια
3640 2017 3755 2090 ρίου
3783 2018 4036 2086 Μιχαὴλ,

2444 2105 2612 2176 οὔσης
2641 2109 2869 2177 πλησίον
2897 2111 3271 2182 ἀκροπόλεως,
3304 2115 3362 2164 ἐν
3385 2111 3462 2182 τῷ
3490 2111 3624 2181 οἴκῳ
3644 2111 3736 2166 τοῦ
3765 2112 4038 2182 πενθεροῦ

2446 2200 2611 2253 αὑτοῦ
2636 2201 2890 2271 Γρηγορά
2915 2204 3115 2266 ἄϋπνος
3158 2203 3294 2273 μετὰ
3322 2203 3430 2256 τῶν
3465 2206 3732 2258 συνόντων
3760 2204 3912 2272 αὑτῷ
3957 2205 4037 2256 δι-

2454 2293 2723 2348 ετέλεσεν.
2755 2294 3002 2363 Νικήτας
3024 2294 3080 2348 δὲ
3109 2296 3436 2366 άσηκρῆτις,
3461 2297 3488 2348 ὁ
3508 2297 3644 2367 μετά
3670 2295 3843 2349 ταῦτα
3883 2313 4042 2366 πρω-

2444 2384 2756 2454 τονοτάριος
2809 2387 3074 2455 γεγονὼς,
3124 2389 3222 2459 τὴν
3265 2390 3676 2441 Κωνσταντένου
3735 2388 3923 2454 ἄφιξιν
3959 2386 4040 2457 τῷ

2447 2477 2723 2548 πατρικίῳ
2786 2479 3188 2548 Κωνσταντίνῳ
3219 2481 3311 2532 καὶ
3366 2479 3585 2550 μοναχῷ
3625 2479 3706 2548 τῷ
3767 2478 4041 2547 Ἐλαδικῷ

2445 2569 2858 2638 κατεμήνυσεν·
2911 2572 3005 2623 καὶ
3054 2569 3225 2640 ἄμφω
3258 2573 3323 2640 τῇ
3385 2571 3524 2642 αὐτῇ
3560 2571 3719 2623 νυκτὶ
3767 2569 3905 2639 «pb;
3945 2571 4042 2622 τὸν

2443 2659 2610 2714 δοῦκα
2650 2661 3060 2714 Κωνσταντῖνον
3094 2663 3482 2732 παρεγένοντο,
3507 2663 3600 2714 καὶ
3639 2661 3835 2730 βουλὴν
3867 2679 4040 2731 ποιη-

2445 2754 2669 2823 σάμενοι
2724 2752 2878 2807 οὔπω
2904 2754 3005 2823 τῆς
3036 2756 3252 2826 ἡμέρας
3279 2754 3697 2822 καταλαϐούσης
3720 2754 3862 2823 μετὰ
3896 2755 4043 2822 λαμ-

2443 2846 2628 2900 πάδων
2667 2847 2760 2899 καὶ
2800 2845 2930 2900 λαοῦ
2959 2846 3155 2900 πολλοῦ
3187 2848 3281 2901 καὶ
3314 2848 3473 2918 ὄχλου
3513 2848 3614 2918 τὴν
3645 2847 3738 2900 τοῦ
3768 2847 4043 2916 ἱπποδρό-

2446 2955 2549 3010 μου
2588 2938 2764 3008 πύλην
2812 2938 3358 3008 καταλαμϐάνουσιν,
3394 2939 3810 2990 Κωνσταντῖνον
3861 2936 4041 3004 εὐφη-

2448 3029 2678 3100 μοῦντες
2729 3030 2805 3093 ὼς
2836 3030 3060 3099 βασιλέα
3087 3047 3100 3060 ·
3134 3029 3263 3083 ἔνθα
3319 3029 3382 3098 δὴ
3415 3032 3442 3082 ὁ
3473 3028 3666 3082 τούτου
3725 3028 4043 3096 ἱπποκόμος

2444 3123 2759 3193 λογχευθεὶς
2809 3123 2961 3193 παρὰ
2993 3124 3100 3176 τῶν
3127 3123 3276 3184 ἐντὸς
3298 3123 3406 3175 τῶν
3431 3122 3525 3174 τοῦ
3557 3121 3896 3192 ἱπποδρόμου
3932 3137 4043 3172 πυ-

2369 3237 2410 3290 c
2443 3215 2552 3269 λῶν
2581 3213 2952 3285 ἁνῃρέθη.Μὴ
2969 3213 3181 3282 δεχθεὶς
3209 3213 3303 3266 οὖν
3333 3215 3512 3265 ἐκεῖσε
3537 3214 3565 3264 ὁ
3597 3214 4037 3274 Κωνσταντῖνος,

2447 3305 2563 3360 ἀλλ’
2594 3305 2982 3372 ἀποσοϐηθεὶς,
3013 3303 3204 3372 ὥσπερ
3231 3305 3336 3357 ὑπό
3361 3321 3509 3366 τινος
3558 3303 4043 3372 ἑκϐακχευόμενος

2446 3394 2702 3462 δαίμονος
2736 3393 2831 3446 καὶ
2873 3392 2946 3462 μὴ
2979 3395 3324 3464 ἐφεστηκότα
3356 3394 3496 3462 ἔχων
3520 3393 3611 3444 τὸν
3646 3393 3910 3461 λογισμὸν
3959 3393 4044 3460 τῷ

2446 3483 2546 3552 τῆς
2579 3483 2858 3552 βασιλείας
2888 3485 3070 3552 ἔρωτι,
3099 3485 3157 3535 ὲν
3191 3484 3270 3554 τῷ
3307 3483 3653 3554 ίττποδρομίῳ
3675 3484 4044 3553 ὑπεχώρησεν

2448 3572 2678 3640 στυγνός
2713 3589 2772 3625 τε
2807 3573 2902 3625 καὶ
2931 3573 3205 3644 κατηφὴς,
3267 3573 3437 3626 κακὸν
3463 3573 3652 3626 οἰωνὸν
3695 3573 3797 3642 τὴν
3821 3573 3919 3624 τοῦ
3945 3573 4045 3623 ἱπ-

2449 3665 2691 3736 ποκόμου
2709 3666 2902 3734 κρίνας
2927 3666 3168 3734 σφαγήν.
3215 3665 3454 3718 Ἐκεῖθεν
3487 3661 3580 3718 οὖν
3612 3663 4046 3733 εὐφημούμενος

2446 3748 2614 3824 ἦλθεν
2647 3754 2809 3825 μέχρι
2831 3755 2928 3822 τῆς
2958 3754 3200 3824 Χαλκῆς,
3233 3754 3329 3808 καὶ
3356 3755 3444 3807 διὰ
3481 3754 3579 3824 τῆς
3629 3755 3866 3822 nam;
3897 3754 4044 3821 πόρ-

2447 3862 2547 3915 της
2584 3846 2682 3914 τῆς
2706 3846 2877 3915 αὐτῆς
2895 3845 3116 3915 Χαλκῆς
3151 3845 3535 3914 είσεληλυθὼς,
3575 3847 3736 3915 μέχρι
3767 3845 3867 3897 τῶν
3921 3846 4049 3911 Ἐξ-

2450 3939 2720 3992 κουϐίτων
2767 3939 3122 4008 παρεγένετο.
3168 3939 3227 3992 '0
3253 3935 3345 3992 οὖν
3388 3919 3688 4007 μάγιστρος
3731 3939 4049 4007 Ἰωάννηςό

2462 4031 2687 4094 Ἐλαδᾶς
2720 4031 2951 4102 ἐκλογὴν
2979 4031 3091 4084 τῶν
3131 4049 3189 4084 τε
3220 4031 3318 4100 τῆς
3349 4031 3623 4100 ἑταιρείας
3653 4031 3746 4083 καὶ
3774 4029 3885 4083 τῶν
3915 4030 4053 4083 ἐλα-

2450 4123 2559 4175 τῶν
2619 4124 2986 4192 ποιησάμενος
3033 4123 3150 4193 μεθ’
3192 4124 3373 4176 ὃπλων
3434 4122 3658 4184 τούτους
3714 4122 4052 4175 ἀπέστειλεν

2452 4215 2594 4267 κατὰ
2624 4214 2718 4268 τοῦ
2757 4215 2968 4277 δουκός.
3010 4216 3306 4268 Ἐλθόντων
3339 4213 3430 4267 οὖν
3463 4214 3626 4284 μέχρι
3657 4214 3761 4281 τῆς
3794 4213 4050 4279 Χαλκῆς,

2454 4308 2550 4360 καὶ
2575 4307 2810 4378 πολέμου
2843 4307 3156 4371 συστάντος,
3185 4308 3372 4360 πολλοὶ
3398 4306 3458 4374 ἐξ
3487 4306 3817 4376 ἀμφοτέρων
3840 4307 4053 4357 ἔπεσον

2452 4400 2563 4453 τῶν
2596 4401 2798 4471 μερῶν,
2853 4401 3014 4473 ἔργον
3049 4402 3229 4454 ἐκεῖσε
3267 4400 3544 4470 μαχαίρας
3574 4399 3885 4468 γενόμενοι,
3944 4400 4052 4450 καὶ

2453 4495 2709 4549 τοσοῦτον
2753 4495 2892 4548 ὥστε
2944 4497 3034 4547 τὸν
3061 4494 3225 4546 τόπον
3257 4490 3684 4562 ὲνλιμνασθῆναι
3712 4489 3792 4559 τῷ
3843 4489 4055 4557 αἵματι

772 4596 962 4650 videns
1005 4592 1404 4648 Constantinus
1458 4591 1593 4655 dux,
1623 4607 1747 4646 cum
1780 4592 2017 4647 maxima
2062 4601 2210 4647 esset
2235 4600 2342 4645 tur-

2459 4589 2772 4659 ποταμηδὸν
2802 4589 3182 4658 καταρρἐντι.
3201 4585 3463 4656 Ἀνῃρέθη
3485 4584 3540 4637 δὲ
3571 4585 3664 4637 καὶ
3695 4583 3986 4651 Γρηγορᾶς
4024 4582 4060 4633 ὁ

772 4689 939 4755 batio,
963 4675 1167 4758 equum
1215 4686 1451 4755 impulit.
1482 4683 1578 4739 llle
1624 4686 1676 4739 in
1709 4685 1942 4756 lapideis
1975 4685 2199 4741 tabulis.
2231 4683 2349 4755 qui-

771 4781 874 4834 bus
929 4780 1083 4836 locus
1114 4787 1429 4835 constratas
1458 4786 1577 4833 erat
1597 4820 1612 4844 ,
1648 4778 1924 4850 collapsus
1953 4792 2226 4834 sessorem
2259 4792 2349 4850 ex.-

770 4871 967 4926 cussit.
992 4863 1168 4935 Quem
1196 4870 1250 4922 in
1275 4877 1480 4923 terram
1509 4871 1811 4939 projectum
1858 4867 2149 4935 solumque
2193 4867 2351 4922 dure-

772 4966 959 5018 Iictum
1009 4961 1284 5033 quispiam
1321 4959 1603 5017 oﬂ'endens
1657 4961 1772 5031 (alii
1819 4961 1966 5017 enim
2018 4959 2254 5030 dispersi
2284 4974 2348 5015 ac

772 5053 1020 5125 palantes
1063 5051 1243 5122 erant)
1274 5053 1395 5123 ejus
1449 5062 1618 5122 caput
1652 5052 1835 5122 gladio
1889 5051 2145 5117 abscidit,
2185 5053 2350 5122 inque

772 5147 1024 5200 omnium
1075 5145 1275 5213 oculis,
1332 5145 1398 5199 ad
1449 5145 1598 5215 vulgi
1647 5159 1891 5198 errorem
1946 5142 2350 5213 depellendum,

781 5239 1100 5310 imperatori
1136 5239 1350 5294 detulit.
1390 5237 1734 5309 Ejuseetnodi
1767 5238 1924 5293 ducis
1958 5237 2236 5309 aggressio
2260 5251 2355 5306 per

775 5335 943 5388 alium
983 5348 1205 5402 quoque
1238 5333 1458 5387 modum
1493 5334 1827 5387 innotuerat.
1856 5331 2066 5402 Nempe
2095 5329 2356 5385 Nicolaus

774 5426 997 5496 quidam
1026 5425 1352 5496 publicanus
1385 5425 1440 5479 in
1459 5425 1710 5489 Chaldia,
1740 5424 2084 5495 publicisque
2111 5423 2351 5492 vectiga-

775 5519 921 5574 libus
973 5518 1280 5584 pra'l‘ectus,
1343 5519 1654 5574 Christiana
1711 5519 1918 5586 ejurata
1971 5518 2236 5586 religione
2297 5516 2349 5568 in

773 5611 989 5682 Syriam
1025 5627 1083 5665 se
1121 5623 1422 5682 receperat.
1479 5610 1593 5668 lllic
1640 5629 1809 5683 agens
1867 5610 2218 5666 astronomia:
2253 5625 2349 5662 seu

776 5703 946 5772 magis
984 5702 1292 5774 astrologiae
1321 5704 1540 5761 cuidam
1592 5721 1817 5777 operam
1865 5704 2050 5760 dabat.
2103 5702 2350 5772 lunigro

2452 4683 2568 4746 υίὸς
2599 4681 2694 4735 τοῦ
2729 4681 2919 4746 δουκὸς
2944 4680 3028 4756 ιΡ.
3059 4677 3191 4754 257]
3218 4680 3312 4734 καὶ
3342 4677 3603 4750 Μιχαὴλδ
3624 4675 3916 4742 ἐξάδελφος
3949 4673 4061 4724 αὑ-

2449 4777 2546 4831 τοῦ
2582 4775 2675 4830 καὶ
2711 4776 2740 4829 ὁ
2783 4775 3097 4847 Κουρτίκης
3125 4776 3154 4828 ὁ
3179 4774 3238 4842 ἐξ
3278 4771 3602 4844 Ἀρμενίων.
3633 4766 3822 4821 Ταῦτα
3857 4767 3884 4818 ὁ
3921 4765 4062 4832 δοίιξ

2453 4871 2865 4934 Κωνσταντῖνος
2887 4867 3096 4940 μαθὼν,
3126 4868 3374 4939 ταραχῆς
3402 4867 3484 4919 ὅτι
3520 4864 3782 4931 πλείστης
3815 4861 4062 4929 γενομέ-

2453 4979 2572 5034 νης,
2595 4963 2688 5017 τοῦ
2726 4960 2958 5016 ἱππικοῦ
2989 4961 3302 5032 ἐξήλαυνεν.
3351 4959 3412 5014 'O
3458 4957 3516 5011 δὲ
3562 4959 3686 5018 ταῖς
3726 4957 3909 5010 ἐκεῖσε
3942 4955 4060 5006 ὑπ-

2453 5056 2824 5126 εστρωμέναις
2861 5053 3260 5124 κατολισθήσας
3307 5051 3502 5116 πλαξὶν
3552 5051 3633 5114 είς
3658 5048 3765 5120 γῆν
3795 5048 3890 5100 τδν
3920 5048 4061 5099 έπε-

2455 5147 2626 5218 ϐάτην
2650 5145 2971 5200 κατέϐαλεν.
3015 5145 3172 5199 Ἐπεὶ
3200 5144 3257 5198 δέ
3309 5161 3396 5208 τις
3425 5141 3589 5196 αὑτὸν
3615 5141 3759 5196 κατὰ
3789 5139 3896 5209 γῆς
3947 5139 4061 5210 te-

2455 5237 2722 5309 ριμμένον
2758 5237 2855 5290 καὶ
2893 5237 3279 5308 μεμονωμένον
3309 5233 3608 5288 κατέλαϐεν
3640 5232 3712 5303 (οἱ
3741 5230 3852 5298 γάρ
3893 5229 4064 5284 ἄλλοι

2453 5331 2915 5400 διεσκεδάσθησαν
2945 5330 3229 5397 ἅπαντες),
3261 5329 3404 5396 ξίφει
3442 5329 3542 5398 τὴν
3571 5326 3763 5380 τούτου
3794 5326 4063 5393 ἀπέτεμε

2459 5421 2725 5492 κεφαλὴν,
2752 5421 2876 5490 ἥτις
2900 5421 2978 5491 τῷ
3018 5420 3230 5491 βασιλεῖ
3263 5419 3668 5489 προσενήνεκτο
3723 5415 4064 5484 καταφανὴς

2460 5515 2632 5569 ἅπασι
2660 5514 2759 5584 τῆς
2789 5513 3005 5584 ἀπάτης
3050 5516 3131 5577 είς
3166 5513 3559 5584 ἀποτρόπαιον.
3602 5510 3674 5562 Τὸ
3707 5508 3764 5561 δὲ
3804 5505 4067 5561 τοιοῦτον

2460 5607 2625 5661 αὑτοῦ
2665 5607 2976 5678 ἐγχείρημα
3011 5607 3152 5660 κατά
3203 5621 3323 5659 τινα
3375 5606 3466 5657 καὶ
3497 5602 3657 5657 ἄλλον
3691 5601 3896 5673 τρόπον
3930 5600 4053 5651 ἔδει

2460 5699 2685 5770 δήλωτο.
2723 5699 2989 5763 Νικόλαος
3034 5701 3141 5771 γάρ
3171 5715 3252 5761 τις
3277 5699 3374 5764 τὰς
3408 5699 3465 5750 ὲν
3509 5694 3714 5766 Χαλδίᾳ
3745 5695 3857 5747 τῶν
3881 5692 4064 5764 aqua.

2052 5793 2286 5849 VAlilrF.
2334 5789 2749 5849 LECTIONES.

843 5888 887 5917 ⁸³
916 5886 1229 5958 ἐκκρίτοιςῗ
