4154 6450
126 371 217 436 401

833 375 977 435 LIB.
1014 378 1108 436 VI.
1152 397 1214 411 -
1259 373 1837 435 CONSTANTINUS
1894 373 2660 439 PURPIIYROGENITUS.

3290 380 3390 442 482

128 482 251 534 σίων
279 482 601 552 εἰσπράξεις
633 486 1141 555 ἑμπεπιστευμένος
1173 486 1252 549 εἰς
1279 486 1483 555 Συρίαν
1514 485 1703 551 ἀφίκε-

1842 490 2001 550 taque
2034 482 2201 537 linteo
2224 486 2471 540 scribens
2512 488 2578 541 ad
2611 486 2875 543 Thomam
2922 488 3249 557 logotltetam
3294 490 3396 541 mi-

128 590 199 638 το,
231 573 333 640 τῆς
388 573 510 627 καθ’
544 576 696 645 ἡμᾶς
749 575 1029 635 εὐσεϐείας
1087 576 1313 647 ἔξαρνος
1342 574 1584 644 γεγονώς
1605 591 1618 604 '
1650 574 1709 637 ὃς

128 664 298 716 ίκείσε
336 663 632 735 διατρίϐων
681 665 1050 735 ἀστρονομίας
1080 666 1114 736 ἦ
1146 664 1508 736 ἀστρολογίας
1563 661 1711 726 τινὸς

130 757 328 826 μᾶλλον
365 761 730 827 μετεποιεῖτο.
760 754 929 822 Οὗτος
957 760 1015 810 ἐν
1045 758 1459 828 μελανεμδαφεῖ
1493 754 1713 826 γράψας

129 851 410 920 ὑφάσματι
436 851 772 904 ἀπεστάλκει
793 851 951 904 τοῦτο
986 851 1123 919 πρὸς
1151 851 1243 903 τὸν
1269 848 1559 917 λογοθέτην
1595 845 1714 897 Θω-

1814 584 1997 637 serat;
2032 592 2142 645 quo
2179 592 2321 644 aqua
2352 580 2501 634 eluto
2532 595 2560 633 a
2600 580 2843 634 Mauuele
2876 580 3253 649 Agareuoruut
3310 582 3395 633 in-

1816 673 2073 734 terprete,
2108 669 2274 739 385
2327 679 2696 739 apparuerunt
2723 672 2845 739 quae
2882 673 2935 725 in
2968 687 3033 724 eo
3061 682 3219 725 erant
3257 687 3390 725 exa-

1814 766 1949 810 ratm
1999 758 2211 822 littera,
2241 760 2293 812 in
2328 762 2469 815 hanc
2499 764 2821 818 sententiam
2871 762 2995 815 :Ne
3041 764 3324 817 timueritis
3362 782 3397 819 α

1815 848 1947 902 duce
1985 851 2127 918 rum:
2157 852 2368 906 volucre
2401 869 2418 906 :
2448 854 2609 907 stulte
2637 856 2776 909 enim
2820 870 2901 909 res
2942 870 3103 907 novas
3129 857 3395 922 molietur,

131 944 256 1010 μᾶν,
300 936 365 997 οὗ
396 943 460 1013 δὴ
491 943 790 1013 ρυφθέντος
840 945 900 996 έν
937 942 1090 997 ὕδατι
1122 942 1276 1014 παρὰ
1328 938 1588 1009 Μανουὴλ
1620 936 1717 990 τοῦ

1842 949 1866 992 τι
1898 943 2085 994 statim
2111 942 2325 1010 peribit.

128 1035 232 1089 τῶν
271 1035 596 1106 ’Δγαρηνῶν
635 1036 919 1106 ἑρμηνέως
950 1036 1018 1088 τά
1049 1037 1106 1089 ὲν
1152 1033 1303 1105 αὐτῷ
1333 1030 1718 1101 πεφανέρωται
1756 1030 2098 1101 γράμματα·
2131 1034 2228 1102 Μὴ
2258 1035 2561 1104 φοϐήθητε
2602 1037 2721 1091 ἀπὸ
2750 1037 2855 1093 τοῦ
2914 1037 3147 1107 πυρῤοῦ
3205 1053 3396 1091 πετει-

129 1128 235 1182 νοῦ
273 1128 384 1183 τοῦ
419 1128 672 1195 δουκός·
705 1129 1243 1196 νεωτερισθήσεται
1278 1126 1389 1195 γὰρ
1416 1125 1714 1192 ἀφρόνως,
1752 1121 1849 1173 καὶ
1875 1125 2099 1189 εὐθέως
2126 1127 2651 1194 ὀλοθρευθήσεται.

192 1219 257 1272 δ’.
290 1218 514 1273 Τούτων
542 1216 636 1273 οὖν
671 1219 816 1271 οὕτω
846 1218 1233 1281 τελεσθέντων,
1276 1217 1567 1287 Γρηγορᾶς
1592 1212 1722 1267 τού-

130 1329 219 1364 ¹ιου
254 1310 521 1380 πενθερὸς
553 1311 692 1380 μετὰ
708 1310 1031 1374 Λέοντος,ὃν
1059 1310 1483 1381 Χοιροσφάκτην
1505 1307 1724 1377 ὠνόμασ

132 1404 240 1468 ζον,
275 1407 344 1473 τῇ
380 1404 535 1474 Ἀγίᾳ
561 1402 734 1473 Σοφίᾳ
761 1402 854 1455 τοῦ
880 1401 1015 1455 Θεοῦ
1044 1402 1310 1472 ἑκκλησία
1342 1400 1689 1471 προσέφυγον
1708 1413 1722 1427 ·

132 1496 221 1559 οὓς
249 1498 347 1549 καὶ
378 1496 472 1567 βίᾳ
520 1496 704 1547 ἐκεῖσε
761 1492 1188 1556 ἀποσπάσαντες
1224 1493 1530 1563 ἀπέκειραν
1561 1508 1726 1561 μονα-

134 1588 259 1658 χοὶος
294 1591 350 1641 ὲν
384 1589 449 1657 τῇ
505 1587 614 1639 τῶν
655 1586 907 1639 Στουδίου
940 1587 987 1619 ⁸⁵
1022 1588 1180 1656 μονῇ.
1232 1585 1644 1637 Κωνσταντῖνον
1671 1583 1728 1634 δὲ

133 1682 223 1733 τὸν
280 1679 559 1733 Ἐλαδικδν
588 1677 899 1749 βουνεύροις
928 1676 1199 1746 τύψαντες
1227 1677 1370 1747 ῥάκη
1400 1692 1460 1728 τε
1500 1674 1730 1744 περιδα-

135 1772 324 1835 λοντες
358 1772 457 1824 καὶ
494 1770 602 1839 ὄνῳ
632 1769 957 1833 καθίσαντες
995 1769 1084 1822 διά
1135 1768 1308 1839 μέσης
1361 1767 1464 1837 τῆς
1520 1765 1729 1829 πόλεως

136 1865 572 1936 ἑθριάμΰευσαν.
613 1864 706 1917 καὶ
728 1864 787 1915 ὲν
816 1866 882 1933 τῇ
916 1861 1011 1916 τοῦ
1038 1861 1324 1932 Δαλμάτου
1350 1860 1730 1928 ἀπαγαγόντες

140 1961 277 2027 μονῇ
338 1956 805 2024 ὲγκατάκλειστον
865 1957 931 2025 τῇ
1005 1953 1272 2024 καταδίκῃ
1338 1953 1728 2023 πεποιήκασιν.

138 2051 351 2104 Λέοντα
371 2050 430 2103 δὲ
459 2049 552 2102 τὸν
584 2047 972 2118 Κατακαλίτην
998 2048 1094 2100 καὶ
1136 2044 1493 2115 ’Δὸεσσαλὼμ
1521 2045 1612 2097 τὸν
1637 2042 1731 2097 τοῦ

150 2142 397 2212 ’Ᾱροτρᾶ
458 2140 913 2207 ὲκτυφλὼσαντες
974 2141 1034 2193 έν
1084 2138 1274 2209 ὲξορίᾳ
1336 2136 1731 2208 παρέπεμψαν.

141 2236 559 2288 Κωνσταντῖνον
584 2235 641 2288 δὲ
676 2234 768 2288 τὸν
795 2234 891 2287 τοῦ
921 2232 1245 2303 Εὐλαμπίου
1264 2231 1378 2285 υἱὸν
1404 2231 1498 2283 καὶ
1517 2230 1735 2300 ἐτέρους

144 2330 242 2381 σὺν
270 2326 427 2396 αὺτῷ
456 2324 706 2387 Φιλόθεος
756 2323 1004 2395 ὕπαρχος
1036 2326 1063 2377 ὁ
1093 2323 1189 2377 τοῦ
1235 2320 1536 2390 Δαμπούδη
1587 2322 1645 2373 ὲν
1671 2322 1735 2391 τῇ

141 2418 237 2471 τοῦ
296 2416 531 2471 ἱππικοῦ
569 2416 832 2487 σφενδόνῃ
880 2415 1179 2482 ἀπέτεμεν.
1216 2412 1293 2466 Οὐ
1348 2412 1542 2482 μικρὸν
1576 2409 1631 2463 δὲ
1657 2410 1737 2463 δι-

148 2506 584 2577 ερευνησάμενοι
609 2505 741 2577 περὶ
762 2505 978 2574 Νικήτα
998 2504 1303 2575 άσηκρῆτις
1331 2504 1423 2556 καὶ
1448 2504 1740 2557 Κωνσταν-

140 2600 295 2651 τίνου
326 2598 426 2651 τοῦ
485 2596 652 2661 Διὸὸς
693 2598 793 2667 οὐχ
837 2588 999 2667 εὖρον
1027 2598 1224 2659 αὐτοὺς
1251 2596 1326 2659 ὡς
1358 2595 1740 2666 χρησαμένους

144 2676 326 2761 ᾳυγῇ.
375 2689 481 2742 Τὸν
530 2688 588 2742 δὲ
631 2690 861 2759 Δίγίδην
893 2691 1103 2741 ἐκεῖνον
1159 2688 1256 2741 καὶ
1304 2689 1433 2749 τοὺς
1472 2687 1570 2739 σὺν
1592 2684 1743 2751 αὐτῷ

145 2780 387 2843 πολλοὺς
413 2780 512 2833 καὶ
542 2779 824 2850 ἀνδρείους
859 2780 1020 2842 ὄντας
1046 2779 1160 2854 ἀπό
1198 2796 1259 2832 τε
1294 2778 1391 2849 τῆς
1417 2779 1476 2833 ὲν
1528 2778 1743 2848 Χρυσο-

146 2871 307 2924 πόλει
361 2870 653 2940 δαμάλεως
692 2875 788 2925 καὶ
837 2870 1001 2942 μέχρι
1035 2870 1132 2925 τοῦ
1168 2871 1449 2925 Λευκάτου
1502 2870 1746 2939 διδύμοις

144 2962 333 3027 ξύλοκ
365 2963 575 3027 πάντας
603 2964 1044 3017 άνεσκολόπισεν.
1073 2963 1182 3017 Καὶ
1206 2963 1434 3026 πολλοὺς
1461 2962 1527 3016 ἂν
1555 2962 1663 3014 τῶν
1688 2963 1747 3013 ὲν

143 3055 297 3108 τέλει
328 3055 453 3107 τότε
477 3055 721 3125 ἀνηλεῶς
766 3057 863 3109 καὶ
892 3055 1152 3120 ἀναιτίως
1185 3056 1234 3109 oi
1280 3054 1566 3124 λεγόμενοι
1600 3047 1747 3106 οὗτοι

1896 1215 1951 1268 4.
1983 1216 2080 1270 His
2120 1218 2303 1287 itaque
2340 1232 2465 1271 eum
2496 1219 2547 1272 in
2575 1220 2797 1275 modum
2823 1224 3060 1289 peractis
3084 1264 3101 1291 ,
3131 1223 3403 1293 Gregoras

1826 1302 2173 1361 Constantini
2204 1322 2363 1362 socer
2393 1323 2519 1361 cum
2545 1307 2725 1364 Leone
2749 1312 3201 1382 Chmrospbacta,
3236 1329 3401 1384 quem

1830 1406 2049 1461 vocant,
2095 1399 2148 1451 in
2182 1409 2430 1455 sanctam
2470 1400 2564 1456 Dei
2616 1400 2900 1472 Sophiam,
2946 1405 3027 1461 sic
3073 1407 3272 1461 dictam
3312 1420 3404 1461 ec-

1830 1486 2078 1552 clesiam,
2112 1490 2513 1561 confugerunt;
2566 1507 2707 1561 quos
2761 1494 2886 1549 inde
2931 1497 2981 1550 vi
3021 1505 3294 1551 extractos
3348 1496 3403 1550 in

1833 1578 2008 1631 Studii
2061 1582 2400 1636 monasterio
2454 1584 2755 1639 monachos
2812 1584 3208 1651 detonderunt;
3252 1585 3402 1640 Con-

1832 1670 2135 1723 stantinum
2182 1685 2315 1725 vero
2368 1672 2650 1727 Eladicum
2700 1676 2889 1729 nervis
2938 1676 3159 1731 bubulis
3202 1692 3404 1732 ctesum

1833 1763 2144 1833 vilibusque
2192 1780 2258 1820 ac
2299 1767 2495 1823 laceris
2545 1767 2796 1823 vestibus
2844 1769 3095 1825 indutum
3141 1772 3407 1842 asinoquc

1836 1857 2152 1926 impositum
2207 1873 2305 1929 per
2354 1859 2588 1913 mediam
2649 1860 2841 1915 urbem
2908 1860 3278 1928 traducentes,
3351 1865 3409 1917 in

1836 1946 2096 2002 Dalmata)
2125 1949 2465 2004 monasterio
2496 1949 2603 2003 lata
2638 1949 2904 2004 sententia
2945 1951 3217 2006 inclusum
3248 1968 3411 2023 agere

1835 2053 2165 2100 statuerunt.
2200 2046 2437 2101 Leonem
2469 2061 2601 2100 vero
2630 2046 2988 2101 Catacalitem
3032 2055 3087 2102 et
3118 2046 3410 2101 Abessalo-

1837 2153 1961 2191 nem
1989 2138 2201 2191 Arotrze
2231 2137 2403 2192 filium
2434 2149 2738 2193 excmcatos
2761 2138 2815 2193 in
2844 2138 3095 2193 exsilium
3120 2137 3409 2194 miserunt.

1836 2230 2256 2286 Constantinum
2311 2230 2578 2301 Eulampii
2648 2232 2817 2286 filium
2872 2231 3119 2301 aliosque
3166 2246 3291 2287 cum
3348 2242 3415 2285 co

1840 2323 2164 2379 Philotheus
2223 2323 2532 2392 Lampudes
2591 2323 2742 2379 urbis
2800 2322 3091 2392 pra-fectus
3140 2322 3205 2377 ad
3265 2320 3415 2377 Circi

1840 2426 2041 2471 metam
2085 2415 2268 2486 gladio
2295 2416 2664 2470 obtrunéavit.
2701 2415 2777 2470 De
2820 2414 3008 2471 Niceta
3038 2431 3065 2470 a
3107 2414 3332 2472 secretis
3360 2422 3418 2469 et

1840 2509 2205 2564 Constantino
2262 2507 2397 2563 Libe
2444 2525 2554 2563 non
2595 2510 2793 2578 exigua
2852 2508 2995 2565 facta
3042 2508 3412 2580 perquisitio:

1845 2601 1987 2655 haud
2021 2613 2201 2656 tamen
2232 2602 2435 2656 inventi
2468 2612 2617 2667 sunt,
2654 2602 2799 2670 quod
2843 2600 2970 2672 fuga
3004 2603 3170 2658 saluti
3218 2617 3419 2657 consu-

1846 2692 2082 2749 luerant.
2116 2694 2371 2762 Egidam
2421 2708 2550 2749 vero
2606 2694 2787 2748 virum
2824 2694 3177 2764 spectabilem
3207 2692 3418 2750 socios-

1845 2802 1972 2856 que,
2016 2786 2111 2855 qui
2162 2786 2347 2854 plures
2404 2799 2469 2841 ac
2508 2785 2611 2841 viri
2665 2785 2834 2842 fortes
2888 2796 3093 2853 essent,
3137 2801 3168 2841 a
3217 2784 3422 2841 Damali

1849 2882 2037 2949 (vacca
2069 2878 2297 2948 scilicet)
2347 2892 2471 2948 qua:
2505 2887 2589 2933 est
2608 2876 2962 2947 Chrys0poli,
3009 2880 3074 2933 ad
3120 2877 3420 2933 Leucatum

1850 2985 2045 3039 usque,
2106 2969 2272 3039 lignis
2323 2969 2558 3038 geminis
2590 2970 2665 3039 (id
2694 2978 2779 3024 est
2830 2969 3024 3040 furcis)
3076 2983 3270 3023 omnes
3300 2983 3424 3024 sus-

1852 3061 2055 3128 pendit.
2117 3060 2523 3127 Procerumque
2569 3061 2757 3130 plures
2806 3074 2867 3113 ac
2910 3060 3169 3114 senatorii
3218 3058 3427 3112 ordinis

145 3150 454 3218 ἐπίτροποι
501 3147 853 3212 ἀπέκτειναν,
908 3150 957 3200 εί
997 3148 1073 3219 μή
1121 3163 1266 3211 τινες
1315 3147 1426 3199 τῶν
1473 3145 1737 3198 δικαστῶν

1852 3150 2001 3205 viros
2030 3166 2127 3219 per
2159 3151 2211 3205 id
2239 3161 2454 3219 tempus
2482 3158 2693 3204 tutores
2730 3150 2818 3204 isti
2852 3149 3075 3203 immani
3103 3148 3309 3203 saevitia
3338 3148 3393 3201 in

145 3239 242 3310 [P.
282 3236 421 3312 238]
460 3238 682 3302 τούτους
737 3241 837 3311 τῆς
896 3239 1084 3292 ἀδίκου
1141 3240 1320 3310 ὁρμῆς
1368 3237 1740 3306 ἀνεχαίτισαν,

142 3333 409 3395 εει-εόντες
434 3334 639 3398 αὐτοῖς,
669 3333 745 3395 ὡς
784 3332 1006 3398 Παιδὸς
1058 3331 1236 3397 ὄντος
1265 3329 1374 3385 τοῦ
1412 3328 1743 3395 βασιλέως,

142 3421 285 3490 πῶς
308 3424 389 3477 ἂν
407 3423 558 3477 ἄνευ
591 3422 704 3490 τῆς
739 3423 926 3477 αὑτοῦ
956 3424 1296 3488 κελεύσεως
1335 3420 1583 3476 τοιαῦτα
1615 3423 1749 3473 τολ-

136 3512 306 3583 μᾶτε
325 3513 831 3581 διαπράττεσθαι;
870 3514 982 3581 Τὴν
1026 3512 1123 3565 τοῦ
1158 3510 1351 3573 δουκδς
1392 3509 1486 3564 οὖν
1515 3511 1749 3579 γυναῖκα

140 3607 565 3677 ἁποκείραντες
620 3607 702 3670 είς
750 3607 841 3660 τὸν
895 3607 953 3658 ἑν
1001 3603 1354 3674 Παφλαγονίᾳ
1399 3598 1548 3656 οἷκον
1581 3602 1749 3670 αὐτῆς

143 3700 598 3768 ἐξαπέστειλαν,
655 3699 1071 3770 εὐνουχίσαντες
1137 3701 1232 3753 καὶ
1286 3698 1379 3752 τὸν
1422 3699 1537 3750 υίῦν
1579 3696 1751 3766 αὐτῆς

142 3795 223 3846 Στ
233 3793 442 3862 ἐφανον
450 3832 465 3845 .

229 3883 300 3938 ε’.
332 3882 636 3952 Αὐγούστῳ
664 3882 721 3935 δὲ
750 3881 881 3953 μηνὶ
908 3880 1134 3952 Συμεὼν
1154 3880 1538 3952 όΒουλγαρίας
1570 3882 1753 3953 ἄρχων

139 3976 580 4048 ἐκστρατεύσας
607 3976 749 4028 κατά
802 3973 1090 4044 Ῥωμαίων
1121 3976 1219 4029 σὺν
1265 3975 1411 4047 δχλῳ
1445 3977 1601 4046 βαρεῖ
1623 3992 1755 4029 κατ⁴

136 4069 366 4124 ἐλαϐεν
394 4071 495 4139 τὴν
524 4068 1121 4134 Κωνσταντινούπολιν,
1150 4069 1246 4121 καὶ
1277 4069 1342 4139 δὴ
1369 4068 1758 4139 παρακαθίσας

136 4163 309 4231 αὐτῇ
335 4160 561 4231 χάρακα
589 4160 913 4229 περιέϐαλεν
932 4160 1039 4214 ἀπό
1059 4178 1117 4214 τε
1134 4160 1451 4232 Βλαχερνῶν
1475 4161 1567 4214 καὶ
1593 4161 1757 4232 μέχρι

132 4253 263 4322 τῆς
298 4250 605 4321 λεγομένης
631 4251 853 4321 Χρυσῆς
896 4251 1125 4323 πόρτης,
1155 4252 1336 4305 ἐλπίσι
1382 4252 1656 4323 μετέωρος
1691 4248 1759 4323 ἦν

134 4344 233 4407 ὡς
260 4341 511 4412 ἀπονητὶ
540 4342 746 4413 ταύτην
772 4343 931 4398 ἑλεῖν.
952 4345 1105 4396 Ἐπεὶ
1130 4343 1189 4397 δὲ
1220 4345 1320 4415 τήν
1349 4362 1407 4397 τε
1438 4346 1547 4398 τῶν
1564 4347 1760 4415 τειχῶν

1854 3243 2161 3310 ηοτὶοειιυθ
2206 3242 2589 3311 perculissent,
2631 3242 2686 3294 ni
2715 3240 2960 3309 judicum
2988 3240 3211 3311 quidam
3242 3240 3309 3294 ab
3339 3240 3427 3294 in-

1851 3336 2004 3404 justo
2037 3350 2132 3389 eos
2157 3345 2353 3389 conatu
2384 3351 2449 3389 ac
2499 3343 2684 3390 mente
2708 3332 3087 3396 retraxissent,
3113 3347 3237 3387 cum
3278 3331 3399 3387 dice

1856 3437 1977 3481 rent
2003 3446 2017 3482 :
2046 3428 2186 3494 Quid
2214 3445 2332 3481 vero
2361 3445 2451 3483 vos
2502 3429 2819 3493 imperatore
2850 3425 3017 3496 385
3042 3425 3214 3479 adhuc
3267 3440 3430 3494 puero

1855 3521 2069 3606 ejusque
2100 3521 2309 3589 injuuu
2347 3522 2484 3574 talia
2518 3520 2726 3574 audetis
2769 3519 3027 3589 patrare?
3056 3517 3219 3571 Ducis
3246 3517 3434 3586 itaque

1859 3603 2086 3662 uxorem
2117 3608 2401 3663 detonsam
2435 3607 2489 3661 in
2526 3606 2672 3660 illius
2703 3603 2928 3659 domum
2979 3604 3033 3658 in
3069 3603 3431 3674 Paphlagonia

1859 3702 2220 3763 dimiserunt,
2291 3700 2522 3769 ejusque
2575 3699 2749 3753 lilium
2825 3698 3164 3768 Stephanum
3220 3708 3435 3754 castra-

1862 3800 2077 3845 verunt.

1932 3881 1983 3934 5.
2024 3881 2209 3936 Mense
2230 3879 2480 3950 Augusto
2507 3878 2747 3950 Symeon
2775 3876 3043 3948 Bulgaria:
3067 3876 3325 3946 princeps
3342 3890 3436 3930 ex-

1865 3974 2143 4045 peditione
2184 3975 2446 4029 adversus
2476 3972 2752 4026 Romanos
2788 3978 3038 4039 suscepta
3072 3984 3200 4023 cum
3246 3982 3438 4022 nume-

1865 4081 1994 4120 roso
2033 4063 2270 4130 fortique
2299 4062 2549 4117 exercitu
2598 4059 2812 4129 Cpolim
2868 4057 3051 4119 venit;
3101 4055 3441 4119 obsessaque

1866 4160 2001 4213 urbe
2032 4172 2095 4211 ac
2119 4155 2260 4209 vallo
2289 4170 2317 4207 a
2344 4152 2667 4207 Blacheruis
2702 4151 2769 4205 ad
2800 4149 3064 4218 Chrysem
3088 4153 3303 4215 portam
3334 4144 3437 4197 du-

1867 4257 1979 4313 cto,
2017 4247 2163 4301 illius
2203 4245 2352 4300 facili
2382 4243 2603 4315 negatio
2634 4240 2913 4311 potiunda:
2954 4254 3048 4308 spe
3096 4238 3273 4291 elatus
3302 4243 3439 4289 erat.

1870 4342 2157 4410 l’erspecta
2189 4348 2375 4392 tamen
2422 4336 2686 4391 tumuiqu
2732 4331 2989 4387 firmitate
3039 4329 3334 4399 populique
3380 4341 3443 4380 ac

130 4435 492 4506 κατέμαθεν
540 4435 845 4506 ὀχυρότητα
893 4437 991 4505 τήν
1034 4453 1095 4489 τε
1131 4438 1195 4491 ἐκ
1244 4435 1339 4489 τοῦ
1374 4437 1613 4508 πλήθους
1667 4456 1736 4492 κα

1873 4433 2338 4505 prtesidiariorum
2365 4428 2716 4484 multitudine
2736 4439 2946 4480 necnon
2970 4423 3288 4477 balistarum
3311 4419 3445 4473 alio-

129 4529 275 4581 τῶν
320 4525 561 4580 ὁπλιτῶν
616 4527 709 4579 καὶ
751 4526 862 4579 τῶν
926 4527 1272 4595 πετροὸόλων
1327 4528 1420 4581 καὶ
1469 4528 1733 4593 τοξοὸὀλω

1842 4541 2111 4596 ιτυιιιιιιιε
2165 4525 2349 4579 omnis
2398 4523 2618 4594 generis
2661 4526 3063 4575 tormentorum
3112 4514 3291 4583 copia.
3350 4526 3450 4580 spe

127 4620 429 4689 ὀργάνων
464 4618 790 4686 ἀσφάλειαν,
822 4618 932 4671 τῶν
985 4618 1216 4672 ἐλπίδων
1240 4620 1465 4689 σφαλεὶς
1490 4622 1548 4673 ὲν
1575 4621 1656 4692 τῷ
1686 4621 1737 4674 λε

1870 4619 2166 4674 frustratus
2195 4616 2262 4671 ad
2304 4614 2642 4669 Hebdomum
2671 4610 2895 4673 recedit,
2931 4607 3083 4678 pacis
3121 4604 3325 4660 fmdera
3358 4619 3449 4673 ρο-

129 4714 402 4785 γομένῳ
441 4712 689 4783 Ἑϐδόμῳ
719 4711 1078 4783 ὑπέστρεψεν,
1111 4714 1389 4785 εἰρηνικάς
1426 4714 1659 4778 σπονδάς
1694 4733 1737 4768 αι

1875 4723 2015 4765 tens.
2059 4706 2186 4761 Fuit
2222 4722 2309 4761 res
2343 4704 2621 4759 tutoribus
2670 4699 3022 4769 gratissima;
3068 4696 3382 4763 missusque
3418 4708 3447 4744 a

126 4808 515 4880 τησάμενος.
542 4807 663 4858 Τῶν
690 4806 748 4859 δὲ
779 4806 1093 4875 ἐπιτρόπων
1112 4807 1492 4878 ἀσμενέστατα
1517 4809 1737 4876 ἁποδεξε

1875 4804 2146 4873 Symeone
2190 4801 2337 4854 illius
2395 4799 2653 4860 magister
2703 4793 3050 4854 Theodorus,
3095 4790 3189 4858 qui
3218 4785 3286 4840 de
3318 4798 3449 4854 pace

129 4878 388 4976 μένων,
423 4899 750 4953 ἀποστέλλει
782 4899 1008 4971 Συμεὼν
1037 4899 1312 4968 Θεόδωρον
1342 4902 1647 4971 μάγιστρον
1674 4903 1737 4955 αύ

1871 4900 2297 4967 colloqueretur.
2329 4890 2590 4946 Nicolaus
2625 4902 2755 4942 vero
2791 4883 3101 4955 patriarcha
3136 4888 3189 4934 et
3216 4878 3450 4976 Stepha:

122 4966 251 5051 τοῦ
292 4992 641 5063 συλλαλῆσαι
669 4993 739 5046 τά
764 4966 1137 5064 τῆςνείρήνης.
1183 4966 1603 5065 ’Ᾰναλαόόμενοί
1649 5013 1707 5047 τε

1879 5008 1983 5046 nus
2010 4966 2064 5044 et
2092 4987 2335 5042 Joannes
2367 4984 2627 5054 magister
2670 4986 2955 5046 assumpto
2992 4975 3349 5042 imperatore,
3382 4966 3451 5021 ad

118 5109 201 5145 τε
245 5060 630 5157 πατριάρχης
660 5060 926 5150 Νικόλαος
947 5060 1049 5139 καὶ
1072 5060 1355 5155 ἽΣτέφανος
1378 5060 1473 5140 καί.
1518 5088 1736 5157 Ἰωάννη

1877 5086 2209 5142 Blaeheruas
2255 5094 2430 5148 usque
2477 5073 2709 5146 profecti
2747 5070 2940 5125 ambos
2972 5063 3264 5137 Symeonis
3311 5060 3452 5161 ﬁlios

118 5192 161 5241 ὁ
585 5151 683 5233 τὸν
716 5178 943 5249 βασιλέα
993 5173 1159 5250 ἦλθον
1194 5151 1357 5251 μέχρι
1384 5178 1496 5231 τῶν
1526 5151 1737 5249 Βλαχερ

1880 5180 2303 5235 introduxerunt
2326 5187 2389 5226 ac
2418 5185 2542 5225 cum
2586 5169 2917 5235 imperatore
2946 5160 3002 5215 iu
3033 5156 3232 5228 palatio
3278 5151 3453 5223 epulis

120 5282 297 5343 νῶν,
334 5275 439 5329 καὶ
468 5274 763 5345 εἰσήγαγον
788 5273 913 5335 τοὺς
942 5272 1038 5326 δύο
1058 5272 1207 5335 υἱοὺς
1242 5272 1338 5326 τοῦ
1372 5273 1619 5342 Συμεὼν,
1679 5292 1737 5328 κο

1881 5276 2233 5340 acceperunt.
2313 5264 2537 5319 Nicolao
2606 5256 2921 5330 patriarcha
2991 5252 3059 5306 ad
3126 5247 3450 5319 Symeouetu

122 5340 626 5439 συνεστιάθησαν
656 5340 735 5436 τῷ
764 5365 974 5437 βασιλεῖ
996 5367 1053 5418 ὲν
1095 5365 1173 5435 τῷ
1203 5340 1472 5436 παλατίῳ.
1505 5366 1737 5420 Νικόλαο

1879 5378 2123 5437 egresso,
2178 5361 2268 5415 ille
2290 5365 2453 5428 caput
2486 5356 2534 5410 ei
2581 5351 2827 5407 modeste
2873 5342 3183 5407 inclinavit;
3226 5340 3456 5443 fusaque

119 5468 195 5522 δὲ
234 5466 281 5521 ό
338 5437 697 5531 πατριάρχης
718 5457 908 5529 ἐξῆλθε
937 5456 1075 5527 πρὸς
1099 5458 1346 5528 Συμεὼν,
1382 5449 1534 5525 ᾧτινι
1564 5457 1661 5528 τὴν
1686 5474 1737 5510 κε

1880 5472 2047 5526 super
2090 5468 2213 5508 eum
2268 5448 2600 5518 precatione,
2650 5439 2958 5499 stemmatis
2998 5437 3121 5489 loco
3150 5437 3346 5502 capitis
3371 5437 3454 5533 sui

122 5557 372 5633 φαλὴν
718 5526 963 5623 Συμεών.
1020 5526 1199 5623 Εὖχὴν
1227 5552 1321 5606 οὖν
1351 5553 1380 5604 ὁ
1430 5526 1737 5624 πατριάρχη

1882 5550 2281 5620 Operimeutum
2319 5542 2440 5613 ejus
2476 5538 2662 5610 capiti,
2694 5545 2754 5589 ut
2784 5533 2990 5593 ferunt,
3024 5526 3332 5626 patriarcha
3374 5526 3457 5576 in.

122 5626 429 5723 ποιήᾷας
459 5647 583 5701 ἀντὶ
612 5645 944 5717 στέμματος,
975 5643 1051 5711 ῶς
1087 5663 1241 5714 φασι,
1274 5649 1335 5700 τὸ
1364 5646 1559 5701 ἑαυτοῦ
1615 5649 1737 5718 ὲπιῤ

1880 5645 2033 5715 jecit.
2065 5638 2435 5711 Amplissimis
2462 5637 2645 5706 itaque
2676 5626 3070 5696 immensisque
3101 5630 3311 5688 exccpu
3340 5632 3457 5670 mu-

1488 5740 1717 5797 VAIll/E
1762 5737 2151 5796 LECTIONES.

224 5845 291 5875 υ
340 5836 621 5891 Στουδίων
651 5836 712 5903 1‘,
743 5839 992 5892 Στουόἱου
1035 5855 1237 5908 margo.
