4154 6450
772 396 877 460 493

1859 384 2364 447 TIIEOPHANES
2404 382 2960 443 CONTINUATUS.

3912 374 4014 439 404

769 503 992 560 neribus
1027 501 1261 573 Symeou
1294 513 1359 553 ac
1401 496 1520 562 tilii,
1582 511 1705 552 cum
1753 497 1818 549 de
1868 509 2001 564 pace
2048 496 2188 549 inter
2244 507 2339 547 eos

2462 492 2732 561 Ειπτάριον
2787 491 2851 556 τῇ
2897 487 3064 542 αὐτοῦ
3113 488 3339 540 ἐπέθετο
3394 488 3623 558 κεφαλῇ.
3680 488 3884 560 Δώροις
3921 489 4014 543 οὖν

771 612 881 651 non
920 596 1054 651 satis
1091 591 1457 655 convenisset,
1508 589 1563 643 in
1604 585 1837 658 patriam
1884 586 2219 655 domumque
2262 601 2344 640 re-

770 688 1007 744 dierunt.

841 955 1007 1024 386
1039 952 1090 1006 6.
1124 947 1484 1005 Constantino
1506 945 1669 1016 igitur
1703 942 2050 1010 imperatore,
2076 935 2222 990 velut
2250 936 2341 1005 qui

774 1063 907 1117 puer
954 1052 1125 1108 esset,
1173 1050 1401 1096 matrem
1453 1051 1608 1094 suam
1653 1031 1949 1089 identidem
2006 1027 2341 1099 requirente,

773 1155 938 1210 quam
993 1135 1297 1191 Alexander
1322 1132 1523 1185 dudum
1556 1130 1678 1182 aula
1710 1126 1963 1194 ejecerat,
2005 1137 2125 1177 eam
2157 1134 2346 1175 rursus

775 1234 829 1286 in
854 1231 1114 1301 palatium
1140 1231 1416 1279 revocant.
1445 1220 1647 1275 Rerum
1673 1220 1855 1288 itaque
1880 1214 2050 1285 potita
2079 1221 2346 1279 nactaque

777 1323 1017 1377 civilium
1073 1314 1629 1374 administrationem,
1668 1306 2087 1362 Constantinum
2121 1300 2345 1357 accubi-

776 1425 949 1467 torem
1002 1420 1055 1465 et
1100 1407 1519 1463 Constantinum
1564 1398 2024 1464 Auastasiumquc
2061 1404 2348 1462 germanos

777 1511 977 1563 fratres
1001 1503 1301 1571 Gongulios
1326 1506 1548 1550 vocatos
1579 1495 1632 1546 in
1666 1491 1846 1545 aulam
1879 1485 2111 1542 accersit
2139 1501 2155 1550 ;
2182 1481 2348 1536 Joan-

778 1603 970 1668 nisque
1011 1580 1197 1648 Elatiae
1246 1578 1501 1668 consilio,
1549 1581 1841 1638 Alexandri
1877 1576 2224 1648 imperatoris
2263 1590 2351 1629 as-

778 1691 953 1746 scclas
1006 1703 1070 1743 ea
1127 1665 1412 1743 removet,
1467 1677 1735 1733 Joannem
1796 1680 2066 1725 rectorem
2098 1707 2112 1731 ,
2163 1668 2350 1734 sicque

778 1791 1156 1852 nuncupatum
1198 1772 1611 1842 Gabrilopulum
1660 1755 1716 1822 et
1754 1752 2046 1818 Basilitien
2079 1756 2344 1827 aliosque.
2404 1764 2411 1771 ’

2444 580 2705 650 ἀμέτροις
2729 579 2821 631 καὶ
2851 577 3125 648 μεγίστοις
3150 577 3630 647 φιλοφρονηθέντες
3652 578 3679 631 ὃ
3707 595 3767 629 τε
3797 578 4019 646 Συμεὼν

2445 673 2540 727 καὶ
2568 674 2615 725 οἰ
2664 671 2857 724 τούτου
2897 670 3005 723 υίοὶ
3063 672 3142 732 εἰς
3180 669 3277 739 τὴν
3326 669 3460 721 ἰδίαν
3522 668 3706 738 χώραν
3759 669 4021 735 ὑπέστρε-

2444 763 2581 831 ψαν,
2606 761 2927 831 ἀσύμφωνοι
2981 761 3073 812 ἐπὶ
3101 762 3167 830 τῇ
3190 760 3455 831 εἰρημένῃ
3500 759 3690 831 εἰρήνῃ
3742 758 4023 812 διαλυθέν-

2456 884 2554 915 σε».

2522 943 2596 1008 ς’.
2631 942 2739 996 Τοῦ
2792 943 3056 1013 βασιλέως
3110 937 3203 995 οὖν
3239 942 3649 995 Κωνσταντίνου
3691 946 3787 1000 ἆτε
3831 941 4021 1003 παιδὸς

2446 1038 2596 1099 ὄντος
2626 1038 2723 1089 καὶ
2762 1038 2861 1107 τὴν
2900 1036 3036 1088 ἰδίαν
3092 1036 3301 1106 μητέρα
3338 1035 3721 1105 ἐπιζητοῦντος,
3760 1034 3880 1103 (ἥδη
3913 1036 4021 1105 γὰρ

2446 1128 2651 1197 ταύτην
2684 1126 3391 1196 κατήγαγενιἊλέξανδρος
3437 1128 3464 1176 ὁ
3504 1123 3800 1194 βασιλεὺς),
3826 1123 4023 1177 ἀναϐι-

2448 1216 2706 1281 ϐάζουσιν
2741 1216 2912 1285 αὐτὴν
2964 1216 3146 1269 πάλιν.
3178 1214 3325 1283 Α’ύτη
3355 1210 3448 1267 οὗν
3500 1201 3839 1283 περικρατῆς
3866 1230 4025 1281 γενο-

2451 1310 2585 1379 μένη
2617 1309 2714 1378 τῆς
2749 1308 3027 1377 βασιλείας
3059 1306 3381 1369 ἀναϐιϐάζει
3412 1306 3487 1366 εἰς
3508 1305 3566 1355 τὸ
3586 1303 3848 1357 παλάτιον
3880 1305 4027 1355 Κων-

2454 1402 2731 1452 σταντῖνον
2767 1396 3266 1469 παρακοιμώμενον
3312 1398 3407 1451 καὶ
3464 1398 3877 1450 Κωνσταντῖνον
3934 1395 4027 1447 καὶ

2461 1490 2811 1545 Ἀναστάσιον
2858 1490 3224 1559 αύταδέλφους
3275 1491 3404 1551 τοὺς
3436 1490 3762 1558 Γογγυλίους
3797 1487 4029 1555 λεγομέ-

2450 1598 2605 1647 νους·
2642 1583 2737 1635 καὶ
2789 1584 2855 1652 τῇ
2890 1581 3053 1652 βουλῇ
3100 1580 3349 1635 Ἰωάννου
3404 1580 3495 1633 τοῦ
3558 1580 3754 1633 Ἔλαδᾶ
3798 1578 4029 1631 καταϐι-

2451 1672 2675 1735 ϐάζουσι
2733 1674 2857 1734 τοὺς
2911 1671 3145 1733 οἰκείους
3195 1670 3290 1724 τοῦ
3358 1670 3707 1740 Ἀλεξάνδρου
3738 1668 4028 1739 βασιλέως,

2466 1765 2718 1834 Ἰωάννην
2766 1764 2856 1817 τὸν
2886 1763 3168 1834 ῥαίκτωρα
3201 1763 3295 1815 καὶ
3321 1762 3412 1815 τὸν
3440 1762 3732 1831 λεγόμενον
3767 1758 4032 1827 Γαϐριλό-

776 1880 949 1934 Porro
977 1875 1220 1941 Augusta
1247 1864 1593 1922 Dominicum
1649 1855 2057 1913 hetaeriarcbam
2104 1852 2347 1922 prmticit.

2462 1856 2651 1909 πουλον
2678 1857 2771 1909 καὶ
2814 1855 3139 1923 Βασιλίτζην
3174 1856 3265 1908 καὶ
3295 1854 3421 1917 τοὺς
3450 1855 3692 1917 λοιπούς.
3746 1851 4034 1925 Προχειρί-

778 1970 1033 2039 Magister
1063 1963 1259 2019 Eladas
1276 1958 1466 2016 morbo
1495 1961 1775 2021 correptus
1799 1964 1861 2004 ac
1884 1964 1911 2003 a
1940 1944 2163 2000 medicis
2185 1942 2353 2011 depo-

779 2034 940 2125 situs,
965 2075 995 2115 e
1018 2057 1221 2128 palatio
1246 2052 1506 2109 secedens
1524 2048 1589 2102 ad
1616 2043 1947 2098 Blachernas
1972 2037 2139 2100 venit,
2171 2034 2353 2103 ibique

780 2154 971 2210 morbo
1020 2126 1433 2219 ingravescente
1487 2140 1598 2194 fato
1648 2137 1871 2190 functus
1919 2139 2025 2186 est.
2081 2126 2352 2182 Dominici

782 2222 1155 2303 lietaz'riarcliaz
1205 2235 1437 2293 consilio
1497 2231 1605 2284 Zoe
1648 2228 1931 2283 Nicolaum
1987 2219 2353 2292 patriarcham

779 2356 905 2400 cum
956 2337 1072 2393 suis
1111 2333 1233 2387 aula
1288 2326 1551 2385 removet,
1618 2316 1904 2377 irascentis
1965 2312 2146 2383 specie
2198 2323 2353 2364 suam

779 2434 956 2504 ipsius
994 2429 1191 2501 jubens
1241 2434 1431 2476 curare
1491 2414 1801 2469 ecclesiam.
1853 2407 1964 2463 Nec
2014 2404 2187 2475 multo
2235 2407 2357 2469 post

779 2495 1175 2583 donstantiuus
1201 2512 1488 2571 accubitor
1541 2503 1889 2559 Dominicum
1944 2495 2354 2552 betariarcham

779 2617 923 2688 apud
953 2616 1251 2681 Augustam
1280 2609 1527 2664 accusat,
1557 2607 1617 2652 ut
1644 2598 1736 2665 qui
1772 2606 1958 2648 rerum
2000 2600 2271 2645 summam
2303 2584 2355 2636 in

781 2678 1008 2767 fratrem
1042 2678 1204 2762 suum
1232 2697 1533 2755 transferre
1570 2691 1856 2761 cdgitaret.
1900 2681 2165 2738 Simulate
2194 2678 2360 2746 igitur

783 2802 1000 2877 patricii
1069 2798 1333 2869 dignitate
1367 2798 1650 2845 ornantes.
1677 2798 1799 2839 cum
1840 2794 1907 2833 ex
1941 2791 2094 2831 more
2125 2773 2178 2827 in
2221 2780 2358 2824 tem-

787 2898 934 2963 plum
972 2891 1228 2964 precibus
1266 2880 1726 2941 communiendus
1759 2868 2158 2928 descendisset,
2211 2860 2361 2916 domi

787 2959 1013 3047 manere
1048 2987 1283 3055 jussere.
1324 2978 1456 3047 Ejus
1503 2975 1626 3029 loco
1655 2967 1899 3041 prafecit
1929 2963 2038 3017 Zoc
2074 2959 2361 3013 foederato-

783 3098 907 3139 rum
951 3079 1147 3135 turmis
1197 3074 1461 3128 Joannem
1512 3064 1804 3125 Garidam;
1856 3055 2182 3111 Damianum
2233 3059 2362 3100 vero

786 3173 1098 3230 eunuchum
1127 3164 1482 3221 excubiarum
1514 3154 1869 3225 drungarium
1904 3146 2135 3203 creavit.
2178 3137 2360 3196 Domi-

789 3268 952 3323 uicus

791 3357 953 3426 cepit.

865 3535 917 3589 7.
947 3535 1218 3589 Caeterum
1252 3530 1520 3598 Symeoue
1559 3521 1790 3589 Bulgaro
1837 3516 2034 3569 iterum
2066 3506 2363 3563 Thraciam

791 3627 1109 3684 infestante,
1134 3623 1377 3691 Augusta
1409 3615 1571 3686 387
1598 3608 2025 3682 proceribusque
2048 3603 2226 3656 anxiis
2255 3610 2365 3668 quo

792 3731 954 3788 pacto
987 3713 1233 3770 hominis
1258 3707 1628 3778 arrogantiam
1668 3704 2102 3768 compescerent,
2153 3691 2367 3760 rogavit

790 3814 1031 3868 Joannes
1063 3808 1240 3877 Bogas
1299 3811 1359 3856 ut
1391 3798 1656 3870 patricius
1705 3803 2003 3855 crearetur,
2041 3788 2366 3841 Patzinacas

792 3904 1053 3959 adversus
1083 3913 1205 3952 cum
1228 3910 1295 3950 se
1321 3893 1719 3955 conductorum
1749 3884 2043 3954 pollicitus.
2067 3878 2192 3933 Voti
2217 3892 2367 3931 com-

795 4008 896 4063 pos
945 3989 1195 4050 ell'ectus,
1251 3981 1601 4053 acceptisque
1654 3974 1996 4035 muneribus,
2033 3972 2100 4025 ad
2133 3984 2229 4024 eos
2265 3968 2368 4021 iter

797 4058 1101 4136 contendit.
1133 4076 1209 4129 Ac
1243 4086 1374 4128 vero
1414 4071 1522 4124 icto
1556 4067 1782 4133 ftedere,
1838 4063 2074 4133 indeque
2125 4058 2367 4127 acceptis

794 4172 1102 4234 obsidibus,
1138 4183 1263 4222 cum
1298 4165 1407 4219 illis
1438 4165 1491 4217 in
1535 4162 1726 4216 urbem
1759 4158 1940 4220 rediit,
1979 4152 2368 4209 Patzinacibus

796 4263 1126 4320 transmisso
1152 4261 1292 4314 Istro
1321 4256 1651 4329 Symeonem
1685 4268 1744 4306 se
1781 4250 2156 4305 debellaturos
2208 4246 2369 4316 polli-

794 4356 1067 4411 centibus.
1102 4350 1261 4404 Venit
1287 4363 1413 4403 vero
1451 4346 1619 4400 etiam
1654 4358 1721 4398 eo
1771 4353 2017 4410 tempore
2069 4339 2121 4393 in
2171 4337 2365 4392 urbem

794 4446 1037 4508 Asotius,
1082 4443 1166 4496 vir
1193 4439 1409 4495 roboris
1458 4437 1603 4491 fama
1639 4433 2051 4496 celeberrimus,
2104 4429 2367 4500 principis

2456 1949 2607 2012 ζεται
2629 1949 2737 2017 δὲή
2766 1946 3053 2013 Αύγούστα
3076 1947 3361 2016 Δομίνικον
3416 1946 3824 2015 ἑταιρειάρχην.
3849 1944 4034 2009 May:-

2458 2057 2618 2112 στρος
2651 2040 2707 2094 δὲ
2736 2041 2765 2093 ὁ
2810 2037 3035 2101 Ἐλαδᾶς
3064 2041 3205 2107 νόσῳ
3233 2038 3558 2107 προσπεσὼν
3594 2039 3686 2090 καὶ
3718 2039 4032 2105 ἀπαγορευ-

2457 2133 2571 2192 Θεὶς
2598 2132 2745 2200 παρά
2797 2132 2906 2183 τῶν
2968 2131 3197 2201 ἰατρῶν,
3237 2128 3515 2183 κατελθὼν
3545 2132 3610 2183 ὲκ
3641 2127 3734 2181 τοῦ
3763 2128 4030 2181 παλατίου

2457 2226 2551 2275 καὶ
2571 2223 2629 2273 ἐν
2655 2224 2773 2281 ταῖς
2824 2221 3159 2290 Βλαχέρναις
3188 2220 3655 2289 παραγενόμενος,
3688 2218 3790 2272 ὑπὸ
3819 2216 3921 2287 τῆς
3951 2217 4037 2270 νό-

2458 2330 2552 2366 σου
2584 2313 2870 2382 βαρυνθεὶς
2902 2312 3148 2382 τελευτᾷ.
3200 2312 3489 2383 Συμϐουλῇ
3549 2311 3841 2378 Δομινίκου
3886 2310 4037 2362 ἐται-

2461 2406 2713 2476 ρειάρχου
2779 2404 3138 2469 καταϐιϐάζει
3188 2405 3310 2475 Ζωὴ
3359 2404 3627 2457 Νικόλαον
3686 2400 4039 2470 πατριάρχην

2459 2498 2575 2566 ἅμα
2600 2498 2714 2560 τοῖς
2742 2498 2857 2567 μετ’
2887 2497 3074 2559 αὑτοῦ,
3110 2497 3226 2566 μετ’
3254 2496 3426 2568 ὀργῆς
3454 2496 3520 2548 τά
3541 2495 3641 2563 τῆς
3674 2494 3809 2554 ἰδίας
3842 2495 4044 2558 ἐκκλη-

2461 2588 2917 2659 σίαςφροντίζειν
2949 2589 3032 2660 [Ρ.
3063 2589 3191 2662 239]
3214 2590 3461 2642 εἰποῦσα.
3496 2586 3619 2661 [ού]
3651 2586 3785 2640 Μετ’
3813 2586 3874 2638 οὔ
3902 2586 4040 2637 πολὺ

2460 2685 2872 2746 Κωνσταντίνος
2904 2682 3401 2754 παρακοιμώμενος
3440 2681 3713 2735 διαϐάλλει
3739 2682 3805 2749 τῇ
3831 2679 4043 2744 Αὐγού-

2462 2790 2565 2847 στῃ
2597 2776 2884 2844 Δομίνικον
2916 2777 3301 2845 ὲταιρειάρχην
3337 2775 3414 2835 ὡς
3456 2774 3555 2843 τὴν
3580 2773 3861 2843 βασιλείαν
3910 2789 4046 2840 σφεα

2462 2866 2811 2936 τεριζὸμενον
2842 2866 2923 2929 είς
2946 2866 3037 2918 τὸν
3069 2864 3265 2919 ἑαυτοῦ
3317 2863 3568 2933 ἀδελφόν.
3605 2864 3712 2916 Καὶ
3740 2863 3933 2915 τοῦτον
3984 2864 4045 2915 ὲν

2465 2958 2735 3026 προφάσει
2765 2956 3050 3026 πατρίκιον
3081 2957 3425 3024 ποιήσαντες,
3448 2955 3777 3008 κατελθόντα
3814 2957 3894 3014 εἰς
3944 2955 4047 3024 τὴν

2464 3049 2783 3118 ἐκκλησίαν,
2813 3048 2888 3111 ὡς
2918 3048 3059 3113 ἔθος,
3096 3049 3259 3118 εὐχὴν
3284 3048 3488 3105 λαϐεῖν.
3524 3048 3661 3100 οἴκοι
3691 3046 3875 3115 μένειν
3896 3062 4047 3115 παρ-

2465 3139 2840 3203 εκελεύσαντο,
2874 3138 3203 3207 προεϐάλετο
3233 3139 3288 3191 δὲ
3314 3138 3433 3208 Ζωὴ
3478 3138 3727 3207 Ἰωάννην
3754 3136 3845 3189 τὸν
3878 3137 4051 3206 Γαρι-

999 3206 1098 3225 ιυ...
1127 3206 1482 3221 "suum.-."
1517 3206 1743 3225 ____,o,,,

999 3262 1202 3317 frustra
1244 3258 1434 3327 lugens
1477 3267 1539 3305 ac
1582 3248 1856 3318 quiritans
1909 3240 2131 3295 domum
2175 3249 2234 3290 se
2255 3245 2360 3285 vre-

2464 3220 2560 3285 δΞιν
2590 3206 2974 3301 έταιρειάρχην
3017 3232 3109 3283 καὶ
3144 3206 3699 3299 Δαμιανδνήεύνοῦχον
3726 3228 3827 3296 τῆς
3859 3227 4051 3297 βξγλης

2374 3398 2380 3408 Ι
2463 3325 2840 3395 δρουγγάριον.
2874 3323 3160 3393 Δομίνικος
3189 3322 3245 3374 δὲ
3274 3320 3519 3392 ἀπῆλθεν
3543 3322 3600 3372 ὲν
3626 3319 3702 3390 τῷ
3728 3320 3864 3389 οἴκῳ
3884 3320 4053 3372 αὑτοῦ

2465 3417 2699 3485 ἀνόνητα
2729 3415 3149 3484 ὀλοφυρόμενος.

2542 3507 2605 3572 ζ’.
2637 3506 2744 3560 Τοῦ
2776 3508 2832 3561 δὲ
2862 3508 3171 3583 Βουλγάρου
3206 3505 3433 3576 Συμεὼν
3482 3508 3583 3578 τὴν
3610 3506 3836 3577 Θρᾴκην
3883 3505 4054 3556 πάλιν

2465 3601 2813 3672 ληῖζομένου,
2844 3602 2901 3654 ὲν
2954 3600 3198 3670 φροντίδι
3233 3598 3400 3667 ούσης
3444 3602 3546 3670 τῆς
3597 3598 3922 3667 Αύγούστης
3957 3601 4056 3649 καὶ

2465 3694 2575 3746 τῶν
2604 3695 2662 3746 ὲν
2686 3692 2829 3745 τέλει
2878 3694 3026 3754 ὅπως
3055 3692 3219 3744 αὑτὸν
3258 3692 3357 3760 τῆς
3388 3690 3710 3755 ἀλαζονείας
3742 3688 4055 3751 παύσωσιν,

2466 3783 2975 3857 ῂτήσατοἸωάννης
3014 3785 3041 3836 ὁ
3077 3778 3248 3850 Βογᾶς
3283 3782 3536 3850 γενέσθαι
3572 3782 3884 3851 πατρίκιος,
3916 3782 4057 3833 ὑπο-

2469 3878 2731 3947 σχόμενος
2796 3875 2916 3928 κατ’
2949 3874 3114 3927 αὑτοῦ
3166 3875 3395 3943 ἀγαγεῖν
3428 3874 3793 3937 Πατζινάκας.
3823 3873 3938 3941 Τῆς
3972 3874 4061 3925 αἱ-

2469 3966 2679 4036 τήσεως
2707 3964 2761 4017 δὲ
2793 3963 2969 4034 τυχὼν
2986 3963 3137 4033 δῶρά
3159 3978 3221 4014 τε
3253 3961 3436 4015 λαϐὼν
3466 3963 3546 4025 εἰς
3566 3960 3663 4032 τὴν
3696 3957 4059 4021 Πατζινάκων

2468 4058 2635 4129 ἀπῄει
2667 4056 2852 4126 χώραν
2872 4072 2886 4087 ·
2917 4056 3007 4109 καὶ
3037 4056 3100 4126 δὴ
3139 4056 3526 4125 σπεισάμενος,
3568 4054 3813 4129 δμήρους
3840 4050 4061 4104 ἐκεῖθεν

2469 4122 2649 4203 λαϐὼν
2670 4122 2893 4217 ⁷ίγγαγεν
2922 4149 2980 4199 ἐν
3000 4149 3065 4216 τῇ
3090 4122 3272 4209 πόλει,
3307 4122 3649 4212 συνθεμένων
3694 4143 4061 4206 Πατζινάκων

2469 4243 2798 4312 διαπερᾶσαι
2828 4240 3040 4292 καὶτὸν
3102 4237 3329 4308 Συμεὼν
3380 4234 3855 4305 καταπολεμῆσαι.
3907 4235 4064 4303 Παρ-

2471 4332 2687 4400 εγένετο
2730 4329 2788 4380 δὲ
2814 4328 2933 4380 τότε
2960 4330 3019 4380 ὲν
3051 4331 3117 4397 τῇ
3150 4326 3299 4379 πόλει
3345 4325 3440 4378 καὶ
3480 4324 3760 4388 Ἀσώτιος,
3790 4322 3935 4392 ἀνὴρ
3964 4322 4062 4373 ἐπὶ

2473 4422 2635 4494 ῥώμῃ
2666 4420 3113 4490 ὀνομαστότατος,
3158 4418 3276 4481 υίὸς
3307 4416 3382 4470 ὢν
3414 4416 3509 4469 τοῦ
3540 4417 3795 4485 ἄρχοντος
3822 4414 3933 4466 τῶν
3962 4414 4065 4483 ἀρ-

795 4536 1101 4605 principum
1142 4532 1305 4585 filius.
1340 4528 1614 4582 Ferebant
1666 4525 1878 4595 virgam
1916 4522 2172 4584 ferream,
2206 4520 2362 4589 cujus

2473 4515 2699 4585 χόντων,
2730 4514 2790 4566 ὃν
2819 4529 2951 4579 φασι
2985 4512 3213 4582 σιδηρᾶν
3238 4509 3433 4581 ῥάϐδον
3466 4512 3530 4561 ἐκ
3556 4509 3665 4560 τῶν
3711 4507 3900 4574 ἄκρων
3926 4508 4065 4559 ἑκα-

795 4640 1039 4685 cxtrema
1070 4625 1327 4679 manibus
1353 4629 1583 4686 teneret,
1627 4634 1734 4688 qua
1763 4617 1999 4687 pollebat
2044 4615 2244 4669 eximia
2290 4613 2365 4679 vi,

797 4738 958 4795 posse
1009 4719 1286 4775 inflectere
1322 4718 1483 4784 inque
1516 4710 1978 4799 circulilformam
2032 4709 2368 4783 intorquere,

797 4817 925 4871 l'erri
954 4814 1218 4868 nimirum
1242 4809 1444 4864 duritie
1466 4807 1613 4860 illius
1634 4796 1893 4858 manuum
1921 4800 2102 4855 robori
2124 4796 2369 4852 cedente:

797 4908 955 4961 llunc
984 4906 1228 4973 Augusta
1259 4901 1567 4955 venientem
1599 4894 1770 4949 multo
1805 4893 2013 4947 honore
2042 4889 2284 4957 suscepit
2309 4903 2374 4942 ac

797 5014 1014 5055 rursum
1051 4999 1104 5051 in
1138 4995 1365 5065 patriam
1399 4991 1629 5046 remisit.

870 5180 924 5234 8.
954 5178 1142 5232 Mense
1179 5176 1510 5247 Septembri,
1542 5173 1843 5227 indictione
1894 5172 2075 5235 tertia,
2131 5173 2373 5224 Pancrao

802 5285 957 5328 tucas
1005 5272 1302 5325 Armenius
1340 5250 1754 5335 Adrianoponm
1808 5248 2370 5336 Symeoninrodidit.

801 5365 1113 5422 VOCabatur
1137 5363 1251 5417 haec
1278 5362 1429 5433 prius
1458 5359 1723 5422 Orcstias,
1756 5359 1825 5412 ab
1858 5356 2050 5413 Oreste
2073 5344 2372 5427 'Agamemi-

804 5458 962 5513 nonis
991 5456 1120 5519 ﬁlio,
1147 5455 1241 5525 qui
1290 5454 1438 5524 justa
1465 5453 1817 5508 aemulatione
1844 5453 1915 5507 ob
1944 5461 2151 5525 patrem
2187 5465 2216 5503 a
2252 5449 2375 5521 Cly-

803 5557 1112 5605 taemnestra
1145 5548 1269 5602 dolo
1298 5554 1576 5610 necatum,
1631 5546 1750 5615 ipsa
1793 5559 1899 5599 una
1944 5558 2069 5599 cum
2112 5522 2376 5614 NEgiSlIIO

801 5642 1006 5708 occisa,
1057 5640 1209 5711 gravi
1238 5640 1424 5696 furore
1452 5650 1608 5693 actus
1636 5648 1741 5699 est.
1773 5653 1836 5692 ac
1886 5653 1997 5707 quo
2030 5637 2150 5690 loco
2198 5636 2377 5689 Ebrus

802 5733 1091 5800 Arzusque
1152 5746 1216 5787 ac
1286 5732 1521 5786 Artacus
1576 5730 1800 5785 ﬂumina
1859 5728 2166 5794 conﬂuunt,
2231 5728 2418 5781 lotus'

804 5827 996 5881 morbo
1019 5825 1281 5882 liberatus
1304 5834 1407 5891 est,
1453 5824 1756 5895 eodemque
1810 5824 1932 5880 loco
1970 5822 2107 5879 urbe
2154 5821 2370 5877 condita

2475 4612 2662 4681 τέραις
2695 4608 2999 4681 κρατοῦντα
3050 4609 3209 4679 χερσὶ
3267 4609 3331 4677 τῇ
3360 4604 3776 4674 ὑπερϐαλλούσῃ
3818 4602 4062 4671 δυνάμει

2474 4704 2839 4772 διακάμπτειν
2869 4702 2963 4755 καὶ
2994 4699 3129 4770 πρὸς
3168 4698 3226 4751 τὸ
3250 4698 3507 4751 κυκλικὸν
3539 4696 3723 4766 σχῆμα
3768 4697 4059 4764 μετάγειν,

2474 4798 2573 4869 τῆς
2603 4796 2896 4851 ἀντιτύπου
2930 4795 3024 4847 τοῦ
3076 4794 3295 4863 σιδήρου
3331 4792 3551 4859 φύσεως
3577 4793 3643 4860 τῇ
3682 4787 3774 4858 βῖα
3800 4788 3914 4839 τῶν
3944 4805 4065 4857 χει-

2480 4893 2586 4963 ρῶν
2620 4890 2971 4959 ὑπεικούσης.
3004 4888 3101 4941 Ὃν
3135 4884 3577 4954 παραγενόμενον
3615 4883 3646 4950 ἡ
3673 4880 3934 4933 δέσποινα
3966 4880 4068 4931 καὶ

2480 4984 2616 5054 μετὰ
2656 4982 2854 5052 πολλῆς
2880 4981 3047 5050 τιμῆς
3076 4978 3368 5043 ὑπεδέξατο
3398 4974 3494 5027 καὶ
3516 4974 3675 5027 πάλιν
3693 4973 3775 5036 εἰς
3795 4972 3897 5040 τὴν
3926 4971 4067 5023 ἰδίαν

2476 5073 2658 5145 χώραν
2683 5074 2767 5139 ὲξέ
2779 5090 2840 5124 πε
2852 5071 3008 5139 μψεν.

2550 5173 2619 5237 η’.
2671 5164 3033 5235 Σεπτεμϐρίῳ
3089 5163 3145 5215 δὲ
3209 5161 3373 5231 μηνὶ,
3443 5154 3775 5217 ἰνδικτιῶνος
3840 5152 4064 5224 τρίτης.

2477 5258 2914 5330 Παγκρατούκας
2954 5260 2982 5310 ὁ
3026 5255 3294 5325 Ἁρμένης
3330 5253 3429 5322 τὴν
3480 5245 3925 5319 Ἀδριανούττολιν
3982 5244 4067 5313 τῷ

2477 5350 2701 5423 Συμεὼν
2745 5348 3105 5420 προδέδωκεν,
3146 5346 3267 5415 ἥτις
3299 5349 3359 5397 τὸ
3402 5342 3535 5411 πρὶν
3593 5337 3879 5410 Ὀρεστιὰς
3928 5337 4060 5387 ἑκα-

2476 5447 2641 5508 λεῖτο,
2672 5444 2731 5510 ἐξ
2770 5442 3024 5513 Ὀρέστου
3054 5438 3170 5493 υἰοῦ
3216 5436 3644 5506 Ἀγαμέμνονος,
3694 5431 3753 5494 ὃς
3778 5429 3932 5501 ζήλῳ
3983 5428 4055 5479 δι-

2477 5538 2619 5610 καίῳ
2645 5536 2735 5590 διὰ
2766 5536 2867 5605 τὴν
2898 5534 3034 5604 πρὸς
3062 5533 3154 5585 τὸν
3178 5528 3389 5599 πατέρα
3423 5524 3930 5593 Κλυταιμνήστρας
3981 5521 4045 5572 δο
4066 5546 4077 5558 ο

2478 5631 2729 5700 λοφονίαν
2766 5629 2971 5698 ταύτην
3019 5628 3116 5681 σὺν
3145 5622 3386 5693 Αἰγίσθῳ
3438 5619 3763 5678 ἀποκτείνας
3797 5615 3924 5667 λίαν
3971 5613 4074 5664 ὲκ-

2481 5726 2723 5795 μέμηνεν
2755 5724 2846 5776 καὶ
2877 5723 2935 5772 ὲν
2964 5723 3029 5789 τῇ
3057 5716 3361 5771 συνελεύτει
3405 5711 3608 5781 Ἕϐρου
3635 5707 3839 5776 Ἀρζου
3876 5722 3941 5756 τε
3973 5704 4073 5755 καὶ

2493 5818 2757 5884 ’Λρτάκου
2805 5815 2914 5869 τῶν
2944 5811 3110 5874 τοιιῖν
3169 5806 3428 5876 ποταμῶν
3478 5820 3539 5871 γε
3593 5799 3937 5871 λουσάμενος
3974 5796 4072 5858 τῆς
