4154 6450
133 388 217 448 405

794 383 938 442 LIB.
982 382 1078 441 VI.
1118 408 1183 417 -—
1221 379 1798 440 CONSTANTINUS
1841 378 2613 439 PURPUYROGENITUS.

3290 376 3395 443 «ωὸ

141 508 284 559 νόσου
328 502 650 573 ἀπήλλακτο
673 520 684 532 ·
729 501 858 555 ἔνθα
908 501 1113 570 ταύτην
1135 500 1497 570 οἰκοδομήσας
1519 500 1610 552 ἐπὶ
1635 500 1710 569 τῷ

1828 512 1978 551 suum
2013 496 2088 549 illi
2129 510 2330 550 nomen
2370 493 2589 549 indidit.
2652 493 2926 548 Adrianus
2975 503 3156 548 autem
3217 493 3397 549 Caesar

137 599 233 668 ἰδίῳ
262 598 492 666 ὀνόματι
526 595 795 665 κέκληκεν
819 610 832 623 ο
883 593 1160 665 Ἀδριανὸς
1182 592 1238 645 δὲ
1270 594 1487 661 Καῖσαρ
1522 591 1707 644 εὐκτί-

137 707 262 753 στοις
294 691 597 758 οἰκήμασιν
629 686 797 756 αὐτὴν
858 685 1169 756 μεγαλύνας
1216 684 1372 737 πόλιν
1424 683 1707 754 Ἀδριανοῦ

139 781 555 851 μετακέκληκεν.
609 778 759 847 Αὕτη
804 778 996 847 τρίτης
1046 778 1259 846 ἡμέρας
1312 776 1463 847 παρὰ
1517 776 1709 846 ἀνδρὸς

135 872 388 935 εὐπετοῦς
437 873 497 923 ὲν
561 871 720 940 διόδῳ
785 869 1267 931 Φιλιππουπόλεως
1339 867 1705 932 σταδιάςεται,

136 963 500 1034 ήγκαλισμένη
533 962 611 1032 τῷ
643 962 758 1028 ὄρει
790 960 868 1029 τῷ
899 960 1059 1031 Αἴμῳ
1105 959 1235 1029 παρ’
1261 956 1304 1027 ᾧ
1337 962 1385 1013 οἱ
1420 962 1568 1030 τρεῖς
1614 977 1710 1012 πο-

132 1060 283 1125 ταμοὶ
307 1054 711 1124 συμϐάλλονται
737 1052 798 1105 τὸ
831 1053 1091 1123 ὀμϐρινὸν
1114 1051 1275 1123 ὕδωρ.
1308 1051 1442 1105 Μετ’
1469 1051 1529 1104 οὑ
1576 1051 1708 1104 πολὺ

133 1149 403 1217 ἁππάλη
475 1148 754 1209 Βασίλειος
804 1145 1094 1217 πατρίκιος
1147 1146 1239 1198 καὶ
1288 1144 1551 1212 κανίκλης
1616 1143 1710 1196 καὶ

134 1242 367 1312 Νικήτας
406 1239 902 1311 πρωτοσπαθάριος
940 1241 969 1292 6
1015 1238 1294 1300 Ἐλαδικὸς
1347 1236 1499 1308 παρὰ
1556 1236 1711 1304 Ζωῆς

138 1334 261 1402 μετὰ
300 1334 492 1401 δώρων
522 1332 753 1394 πολλῶν,
802 1332 895 1384 καὶ
929 1330 1364 1400 ἁντιπαρέλαϐεν
1410 1330 1573 1382 πάλιν
1613 1332 1709 1383 αὑ-

134 1443 238 1495 την.

194 1518 276 1591 [Ρ.
308 1518 441 1590 240]
468 1518 533 1572 θ’.
566 1515 765 1570 Ἦλθεν
784 1518 882 1571 6ὲὸ
904 1518 1175 1586 Δαμιανὸς
1199 1517 1421 1586 ἀμηρᾶς
1449 1518 1528 1579 εἰς
1553 1517 1711 1585 Στρῦ-

134 1612 285 1681 ϐηλον
308 1612 475 1681 νῆσον
512 1611 653 1681 μετά
680 1611 882 1664 πλοίων
911 1609 1223 1679 πολεμικῶν
1246 1609 1342 1663 καὶ
1374 1610 1578 1679 πολλῆς
1609 1612 1707 1676 τῆς

133 1702 436 1772 δυνάμεως·
467 1704 564 1756 καὶ
588 1702 797 1771 ταύτην
823 1701 1135 1770 παρέλαϐεν
1170 1702 1255 1763 ἂν,
1288 1703 1336 1753 εί
1372 1701 1447 1769 μὴ
1475 1703 1710 1769 νοσήσας

135 1792 504 1862 ἐτελεύτησεν,
534 1792 993 1862 ὑποστρεψάντων
1017 1792 1103 1845 διὰ
1137 1792 1301 1861 κενῆς
1324 1793 1431 1845 τῶν
1454 1793 1708 1863 Σαρακη-

1812 587 2116 657 magniﬁeis
2167 602 2372 642 ornans
2402 586 2675 644 aediliciis.
2710 587 2934 640 Adriani
2966 587 3155 643 urbem
3184 602 3245 641 ex
3275 603 3398 643 sese

1812 690 2023 735 mutato
2049 680 2270 734 nomine
2292 679 2602 749 appellavit.
2635 676 2805 733 Distat
2843 676 3207 749 l‘hilippopoli
3232 678 3396 733 trium

1811 775 2025 827 dierum
2062 772 2280 841 spatio;
2311 787 2473 840 quam
2505 788 2665 825 mons
2701 771 2923 825 llmmus
2948 774 3093 825 velut
3128 771 3252 827 sinu
3278 785 3397 825 am»

1812 866 2089 934 plectitur,
2126 879 2233 931 qua
2262 872 2416 933 parte
2458 863 2664 917 nivales
2687 863 2855 933 388
2884 877 2947 916 ac
2978 862 3243 930 pluviales
3263 877 3398 915 con.

1814 964 2012 1026 gerunt
2037 971 2211 1025 aquas
2257 971 2379 1024 quae
2415 955 2576 1008 modo
2624 956 2726 1008 tria
2774 954 3002 1008 tlumina
3059 952 3395 1007 dicebamus.

1814 1051 2169 1125 Postmodum
2204 1065 2330 1105 vero
2362 1050 2533 1104 misso
2566 1048 2676 1104 Zoe
2708 1048 2909 1103 Basilio
2939 1051 3173 1120 patricio
3204 1063 3268 1102 ac
3316 1064 3400 1103 ca-

1815 1141 1976 1195 niclei
2010 1141 2272 1210 praefecto
2324 1148 2379 1195 et
2429 1139 2616 1195 Niceta
2680 1138 2905 1195 Eladico
2957 1140 3400 1211 protospathario

1813 1249 1937 1289 cum
1980 1234 2167 1289 multis
2198 1233 2543 1297 muneribus,
2574 1233 2790 1288 tandem
2825 1233 2972 1287 illam
3007 1234 3234 1302 recepit.

1885 1503 1937 1556 9.
1978 1501 2139 1557 Venit
2182 1518 2310 1558 vero
2366 1503 2667 1560 Damianus
2696 1519 2917 1559 ameras
2977 1506 3030 1558 in
3086 1504 3397 1560 Strobelum

1814 1597 2073 1662 insulam,
2102 1613 2299 1666 magno
2319 1598 2595 1652 hostilium
2629 1599 2847 1653 navium
2881 1607 3144 1669 apparatu
3186 1614 3247 1652 ac
3275 1615 3398 1656 cum

1815 1689 2119 1757 ingentibus
2151 1690 2364 1756 copiis;
2425 1691 2771 1761 cepissetque
2800 1692 3009 1761 utique,
3043 1692 3142 1745 nisi
3210 1691 3399 1745 morbo

1813 1791 2101 1851 correptus
2139 1783 2265 1836 fatis
2290 1785 2690 1839 concessisset.
2732 1784 2903 1854 Cujus
2932 1785 3158 1838 interitu
3200 1782 3401 1839 factum

134 1884 250 1937 νῶν.
276 1886 340 1937 Οἱ
377 1884 436 1938 δὲ
465 1887 565 1954 τῆς
603 1884 849 1949 Ἑλλάδος
886 1884 1109 1938 καὶτῶν
1159 1884 1401 1954 Ἀθηνῶν
1422 1886 1705 1956 οἰκήτορες

1832 1880 1869 1924 ιι
1910 1869 2168 1926 Saraceni
2205 1873 2363 1927 irrito
2409 1884 2606 1928 conatu
2643 1875 2903 1929 redirent.
2965 1876 3188 1929 Achaia:
3222 1886 3403 1929 autem

137 1977 370 2049 συνεχῶς
404 1978 840 2049 ἐπηρεαζόμενοι
871 1978 1022 2049 παρά
1049 1980 1197 2033 Χασὲ
1226 1979 1341 2032 uio-3
1376 1979 1469 2032 τοῦ
1516 1979 1713 2050 Ἰούϐη,

136 2070 225 2139 τήν
248 2070 421 2123 αὑτοῦ
455 2071 696 2124 ἀσωτίαν
730 2071 823 2124 καὶ
853 2070 1162 2141 ἀπληστίαν
1196 2072 1269 2141 μὴ
1299 2073 1615 2140 ἐνεγκόντες
1639 2072 1718 2124 λίς

136 2161 240 2225 θοις
271 2160 467 2216 τοῦτον
516 2161 805 2231 βάλλοντες
841 2164 1055 2217 ἀνεῖλον
1112 2164 1300 2228 κακῶς
1352 2164 1564 2219 ἔνδοθεν
1621 2165 1716 2217 τοῦ

137 2253 525 2323 θυσιαστηρίου
561 2254 655 2307 τοῦ
688 2258 745 2308 ἐν
786 2255 1036 2325 Ἀθήναις
1064 2256 1217 2310 ναοῦ.

201 2434 250 2489 ι’.
285 2436 568 2491 Βλέπουσα
600 2438 655 2491 δὲ
688 2438 810 2508 Ζωὴ
842 2438 1128 2509 βασίλισσα
1183 2442 1280 2512 τήν
1335 2444 1568 2513 ἔπαρσιν
1615 2448 1720 2500 Συ-

138 2527 281 2594 μεὼν
311 2529 406 2580 καὶ
434 2529 535 2598 τήν
570 2532 713 2583 κατὰ
739 2531 850 2583 τῶν
875 2533 1219 2603 Χριστιανῶν
1258 2537 1424 2590 αὑτοῦ
1451 2539 1717 2605 ἐπίθεσιν,

135 2618 327 2687 βουλὴν
363 2620 504 2687 μετὰ
534 2620 647 2673 τῶν
684 2623 743 2674 ὲν
770 2623 912 2677 τέλει
967 2622 1305 2694 βουλεύεται,
1336 2628 1594 2698 ἀλλάγιον
1627 2635 1720 2686 καὶ

133 2712 355 2781 εἷρήνην
386 2712 528 2779 μετὰ
552 2712 661 2765 τῶν
705 2715 1021 2786 Ἀγαρηνῶν
1059 2716 1483 2789 διαπράξασθαι,
1524 2722 1718 2777 διαπε-

136 2804 296 2869 ρᾶσαι
326 2804 383 2854 δὲ
414 2804 597 2857 πάντα
625 2804 717 2857 τὸν
746 2805 843 2872 τῆς
888 2807 1178 2876 Ἀνατολῆς
1230 2813 1459 2882 στρατὸν
1491 2814 1624 2883 πρὸς
1659 2818 1720 2870 τὸ

134 2894 588 2964 καταπολεμῆσαι
619 2895 714 2948 καὶ
744 2897 1007 2964 ἀφανίσαι
1037 2899 1125 2952 τὸν
1138 2902 1381 2972 Συμεών.
1411 2906 1719 2977 Ἀπεστάλη

134 2981 222 3034 οὖν
256 2986 316 3037 ὲν
350 2986 522 3056 Συρίᾳ
552 2987 646 3040 ἐπὶ
671 2988 731 3040 τὸ
775 2989 999 3058 ποιῆσαι
1029 2990 1287 3059 άλλάγιον
1330 2995 1582 3067 Ἰωάννης
1617 3016 1721 3051 πα-

132 3078 338 3141 τρίκιος
360 3081 389 3131 6
425 3080 658 3146 Ῥοδινὸς
684 3084 780 3136 καὶ
815 3084 1037 3155 Μιχαὴλ
1071 3086 1099 3139 6
1138 3089 1381 3159 Τοξαρᾶς
1407 3108 1421 3122 ·
1476 3086 1538 3143 οὖ
1565 3110 1721 3160 γεγο-

135 3169 284 3232 νότος
314 3170 413 3241 τήν
440 3172 646 3243 συνήθη
676 3172 777 3240 τῆς
801 3174 967 3242 ῥόγας
993 3175 1253 3245 διανομὴν
1281 3182 1638 3251 ποιησάμενοι
1664 3185 1723 3235 ὲν

132 3263 243 3324 τοίς
277 3265 550 3331 τάγμασι,
591 3264 766 3318 ταῦτα
800 3265 858 3318 δὲ
897 3267 1291 3339 ἀναλαϐόμενοι
1333 3274 1430 3324 σὺν
1471 3277 1582 3337 τοῖς
1635 3275 1724 3328 θέ-

136 3372 269 3423 μασι
299 3358 435 3424 πρὸς
464 3357 564 3427 τὴν
602 3357 870 3429 Θρᾳκῴαν
929 3360 1028 3431 γῆν
1084 3361 1435 3433 διεπέρασαν,
1494 3368 1723 3433 Λέοντος

136 3448 441 3519 μαγίστρου
473 3449 567 3500 τοῦ
601 3450 765 3504 Φωκᾶ
805 3451 1129 3522 δομεστίκου
1157 3456 1267 3507 τῶν
1296 3458 1500 3526 σχολῶν
1525 3462 1726 3529 τυγχά-

134 3558 339 3607 νοντος,
396 3536 443 3609 ᾧ
483 3543 676 3614 ἀνδρία
730 3545 931 3616 μᾶλλον
982 3548 1016 3617 ἢ
1072 3549 1401 3621 ὲπιστατικὴ
1464 3554 1727 3623 φρόνησις

134 3633 552 3700 προσανέκειτο.
609 3634 1022 3703 Ἐξαγαγόντων
1071 3635 1165 3691 οὖν
1214 3640 1281 3692 τὰ
1312 3643 1585 3712 σεϐάσμια
1634 3646 1728 3697 καὶ

131 3725 380 3785 ζωοποιά
439 3725 575 3791 ξύλα
606 3728 1020 3782 Κωνσταντίνου
1052 3735 1399 3801 πρωτοπαπᾶ
1428 3736 1520 3788 τοῦ
1554 3736 1728 3789 παλα·

132 3818 276 3880 τεου,
305 3818 402 3871 τοῦ
432 3819 663 3887 Κεφαλᾶ
704 3820 1027 3891 λεγομένου,
1066 3823 1161 3877 καὶ
1200 3826 1608 3881 Κωνσταντίνου
1633 3832 1726 3882 τοῦ

134 3910 406 3972 Βαλελίας
431 3912 488 3963 ἐν
516 3913 579 3982 τῇ
611 3910 823 3986 Θρᾴκῃ,
852 3914 1094 3978 ἅπαντες
1125 3919 1604 3989 προσκυνήσαντες
1635 3921 1730 3974 καὶ

132 4005 545 4075 ἐπομοσάμενοι
606 4005 1071 4078 συναποθνήσκειν
1102 4008 1375 4079 ἀλλήλοις,
1425 4015 1731 4083 πανστρατὶ

132 4098 282 4151 κατά
308 4098 637 4167 Βουλγάρων
686 4098 1033 4170 ἐξώρμησαν.
1058 4099 1268 4171 ἾΙρχον
1298 4103 1354 4156 δὲ
1385 4105 1479 4156 τοῦ
1516 4107 1730 4175 τάγμα-

132 4205 228 4250 τος
266 4188 631 4253 Ἑξκουϐίτων
649 4191 895 4262 Ἰωάννης
921 4194 949 4244 6
976 4192 1226 4263 Γράψων,
1248 4194 1342 4247 τοῦ
1382 4196 1439 4249 δὲ
1475 4196 1565 4248 {ita
1576 4197 1730 4251 θάτου

132 4282 160 4330 ὁ
183 4278 288 4332 τοῦ
317 4278 582 4350 Μαρούλη
618 4280 755 4344 υἱός·
783 4283 1059 4353 Ῥωμανὸς
1093 4284 1150 4337 δὲ
1170 4285 1479 4356 ὁἈργυρὸς
1505 4287 1735 4357 ἐστρατ-

134 4375 265 4442 ήγει
325 4373 419 4425 καὶ
468 4371 623 4427 Λέων
651 4374 680 4426 6
722 4372 949 4443 ἀδελφὸς
992 4375 1159 4429 αὑτοῦ
1188 4376 1282 4430 καὶ
1307 4377 1570 4445 Βάρδαςδ
1613 4380 1731 4431 Φω-

134 4471 266 4531 κᾶς,
299 4462 383 4529 οἷς
434 4466 599 4536 συνῆν
642 4466 742 4536 μὲν
772 4467 816 4499 ⁸⁸
841 4470 936 4521 καὶ
981 4470 1008 4521 6
1036 4470 1246 4534 Μελίας
1275 4471 1414 4539 μετά
1450 4471 1560 4524 τῶν
1610 4472 1734 4543 Ἀρ-

1819 1978 1883 2015 ac
1906 1962 2243 2017 Athenarum
2280 1967 2462 2036 populi
2488 1968 2749 2035 civesque
2779 1967 3056 2021 continuis
3095 1967 3273 2022 Chasc
3309 1968 3404 2020 lilii

1818 2050 1970 2106 Jubae
2018 2055 2238 2121 injuriis
2272 2056 2471 2117 vrxati,
2507 2058 2625 2125 ejus
2676 2058 2951 2111 luxuriam
2996 2058 3406 2128 inexplebilem-

1820 2162 1926 2214 quc
1987 2147 2340 2214 cupiditatem
2422 2148 2561 2202 [erle
2624 2166 2730 2203 non
2794 2152 3072 2212 valentes,
3140 2151 3408 2220 lapidibus

1822 2237 2081 2289 obrutum
2116 2238 2259 2291 intra
2294 2240 2472 2308 ipsum
2525 2241 2867 2296 Athenarum
2901 2242 3085 2311 trinpii
3130 2244 3409 2311 penetrale

1823 2328 1962 2381 male
1995 2328 2406 2385 iIItCI‘Ctttcrtl;:t.

1899 2422 1978 2477 10.
2016 2423 2318 2504 Zoeporro
2354 2427 2597 2496 Augusta
2631 2427 2807 2482 elatos
2851 2427 3140 2498 Symcunis
3192 2431 3408 2483 animos

1824 2514 2014 2568 vilens
2053 2518 2282 2588 ejusque
2335 2520 2600 2575 adversus
2634 2520 2977 2575 Christianos
3010 2523 3408 2591 grassationem

1824 2625 1930 2663 non
1969 2609 2169 2675 fcrens,
2204 2628 2260 2667 re
2289 2628 2412 2667 cum
2440 2614 2804 2677 optimatibus
2835 2615 3161 2674 deliberata.
3215 2613 3398 2671 facilus

1825 2702 1968 2756 ieerc
1996 2718 2298 2772 pacemque
2353 2720 2687 2770 componere
2713 2722 2836 2759 cum
2869 2707 3136 2776 Agarenis
3196 2707 3410 2771 statuit,

1822 2816 2123 2870 ontuesqnc
2174 2801 2317 2856 Asiae
2362 2802 2549 2871 copias
2599 2802 2666 2856 ad
2703 2803 3086 2859 debellandum
3118 2803 3414 2874 proﬂigan—

1822 2894 2063 2963 dumque
2094 2895 2420 2966 Symeonem
2456 2897 2733 2963 trajicere.
2774 2896 2923 2953 Missi
2950 2897 3183 2967 proinde
3220 2897 3269 2949 in
3306 2897 3412 2967 Sy-

1826 2985 1962 3039 riam
1994 2986 2233 3042 Joannes
2266 2988 2553 3043 Rhodinus
2592 2990 2857 3056 patricius
2885 3001 2936 3043 et
2973 2989 3203 3045 Michael
3234 2988 3414 3044 Toxa-

1827 3096 1953 3140 ras,
2027 3081 2122 3147 qui
2193 3081 2623 3148 paciscerentur.
2679 3080 2801 3148 Quo
2853 3092 3098 3150 peracto,
3154 3094 3414 3136 consueta

1824 3172 2142 3239 erogatione
2176 3173 2379 3226 donato
2412 3174 2608 3236 milite,
2638 3174 2939 3243 assumptis
2994 3174 3319 3228 cohortibus
3351 3192 3415 3227 ac

1830 3263 2134 3331 legionibus
2198 3264 2248 3315 in
2324 3263 2619 3317 Thraciam
2692 3266 3087 3326 transmisere,
3148 3265 3416 3334 magistro

1831 3355 2010 3408 Leone
2050 3354 2233 3408 Phoca
2288 3357 2605 3411 scholarum
2659 3357 2986 3421 domestico,
3038 3357 3155 3411 viro
3205 3357 3417 3413 sciliret

1830 3449 2130 3517 nmjuribus
2158 3450 2360 3505 animis
2391 3466 2555 3519 quam
2608 3451 2964 3519 imperatoria
3003 3452 3226 3505 solertia
3276 3466 3414 3519 pra:-

1828 3543 1962 3597 ditu.
1999 3543 2220 3599 Eductis
2248 3546 2435 3614 itaque
2460 3544 2871 3599 venerabilibus
2901 3560 2969 3598 ac
2994 3543 3226 3598 viviticis
3251 3542 3418 3614 389

1832 3638 2014 3706 lignis,
2045 3636 2390 3691 Constantini
2418 3639 2642 3707 palatini
2674 3638 2808 3693 cleti
2846 3637 3198 3693 sacerdotum
3232 3638 3414 3705 primi,

1829 3743 2194 3799 cognomen'o
2222 3732 2495 3799 Cephalae,
2516 3728 2975 3798 Constantinique
2994 3728 3208 3783 Balclia:
3229 3744 3415 3796 opera.

1832 3824 1886 3876 in
1913 3820 2170 3884 Thracia,
2204 3838 2329 3877 cum
2358 3838 2553 3876 omnes
2583 3824 2705 3877 haec
2727 3820 2972 3877 venerati
3007 3831 3198 3876 essent
3242 3837 3413 3890 seque

1833 3931 1940 3969 una
2009 3915 2439 3969 connnorituros
2507 3914 2870 3984 jurejurando
2948 3912 3291 3975 ﬁunassent,
3364 3913 3416 3966 in

1837 4008 2147 4078 Bulgariam
2194 4008 2423 4077 profecti
2475 4017 2600 4062 sunt
2648 4022 2769 4061 cum
2826 4006 3085 4059 universo
3150 4008 3415 4060 exertitn.

1835 4102 2116 4156 I‘raeerant
2145 4100 2387 4156 excubiti
2427 4111 2620 4154 turma:
2648 4098 2891 4154 Joannes
2926 4096 3160 4167 Grapso,
3212 4097 3417 4152 lcanati

1838 4211 1967 4248 vero
1997 4195 2225 4249 Marulis
2258 4194 2422 4249 (ilius.
2463 4193 2746 4247 Romanus
2795 4195 3042 4263 Argyr-us
3083 4192 3240 4246 ducis
3270 4202 3421 4260 pote-

1835 4297 1975 4343 state
2004 4297 2255 4357 praeerat,
2287 4288 2519 4357 eju5que
2569 4286 2739 4340 trater
2789 4285 2897 4339 Leo
2940 4294 2994 4340 et
3036 4283 3242 4339 Bardas
3284 4282 3421 4337 Pilo-

1839 4398 1972 4447 eas;
2027 4382 2358 4451 quibuscum
2409 4390 2525 4436 erat
2577 4392 2631 4434 et
2694 4379 2882 4433 Melius
2943 4394 3070 4433 cum
3118 4377 3416 4440 Armeniis,

1840 4473 2041 4542 aliique
2073 4487 2267 4529 omnes
2297 4474 2597 4527 themalum
2631 4472 2822 4527 duces.
2857 4470 3062 4526 Praeter
3110 4470 3247 4524 alios
3293 4486 3420 4523 rem

134 4558 351 4625 μενέων
380 4558 477 4611 καὶ
512 4560 560 4610 οἱ
588 4557 737 4612 ἄλλοι
767 4560 968 4624 πάντες
997 4565 1292 4632 στρατηγοὶ
1325 4562 1434 4616 τῶν
1458 4565 1723 4635 θεμάτων,

1840 4563 2005 4617 etiam
2038 4578 2164 4618 cum
2196 4563 2375 4617 Leone
2403 4562 2713 4617 domestico
2743 4572 2863 4617 erat
2892 4560 3293 4617 Constantinus
3325 4576 3421 4628 pa-

136 4652 316 4719 συνῆν
351 4650 408 4704 δὲ
446 4649 543 4704 καὶ
577 4650 714 4720 πρὸς
765 4653 879 4713 τοῖς
911 4652 1091 4716 ἄλλοις
1120 4655 1149 4707 6
1178 4655 1589 4719 Κωνσταντῖνος
1622 4674 1731 4709 παι

133 4743 359 4813 τρίκιος
380 4746 408 4797 ὀ
435 4742 545 4811 Λὶψ
576 4743 765 4797 Λέοντι
790 4743 1120 4815 δομεστίκῳ,
1159 4746 1462 4812 σύμϐουλος
1482 4747 1647 4801 αὐτοῦ
1679 4749 1737 4802 ὲν

134 4838 283 4891 πᾶσι
313 4839 427 4898 τοῖς
451 4838 749 4907 ἀνήκουσιν
771 4835 866 4890 ὢν.
916 4838 1063 4909 Μηνὶ
1086 4838 1143 4891 δὲ
1187 4838 1484 4910 Αὐγούστῳ
1533 4840 1735 4904 εἰκάδι,

135 4929 482 4993 ἱνδικτιῶνας
518 4936 580 4995 ε’,
629 4931 656 4982 ὁ
683 4929 919 4998 πόλεμος
945 4930 1150 4999 μεταξὺ
1204 4931 1495 5000 Ῥωμαίων
1526 4950 1585 4986 τε
1644 4934 1737 4986 καὶ

136 5019 478 5089 Βουὶγάρων
508 5018 645 5089 πρὸς
676 5016 754 5087 τῷ
791 5018 1038 5091 Ἀχελῴῳ
1088 5023 1528 5093 συγκεκρότηται
1564 5040 1735 5076 ποτα-

135 5114 231 5183 μῷ
253 5128 271 5141 ·
304 5114 401 5165 καὶ
429 5107 539 5181 (οἷα
564 5112 632 5165 τᾶι
655 5113 750 5164 τοῦ
778 5112 913 5165 Θεοῦ
939 5113 1183 5182 κρίματα
1204 5154 1217 5176 ,
1246 5114 1319 5176 ὼς
1336 5116 1733 5187 ἀνεξερεύνητα

134 5207 238 5259 καὶ
265 5205 729 5274 ἀνεξιχνίαστα,)
775 5208 1067 5274 τρέπονται
1110 5206 1372 5277 Ῥωμαῖοι
1428 5213 1736 5280 πανστρατὶ

132 5300 237 5353 καὶ
276 5298 471 5367 γέγονε
530 5296 674 5366 φυγή
735 5297 1002 5368 παντελὴς
1052 5300 1145 5352 καὶ
1174 5300 1455 5370 φρικώδης
1482 5301 1734 5374 ὀλολυγὴ,

134 5392 254 5445 τῶν
306 5390 405 5459 μὲν
439 5390 533 5443 ὑπ’
559 5389 809 5459 ἀλλήλων
842 5393 1338 5461 συμπατουμένων,
1396 5393 1505 5445 τῶν
1538 5393 1594 5446 δὲ
1634 5395 1738 5448 ὑπὸ

131 5483 257 5537 τῶν
299 5482 578 5550 πολεμίων
613 5482 1046 5554 ἀναιρουμένων,
1099 5483 1331 5553 αἵματός
1364 5501 1418 5536 τε
1460 5487 1617 5555 χύσις
1647 5485 1736 5539 οἰα

132 5578 199 5640 ἐξ
251 5572 461 5637 αἰῶνος
492 5574 554 5627 οὐ
590 5576 833 5644 γέγονεν.
874 5575 932 5629 '0
986 5576 1043 5629 δὲ
1099 5578 1247 5630 Λέων
1308 5580 1364 5630 ἐν
1402 5580 1737 5652 Μεσημϐρίᾳ.

131 5667 389 5735 διεσώθη
425 5666 637 5737 φυγῶν.
683 5669 927 5739 Ἐσφάγη
955 5669 1011 5722 δὲ
1048 5670 1179 5738 πρὸς
1232 5672 1343 5733 τοῖς
1377 5671 1551 5733 ἄλλοις
1584 5674 1640 5723 ὲν
1670 5676 1735 5743 τῇ

1838 4656 2029 4711 tricius
2059 4654 2213 4721 Afer,
2244 4656 2338 4726 qui
2369 4656 2489 4725 ejus
2521 4655 2773 4710 consiliis
2801 4656 2854 4709 in
2898 4655 3162 4709 oumibus
3193 4669 3317 4723 quae
3348 4655 3415 4707 ad

1837 4749 2017 4819 ipsum
2044 4749 2354 4804 attinebant
2403 4758 2670 4803 uteretur.
2711 4748 2913 4804 Mensis
2946 4750 3129 4818 itaque
3186 4747 3420 4817 Augusti

1839 4844 1929 4898 die
1984 4843 2267 4912 vigesima,
2333 4842 2636 4898 indictione
2694 4847 2906 4912 quinta.
2947 4841 3228 4895 Romanos
3283 4840 3424 4895 inter

1839 4946 2003 5006 atque
2024 4935 2291 5005 Bulgaros
2321 4936 2387 4989 ad
2423 4936 2720 4991 Acheloum
2747 4934 2952 4989 ﬂumen
2985 4934 3280 4989 emuniissa
3313 4948 3416 5001 pu-

1844 5042 1949 5098 gna
1980 5029 2123 5095 (qua:
2148 5025 2242 5080 Dei
2267 5026 2495 5095 judicia,
2529 5042 2691 5095 quam
2718 5026 3095 5081 inscrutabilia
3133 5036 3185 5080 et
3215 5026 3423 5094 imper-

1844 5116 2183 5186 vestigabilia
2211 5115 2261 5185 ι)
2294 5116 2523 5173 Romani
2549 5133 2741 5172 omnes
2771 5116 2877 5172 fusi
2925 5116 3230 5187 fugatique,
3290 5117 3420 5171 lior-

1844 5212 2014 5267 rendo
2042 5228 2139 5282 per
2163 5213 2466 5268 exercitum
2495 5228 2716 5267 omnem
2769 5211 3006 5272 ululatu,
3052 5225 3176 5265 cum
3226 5224 3285 5263 se
3325 5210 3418 5264 alii

1843 5303 1983 5359 alios
2007 5303 2419 5364 conculcarent,
2456 5302 2596 5358 alios
2631 5302 2817 5356 hostes
2851 5301 3207 5370 perimerent,
3268 5308 3417 5353 tanta

1848 5395 2132 5450 hominum
2166 5406 2349 5465 strage
2393 5403 2597 5463 quanta
2635 5409 2731 5448 nec
2755 5409 2783 5446 a
2813 5393 3013 5447 szeculo
3077 5393 3260 5445 audita
3316 5401 3419 5445 est.

1847 5485 1957 5542 Leo
1990 5502 2128 5555 a‘gre
2168 5487 2220 5540 in
2247 5486 2629 5542 Meselnbriam
2660 5500 2853 5555 sospes
2884 5484 3082 5538 evasit.
3112 5482 3421 5537 Desiderati

1846 5597 1956 5649 prae
1982 5582 2101 5634 aliis
2140 5582 2191 5633 in
2229 5583 2345 5649 ipsa
2382 5594 2574 5650 pung
2603 5579 2995 5649 congressione
3024 5576 3424 5631 Constantinus

1844 5674 1975 5727 Afer
2025 5683 2079 5726 rt
2137 5671 2378 5728 Joannes
2433 5674 2643 5742 (irapso
2696 5686 3098 5741 procerumque
3166 5668 3253 5721 alii
3316 5684 3421 5721 non

1408 5788 1417 5797 -
1506 5764 1736 5820 VARIA‘J
1782 5764 2186 5820 LEMTIUNES.

221 5857 275 5889 ⁸³
316 5856 441 5927 μὲνι
468 5856 523 5909 δὲ
553 5854 590 5907 1³
