4154 6450
741 419 844 483 607

1846 404 2352 470 THEOPHA‘NES
2374 404 2651 466 CONTIN
2660 407 2930 467 UATUS.

3901 405 4007 470 £08

745 524 924 594 pauci.
958 523 1157 581 Missus
1188 531 1306 579 erat
1331 532 1384 577 et
1413 519 1697 575 Romanus
1720 523 1797 572 rei
1832 515 2040 570 navalis
2071 515 2303 581 drunga-

2423 512 2519 565 τοῦ
2570 514 2808 584 πολέμου
2853 512 3095 585 συμϐολῇ
3130 514 3214 586 [Ρ.
3244 514 3375 588 ΞΗ]
3405 514 3502 568 καὶ
3534 516 3942 579 Κωνσταντῖνος
3973 520 4001 570 6

746 618 865 672 rius
896 632 1019 673 cum
1044 615 1194 670 omni
1214 615 1412 679 classe,
1448 621 1508 669 ut
1544 609 1776 667 Danubii
1807 609 1988 663 littora
2021 606 2227 677 legeret
2254 618 2319 657 ac

746 708 916 764 Leoni
946 706 1146 763 Phoce
1177 722 1336 776 opem
1398 706 1606 772 ferret;
1656 701 1898 757 Joannes
1942 701 2070 755 item
2118 697 2315 765 Bogas,

745 801 826 855 uti
880 799 1089 855 dictum
1144 809 1249 863 est,
1303 798 1397 869 qui
1449 796 1770 867 Ratzinacas
1815 787 2320 861 adduceret.390

740 892 989 964 Cumque
1019 890 1303 947 Romanus
1340 890 1677 961 drungarius
1701 888 1754 942 in
1778 885 2052 941 mandatis
2076 882 2316 952 accepis-

740 994 823 1039 set
851 993 913 1040 ut
937 999 1080 1055 quos
1106 983 1357 1039 dicebam
1390 980 1735 1042 Patzinacas.
1762 980 2024 1035 adversus
2055 975 2318 1045 Bulgaros

739 1073 910 1129 Leoni
960 1076 1156 1130 Phocze
1212 1074 1419 1130 auxilio
1464 1074 1700 1139 futuros,
1756 1071 2056 1140 trajiceret,
2117 1064 2318 1121 Roma-

739 1168 957 1239 nusque
989 1177 1045 1225 et
1096 1166 1339 1224 Joannes
1383 1168 1438 1222 in
1477 1165 1859 1221 contentiones
1914 1161 2317 1228 verborumque

737 1262 968 1319 dissidia
1006 1260 1149 1317 versi
1170 1269 1379 1326 essent,
1412 1259 1663 1314 videntes
1693 1255 2006 1311 Patzinaca‘.
2047 1254 2129 1309 sic
2177 1252 2316 1305 inter

739 1370 801 1409 se
818 1355 1100 1410 discordes
1120 1363 1284 1422 atque
1309 1360 1636 1421 pugnantes,
1661 1348 1883 1404 domum
1910 1346 2142 1401 rediere.
2171 1342 2317 1397 Bello

739 1454 923 1500 autem
980 1444 1139 1499 ﬁnito
1206 1443 1556 1513 reversisque
1598 1443 1655 1503 in
1705 1441 1897 1495 urbem
1952 1439 2202 1494 Romano
2254 1450 2317 1489 ac

737 1536 905 1604 Boga,
937 1544 1083 1590 mota
1107 1534 1341 1605 quaestio
1371 1543 1455 1589 est
1486 1534 1554 1587 de
1577 1547 1768 1587 eorum
1803 1529 2055 1584 dissidio.
2105 1524 2208 1581 Ubi
2260 1526 2314 1579 in

739 1636 949 1681 tantum
979 1624 1285 1696 periculum
1309 1624 1558 1679 adducta:
1586 1621 1819 1676 Romani
1853 1618 2140 1691 drungarii
2199 1634 2313 1684 res,

738 1727 799 1771 ut
816 1717 1134 1773 amissionis
1159 1716 1430 1771 luminum
1460 1716 1513 1769 in
1548 1730 1607 1771 se
1646 1713 1933 1769 adversam
1985 1711 2312 1768 sententiam

737 1808 945 1875 tulerit,
976 1809 1122 1863 velut
1152 1808 1245 1877 qui
1276 1807 1606 1877 negligentia
1639 1821 1734 1862 seu
1767 1805 1947 1874 potius
1978 1804 2144 1858 animi
2178 1818 2303 1872 pra-

735 1898 901 1953 vitate
931 1912 996 1953 ac
1019 1898 1257 1969 nequitia
1290 1906 1492 1968 praesto
1519 1911 1626 1950 non
1674 1895 1889 1961 fuisset,
1939 1903 1999 1948 ut
2050 1891 2306 1947 Patzina-

733 2008 827 2048 ras
858 1992 1155 2062 trajiceret,
1179 1991 1273 2047 sed
1303 2006 1362 2046 se
1386 1990 1553 2045 citius
1587 1988 1942 2044 subduxissst
1975 2005 1989 2053 ;
2027 1985 2120 2056 qui
2151 1983 2311 2039 deni-

735 2099 843 2151 que
908 2099 978 2138 ne
1052 2082 1333 2138 Romanos
1418 2081 1642 2151 quidem
1714 2078 1990 2149 fugientes
2072 2076 2311 2132 navibus

732 2177 1057 2246 excepisset.
1090 2178 1167 2231 Ac
1191 2182 1341 2231 certe
1368 2175 1543 2230 oculis
1578 2173 1792 2237 luisset,
1815 2172 1923 2227 nisi
1946 2169 2310 2226 Constantino

730 2269 974 2339 Conger
1004 2278 1059 2323 et
1102 2268 1365 2339 magistro
1415 2265 1716 2336 Stephano,
1754 2280 1863 2335 qua
1914 2264 2059 2335 apud
2124 2264 2311 2334 Augu—

731 2371 870 2417 stam
900 2362 1229 2416 auctoritate
1272 2360 1435 2431 longe
1464 2361 1702 2413 maxima
1761 2356 2063 2429 pollebant,
2117 2356 2311 2412 conni-

730 2454 972 2509 tcntibus
1009 2453 1060 2507 in
1096 2451 1436 2507 contrarium
1496 2450 1765 2506 sententia
1818 2450 1896 2504 illi
1930 2464 2087 2504 versa
2141 2457 2306 2503 esset.

729 2545 976 2616 Bulgaria
1002 2555 1180 2601 autem
1216 2545 1440 2601 victoria
1481 2545 1642 2601 elatis
1675 2544 1744 2599 ad
1796 2544 2081 2614 ipsamque
2114 2541 2306 2596 urbem

727 2639 1170 2704 excurrentibus,
1226 2654 1349 2694 cum
1419 2636 1529 2693 Leo
1604 2637 1916 2693 scholarum
1974 2636 2310 2692 domesticus

726 2729 1072 2801 Joannesque
1090 2730 1445 2786 hetaeriarcha
1473 2740 1526 2785 et
1574 2730 1832 2787 Nicolaus
1866 2730 2020 2786 ducis
2054 2730 2221 2796 (ilius,
2254 2732 2307 2784 in

727 2816 978 2874 Thracia:
1007 2819 1186 2874 locum
1234 2836 1396 2890 quem
1432 2821 1747 2893 Catasyrtas
1777 2831 1992 2887 vocant,
2052 2820 2307 2877 conferto

728 2911 947 2981 agmine
983 2911 1247 2968 adversus
1278 2913 1543 2984 Bulgaros
1570 2924 1759 2968 essent
1788 2915 2016 2985 egressi,
2042 2923 2209 2969 noctu
2240 2930 2304 2968 ex

730 3003 1030 3072 improviso
1063 3004 1400 3059 irruentibus
1442 3006 1495 3059 in
1525 3020 1618 3060 eos
1648 3006 1899 3076 Bulgaris
1920 3022 1983 3061 ac
2007 3006 2308 3062 domestico

728 3096 783 3149 in
808 3094 990 3166 fugam
1024 3111 1183 3152 verso
1215 3095 1475 3155 Nicolaus
1496 3099 1655 3154 ducis
1693 3098 1839 3154 illius
1865 3114 1988 3155 cum
2016 3100 2137 3156 aliis
2159 3103 2302 3157 mul-

728 3187 798 3244 tis
819 3188 1038 3244 occisus
1059 3200 1164 3244 est.

796 3459 884 3512 ll.
934 3457 1260 3514 Theodorus
1320 3459 1502 3529 itaque
1549 3460 1896 3516 Constantini
1948 3462 2302 3534 imperatoris

722 3554 1072 3624 paedagogus,
1122 3551 1548 3607 Constantinum
1594 3552 1965 3608 accubitorem
2009 3555 2300 3622 imperium

724 3645 1022 3701 transferre
1073 3645 1390 3700 molientem
1446 3645 1503 3700 in
1553 3643 1791 3701 Leonem
1849 3662 2011 3701 suum
2042 3647 2200 3718 391
2235 3665 2301 3704 ex

721 3754 911 3803 sorore
942 3740 1156 3793 allinem
1191 3738 1662 3802 animadvertens,
1714 3738 2080 3795 Constantino
2131 3743 2303 3811 impe-

721 3832 891 3887 ratori
924 3842 1119 3885 auCtor
1165 3838 1250 3886 est
1290 3838 1349 3884 ut
1390 3828 1699 3884 Romanum
1742 3830 2104 3901 drungarium
2147 3846 2302 3888 assu-

721 3934 854 3989 mat,
888 3924 1036 3978 velut
1064 3923 1195 3978 olim
1246 3922 1419 3993 patris
1452 3938 1672 3977 servum
1703 3923 2001 3992 ingenuum
2049 3923 2303 3993 illiusque

719 4032 990 4087 propensa
1024 4017 1304 4071 voluntate
1330 4016 1491 4071 rebus
1526 4016 1859 4080 studentem,
1897 4026 1954 4070 ut
2003 4032 2128 4070 cum
2181 4017 2301 4086 ipso

719 4116 955 4175 maneat,
990 4118 1286 4178 custosque
1313 4116 1368 4163 et
1401 4108 1598 4162 vindex
1633 4118 1797 4177 atque
1856 4108 2132 4175 defensor,
2176 4126 2300 4165 cum

717 4217 942 4257 necesse
969 4201 1154 4267 fuerit,
1191 4201 1267 4255 illi
1296 4201 1554 4256 exsistat.
1587 4200 1873 4256 Romanus
1899 4202 1965 4256 de
1989 4203 2072 4258 his
2096 4204 2301 4272 saepius

715 4293 1103 4364 interpellatus
1134 4293 1339 4347 renuit.
1382 4290 1729 4362 Quapropter
1757 4292 2159 4348 Constantinus
2185 4295 2301 4363 ipse

715 4384 1015 4461 imperator
1067 4388 1278 4441 litteras
1319 4386 1541 4456 propria
1574 4402 1740 4441 manu
1772 4398 2026 4444 exaratas
2055 4388 2298 4444 subscri-

715 4481 1009 4549 ptioneque
1038 4478 1283 4532 ﬁrmatas
1308 4477 1375 4532 ad
1399 4493 1525 4533 eum
1565 4479 1771 4546 mittit;
1820 4480 2021 4549 quibus
2066 4481 2157 4534 iile
2204 4498 2296 4537 ac-

2421 605 2531 676 Λὶψ
2554 607 2648 659 καὶ
2690 606 2945 677 Ἰωάννης
2973 606 3002 658 6
3040 607 3270 678 Γρὰψων
3297 608 3391 661 καὶ
3414 608 3565 662 ἄλλοι
3590 607 3701 661 τῶν
3725 608 4004 678 ἀρχόντων

2424 701 2618 757 ίκανοί.
2635 702 2943 774 Ἀπεστάλη
2970 702 3025 756 δὲ
3051 704 3146 758 καὶ.
3180 702 3459 774 Ῥωμανδς
3488 706 3779 775 πατρίκιος
3803 705 4002 777 δρουγ-

2421 792 2613 865 γάριος
2649 792 2724 846 ῶν
2760 792 2869 847 τῶν
2901 794 3166 864 πλωῖμων
3195 796 3333 866 μετὰ
3359 796 3565 859 παντὸς
3592 796 3685 851 τοῦ
3720 798 3910 850 στόλου
3942 801 4003 852 ἑν

2419 885 2497 955 τῷ
2529 886 2808 958 Δανουϐίῳ
2857 887 3089 957 ποταμῷ
3140 886 3406 958 βοηθῆσαι
3442 887 3632 941 Λέοντι
3684 887 3762 958 τῷ
3793 889 3959 959 Φωκᾷ
3986 905 4001 918 ·

2419 979 2556 1033 ἀλλὰ
2580 980 2673 1033 καὶ
2714 980 2977 1053 Ἰωάννης
2997 983 3025 1034 6
3052 981 3229 1048 Βογᾶς
3262 982 3598 1048 καταγαγεῖν
3632 981 4003 1046 Πατζινὰκας,

2416 1071 2493 1135 ὡς
2527 1072 2763 1141 εἴρηται.
2796 1072 3199 1136 Κελευσθέντος
3246 1070 3303 1125 δὲ
3340 1070 3437 1125 τοῦ
3467 1072 3833 1141 δρουγγαρίου
3866 1075 4007 1127 Ῥω-

2421 1161 2597 1233 μανοῦ
2641 1161 2868 1226 τούτους
2899 1162 3233 1232 διαπερᾶσαι
3287 1161 3431 1214 κατὰ
3480 1160 3808 1231 Βουλγάρων
3858 1161 4006 1216 ῶστε

2420 1253 2782 1324 συμμαχῆσαι
2804 1254 2993 1308 Λέοντι
3016 1253 3095 1323 τῷ
3118 1253 3600 1325 Φωκᾷ,⁹Ρωμανοῦ
3628 1254 3685 1307 δὲ
3706 1255 4009 1308 καὶΊωὰνς

2417 1362 2511 1398 νου
2544 1348 2625 1411 είς
2664 1346 2848 1417 ἐριδας
2880 1347 2975 1400 καὶ¹
3027 1346 3367 1417 λογομαχίας
3419 1346 3706 1409 ἐλθόντων,
3764 1345 4003 1419 ὁρῶντε,

2417 1438 2617 1502 αὐτοὺς
2639 1441 2688 1493 οἱ
2727 1438 3069 1503 Πατζινάκαι
3101 1440 3237 1509 πρὸς
3266 1439 3529 1510 ἀλλήλους
3562 1440 4010 1510 διαμαχομένους

2417 1530 2509 1583 καὶ
2530 1530 2988 1595 συπασιάζοντας
3017 1529 3380 1601 ὑπεχώρησαν
3408 1533 3486 1595 είς
3516 1531 3582 1583 τὰ
3618 1532 3744 1585 ῐδια.
3770 1532 3876 1584 Τοῦ
3906 1548 4010 1583 πο-

2418 1622 2583 1691 λέμου
2610 1621 2664 1675 δὲ
2713 1622 2866 1686 τέλος
2888 1622 3171 1689 λαϐόντος,
3207 1624 3301 1677 καὶ
3332 1622 3788 1695 ὑποστρεψάντων
3822 1624 3881 1675 ἐν
3933 1625 4003 1693 τῇ

2417 1713 2571 1766 πόλει
2597 1712 2692 1765 τοῦ
2736 1730 2795 1766 τε
2843 1714 3128 1782 Ῥωμανοῦ
3156 1712 3369 1767 καὶτοῦ
3401 1715 3569 1781 Βογᾶ,
3608 1714 3676 1767 τὸ.
3699 1713 3822 1767 καθ’
3866 1714 4003 1765 ἑαυ-

2416 1805 2523 1858 τῶν
2553 1804 2886 1877 ἐκινήθησαν
2903 1822 2917 1836 ο
2945 1807 3039 1859 καὶ
3057 1808 3137 1869 εἰς
3153 1806 3407 1859 τοσοῦτον
3429 1807 3677 1859 κίνδυνον
3700 1805 3789 1857 τὸν
3806 1804 4006 1873 δρςυγ-

2417 1898 2610 1967 γάριον
2655 1894 2936 1966 Ῥωμανδν
2985 1898 3373 1966 περιέστησαν,
3408 1895 3548 1949 ὥστε
3582 1896 3677 1947 καὶ
3703 1894 4004 1948 καταδικά-

2414 1990 2615 2055 ζουσαν
2639 1988 2824 2059 ψῆφον
2869 1988 3171 2060 ἐξήνεγκαν
3203 1988 3314 2041 τῶν
3343 1987 3640 2057 ὀφθαλμῶν
3663 1986 4004 2057 στερηθῆναι

2411 2084 2487 2147 ὡς
2512 2083 2765 2153 ἀμελείᾳ,
2804 2083 3004 2153 μᾶλλον
3050 2083 3106 2136 δὲ
3144 2083 3451 2153 κακουργίξ.Ι
3482 2084 3556 2153 μὴ
3586 2081 4005 2152 διαπεράσαντα

2412 2177 2538 2239 τοὺς
2563 2174 2929 2241 Πατζινάκας,
2961 2174 3076 2229 ἀλλ’
3103 2176 3538 2246 ὑποχωρήσαντα
3555 2176 3739 2241 τάχιον
3763 2174 3856 2227 καὶ
3891 2190 4007 2242 μηο

2411 2269 2468 2322 δὲ
2493 2268 2618 2332 τοὺς
2656 2266 2956 2336 φεύγοντας
2996 2265 3286 2336 Ῥωμαίων
3313 2268 3369 2319 ἐν
3404 2268 3516 2329 τοῖς
3542 2266 3751 2327 πλοίοις
3799 2264 4002 2316 ὑποδε-

2413 2360 2665 2430 ξάμενον.
2702 2359 2813 2412 Καὶ
2848 2357 3007 2412 τοῦτο
3041 2357 3107 2411 ἂν
3139 2357 3450 2421 ἐπεπόνθει,
3477 2358 3524 2409 εί
3556 2357 3630 2428 μὴ
3661 2356 3814 2427 παρὰ
3841 2357 4007 2408 Κων-

2413 2451 2692 2506 σταντίνου
2732 2452 3025 2523 πατρικίου
3059 2449 3154 2504 τοῦ
3179 2449 3429 2519 Γογγύλη
3456 2450 3549 2503 καὶ
3580 2450 3855 2519 Στεφάνου
3892 2468 4007 2520 μα-

2411 2544 2657 2614 γίστρου,
2688 2542 2763 2606 ὡς
2783 2540 3099 2612 δυναμένων
3116 2540 3265 2611 παρὰ
3292 2543 3358 2610 τῇ
3394 2539 3683 2612 Δύγούστῃ
3704 2538 3899 2604 πολλὰ,
3928 2540 4004 2592 τὰ

2411 2638 2509 2707 τῆς
2537 2636 2829 2707 καταδίκης
2860 2635 3161 2707 ἀνετράπη.
3190 2633 3313 2687 Τῶν
3341 2633 3399 2686 δὲ
3429 2632 3754 2703 Βουλγάρων
3776 2636 3841 2703 τῇ
3865 2633 4005 2703 νίκῃ

2411 2728 2867 2800 κατεπαρθὲντων
2889 2728 2985 2781 καὶ
3027 2727 3547 2793 ἐκστρατευσάντων
3580 2726 3743 2796 μέχρι
3767 2728 3866 2794 τῆς
3893 2726 4003 2777 πό-

2408 2824 2568 2887 λεως,
2610 2819 2801 2891 ἐξῆλθε
2849 2819 3003 2873 Λέων
3054 2820 3083 2872 6
3130 2817 3446 2888 δομέστικος
3486 2816 3598 2870 τῶν
3642 2817 3847 2887 σχολῶν
3900 2820 4004 2871 καὶ

2425 2916 2674 2984 Ἰωάννης
2729 2916 2758 2968 6
2810 2912 3194 2983 ὲταιρειάρχης
3229 2911 3322 2963 καὶ
3374 2910 3643 2968 Νικόλαος
3672 2912 3700 2963 6
3730 2910 3842 2973 υίὸς
3897 2908 4002 2961 τοῦ

2409 3005 2598 3069 δουκὺς
2639 3005 2719 3067 εἰς
2740 3003 2916 3074 χῶρον
2931 3002 3193 3073 Θρακῷον
3210 2999 3355 3054 οὕτω
3386 3000 3678 3069 λεγόμενον
3701 3001 4006 3071 Κατασῦρ-

2408 3116 2507 3163 τας
2538 3099 2656 3168 ἅμα
2692 3096 2929 3165 πλείστῳ
2948 3094 3064 3165 λαῷ
3097 3093 3243 3147 κατὰ
3277 3093 3623 3164 Βουλγάρων.
3650 3094 3727 3164 Τῇ
3755 3094 3809 3146 δὲ
3836 3093 4006 3145 νυκτὶ

2334 3208 2378 3267 c
2411 3194 2690 3264 ἀδοκήτως
2723 3191 3095 3246 ἐπιπεσόντων
3137 3190 3322 3251 αὐτοῖς
3348 3188 3456 3240 τῶν
3491 3186 3832 3259 Βουλγὰρων,
3894 3188 4002 3240 καὶ

2406 3286 2500 3340 τοῦ
2530 3285 2853 3356 δομεστίκου
2886 3283 3171 3352 φυγόντος,
3196 3281 3409 3349 ἐσφάγη
3432 3278 3698 3343 Νικόλαος
3722 3278 3750 3332 6
3767 3278 3881 3342 υίὸς
3899 3278 4002 3332 τοῦ

2406 3377 2597 3440 δουκδς
2623 3377 2717 3430 καὶ
2744 3374 2930 3429 πολλοὶ
2963 3374 3145 3445 ἕτεροι
3182 3374 3300 3441 μετ’
3335 3370 3523 3426 αὐτοῦ.

2481 3478 2570 3525 ια’.
2604 3470 2883 3540 Θεόδωρος
2931 3463 3025 3520 οὖν
3060 3469 3088 3519 6
3122 3464 3218 3519 τοῦ
3274 3465 3539 3536 βασιλέως
3578 3465 4002 3520 Κωνσταντίνου

2406 3563 2778 3631 παιδαγωγὸς,
2814 3561 2957 3631 ὁρῶν
3015 3560 3427 3614 Κωνστανττνον
3491 3560 4003 3628 παρακοιμὼμενον

2405 3658 2485 3718 εἰς
2514 3655 2721 3709 Λέοντα
2756 3654 2845 3706 τὸν
2901 3653 3031 3705 ἴδιον
3068 3650 3319 3721 γαμϐρὸν
3347 3651 3447 3719 τὴν
3478 3649 3757 3720 βασιλείαν
3793 3668 4004 3718 σφετε-

2406 3747 2713 3820 ριζόμενον,
2745 3744 3019 3815 ὑπέθηκεν
3047 3742 3446 3813 Κωνσταντίνῳ
3474 3734 3566 3812 τῷ’
3604 3743 3814 3813 βασιλεί
3849 3745 4000 3796 Ῥω-

2407 3840 2577 3909 μανδν
2606 3838 2699 3890 τὸν
2736 3838 3100 3908 δρουγγὰριον
3142 3832 3544 3903 προσλαϐέσθαι
3594 3835 3670 3896 ὡς
3719 3836 4003 3902 πατρικὸν

2403 3931 2569 3985 αὑτοῦ
2596 3929 2782 3984 δοῦλον
2834 3928 2928 3981 καὶ
2960 3926 3148 3979 εὔνουν
3178 3925 3248 3979 τὰ
3306 3926 3445 3995 πρδς
3493 3927 3677 3991 αὑτὸν,
3722 3926 3796 3987 ὡς
3827 3925 3898 3978 ἂν

2404 4024 2503 4078 σὺν
2528 4022 2699 4090 αὐτῷ,
2726 4022 2822 4074 καὶ
2847 4019 3232 4088 διαφυλάττειν
3258 4019 3442 4081 αὐτὸν,
3482 4020 3577 4071 καὶ
3610 4020 3669 4071 ὲν
3695 4013 3776 4080 οἷς
3804 4018 3871 4071 ἂν
3896 4018 4005 4089 δὲῃ

2403 4110 2695 4180 σύμμαχον
2738 4108 2882 4178 ἔχειν
2925 4110 3021 4161 καὶ
3059 4106 3273 4178 βοηθόν.
3328 4108 3465 4177 Περὶ
3506 4107 3697 4161 τούτου
3730 4107 3823 4161 οὖν
3855 4109 4002 4161 πολ-

2401 4203 2561 4265 λάκις
2583 4200 2834 4272 λαληθεὶς
2878 4199 3158 4270 Ῥωμανὸς
3179 4200 3473 4253 ἀπείπατο.
3504 4200 3863 4270 Γραμμάτιον
3896 4196 4002 4254 οὖν

2400 4298 2429 4350 6
2460 4295 2710 4364 βασιλεὺς
2747 4294 3160 4356 Κωνσταντίνος
3183 4293 3487 4363 αὐτοχείρῳ
3519 4292 3823 4363 διαπράξας
3849 4311 4003 4365 γρα-

2402 4390 2475 4457 φῇ
2515 4386 2612 4439 καὶ
2668 4386 2962 4455 ὑπογραφῇ
3000 4384 3498 4455 διασφαλισαμενος
3532 4386 3855 4439 ἀπέστειλεν
3889 4388 3999 4440 αὑ-

2398 4480 2478 4547 τῷ
2496 4498 2510 4512 ·
2534 4480 2671 4547 ὅπερ
2697 4477 2857 4540 αὐτὸς
2881 4477 2974 4529 ἐπὶ
2998 4480 3184 4547 χεῖρας
3203 4477 3385 4529 λαϐὼν
3418 4477 3687 4546 ὑπέσχετο
3711 4476 3813 4546 τὴν
3840 4478 3998 4531 κατα

712 4572 887 4642 ceptis
913 4571 1335 4626 Constantinum
1372 4570 1741 4626 accubitorem
1770 4571 1999 4641 ejusque
2028 4571 2214 4627 allines
2237 4588 2295 4627 se

2406 4570 2496 4624 τοῦ
2531 4568 3032 4638 παρακοιμωμένου
3063 4568 3478 4620 Κωνσταντίνου
3522 4569 3616 4621 καὶ
3644 4566 3756 4618 τῶν
3785 4585 3998 4635 συγγε-

714 4680 1130 4735 aggressurum,
1160 4680 1267 4730 qua
1302 4679 1399 4734 par
1430 4664 1593 4719 fuerit
1616 4665 1849 4728 ratione,
1884 4666 2159 4735 pollicitus
2189 4676 2292 4722 est.

713 4757 847 4827 Ejus
902 4758 1087 4826 itaque
1128 4758 1204 4811 rei
1268 4758 1373 4813 late
1417 4766 1749 4826 pervagatae
1810 4756 1977 4823 fama,
2050 4773 2175 4813 cum
2204 4774 2297 4813 ac—

712 4845 931 4899 cubitor
974 4845 1287 4900 Romanum
1345 4855 1562 4913 urgeret
1591 4855 1649 4901 ut
1675 4861 1802 4902 cum
1835 4849 2012 4903 classe
2066 4849 2290 4905 militari

707 4941 820 5009 jam
854 4939 1128 5009 stipendio
1158 4940 1360 4994 donata
1409 4940 1874 5027 proﬁcisceretur,
1920 4957 2044 4996 cum
2090 4940 2292 4998 Roma-

713 5046 817 5083 nus
846 5031 899 5083 in
921 5030 1102 5084 navali
1119 5030 1278 5099 quasi
1304 5032 1674 5086 instructurus
1699 5029 1931 5087 classem
1951 5041 2289 5099 versaretur,

711 5122 861 5177 venit
891 5123 958 5177 ad
992 5138 1118 5177 eum
1153 5122 1550 5178 Constantinus
1583 5123 1864 5178 accubitor
1894 5124 2040 5179 velut
2073 5125 2293 5180 solven-

709 5216 793 5269 da:
816 5214 1011 5269 classis
1034 5215 1310 5285 negotium
1328 5224 1725 5270 maturaturus.
1753 5213 1855 5272 Cui
1875 5215 2157 5271 Romanus
2174 5233 2295 5273 ser-

709 5308 801 5362 vili
824 5308 1010 5363 habitu
1044 5318 1309 5379 gestuque
1339 5308 1559 5363 obviam
1590 5308 1789 5373 lactus,
1814 5310 1959 5378 quod
1995 5310 2292 5381 jubebatur

709 5400 1019 5471 promptius
1053 5416 1113 5455 se
1158 5398 1430 5456 facturum
1473 5402 1752 5470 pollicitus
1789 5413 1893 5457 est.
1925 5403 2175 5474 Cumque
2218 5420 2283 5459 ex

706 5507 775 5547 eo
795 5492 1187 5547 Constantinus
1212 5491 1603 5558 sciscitaretur,
1636 5509 1765 5547 num
1811 5494 2089 5565 elegantes
2136 5496 2284 5553 viros

708 5593 761 5637 et
797 5581 987 5651 fortes,
1018 5583 1083 5638 ad
1125 5584 1538 5654 imperatoriam
1580 5586 1963 5655 impellendam
2004 5588 2281 5646 triremem

707 5676 935 5731 iloncos
985 5675 1203 5742 habeat,
1250 5676 1407 5748 jubet
1437 5679 1621 5734 statim
1654 5677 1937 5736 Romanus
1971 5697 2136 5737 manu
2178 5698 2273 5737 ex-

2394 4662 2502 4715 νῶν
2526 4659 2693 4713 αὑτοῦ
2724 4660 2988 4724 ἐπίθεσιν,
3017 4658 3102 4731 [Ρ.
3133 4658 3262 4730 242]
3289 4659 3364 4722 ὼς
3401 4647 3510 4712 δέει
3537 4659 3604 4723 ⁸⁸,
3624 4661 3993 4731 ποιήσασθαι.

2394 4756 2508 4825 Τῆς
2538 4754 2727 4825 φήμης
2752 4750 2847 4807 οὖν
2870 4753 3074 4821 ταύτης
3118 4752 3437 4823 διαθεούσης
3471 4752 3677 4807 καὶτοῦ
3705 4770 3992 4824 παρακοιο

2396 4844 2651 4915 μωμένου
2711 4844 3223 4912 καταναγκάζοντος
3289 4845 3575 4914 Ῥωμανδν
3644 4847 3993 4916 ἀποκινῆσαι

2395 4939 2533 5010 μετὰ
2561 4938 2654 4991 τοῦ
2695 4939 2883 4992 στόλου
2936 4939 3035 5009 τὴν
3064 4940 3461 5012 νενομισμένην
3497 4941 3666 5012 ρόγαν
3694 4940 3988 5008 λαϐόντος.

2395 5033 2455 5085 ὲν
2482 5034 2550 5102 τῇ
2587 5028 2870 5101 ὲξαρτύσει
2901 5030 2957 5083 δὲ
2983 5029 3137 5093 ὄντος
3161 5029 3257 5083 τοῦ
3294 5030 3579 5099 Ῥωμανοῦ
3608 5031 3701 5083 καὶ
3727 5032 3797 5083 τὰ
3820 5031 3989 5084 πλοῖα

2393 5124 2831 5195 εὖτρεπίζοντος,
2850 5122 3073 5192 ἐξῆλθεν
3095 5124 3505 5186 Κωνστανττνος
3542 5124 3876 5193 παρακοιμὼ
3886 5142 3991 5192 με-

2394 5235 2483 5280 νος
2513 5217 2590 5280 ὡς
2634 5216 3047 5279 ἐπισπουδάζων
3084 5215 3248 5269 αὐτὸν
3298 5214 3395 5268 τοῦ
3445 5214 3763 5270 ἐκπλεῦσαι.
3806 5219 3867 5269 Ὀ
3925 5217 3987 5271 δὲ

2390 5309 2567 5380 τούτῳ
2596 5307 2928 5378 δουλικῷτῷ
2976 5308 3214 5377 σχήματι
3242 5308 3685 5379 προῦπήντησεν,
3720 5308 3816 5360 καὶ
3838 5326 3986 5375 προ-

2397 5399 2583 5471 θύμως
2603 5400 2855 5468 ποιήσειν
2884 5397 2945 5450 τὸ
2979 5397 3337 5469 κελευόμενον
3367 5398 3769 5468 ἐπηγγέλλετο*
3794 5397 3901 5451 ⁴καὶ
3931 5402 3983 5452 εξ

2393 5495 2506 5564 ἔχει
2539 5492 2741 5561 ἄνδρας
2762 5491 2991 5554 εὐειδεῖς
3020 5492 3115 5545 καὶ
3176 5492 3458 5558 γενναίους
3485 5491 3827 5564 ἐπιτηδείους
3879 5494 3984 5563 τὴν

2396 5587 2681 5660 βασιλικὴν
2713 5587 2956 5657 ἐρέττειν
2982 5587 3184 5656 τριήρη
3209 5587 3454 5647 εἰπόντος
3495 5586 3631 5657 πρὸς
3668 5587 3979 5656 Ῥωμαικὸν,

2380 5678 2534 5744 οὗτος
2586 5679 2747 5743 εὐθὺς
2779 5678 2995 5732 ἔνευσεν
3044 5678 3255 5743 τούτοις
3284 5682 3350 5750 τῇ
3385 5679 3529 5749 χειρὶ
3578 5677 3817 5746 ἑτοίμοις
3854 5676 3980 5734 οὖσι

2005 5780 2238 5837 VARl/E
2273 5775 2681 5837 LECTIONES.

781 5862 827 5895 ⁸⁸
855 5864 963 5917 δέοι
991 5864 1012 5917 ?
1039 5880 1106 5920 an
1130 5864 1209 5918 δεῖ
1235 5867 1258 5918 ?
