4154 6450
129 403 227 466 409

851 404 1000 464 LIB.
1034 403 1134 463 Vl.
1169 426 1235 438 -
1271 400 1849 463 CONSTANTINUS
1882 401 2643 475 PORPHYROGENITUS.

130 510 353 585 πλησίον
383 512 585 570 ἐλθεῖν.
618 515 681 567 Oi
706 512 763 567 δέ
786 511 855 566 τὰ
871 514 973 583 τῆς
1004 511 1200 581 βουλῆς
1222 511 1445 576 ειδότες,
1473 511 1693 579 ἔγγιστα

1805 510 2016 579 peditus
2052 513 2129 566 illi
2164 524 2364 582 praesto
2398 531 2522 572 esse
2548 534 2613 573 ac
2663 535 2831 591 prope
2852 522 3134 586 accedere.
3187 525 3251 580 lli
3289 543 3385 584 au-

126 606 219 676 ἤδη
239 605 334 659 τοῦ
368 606 647 676 δρόμωνος
688 603 969 675 Ῥωμανοῦ
993 603 1301 672 γεγονότος,
1338 603 1526 675 ἐπειδὴ
1551 597 1706 668 οὗτος

123 698 293 752 ὀπίσω
316 697 414 751 τοῦ
443 697 948 768 παρακοιμωμένου
998 696 1413 750 Κωνσταντίνου
1464 712 1704 765 περιπα-

122 792 227 845 τῶν
244 794 569 863 ἀνήρπασεν
598 792 762 845 αὑτὸν
787 793 909 854 ταῖς
936 790 1092 860 χερσὶ
1110 790 1226 853 καὶ,
1271 790 1475 858 Ἄρατε
1494 789 1701 854 αὐτὸν,

119 886 494 955 ἀνεφώνησεν,
553 886 895 956 παραχρῆμα
934 878 1081 937 οὗτοι
1128 882 1319 936 τοῦτον
1358 883 1702 952 ἁρπάσαντες

120 978 195 1040 εἰς
215 977 318 1048 τὴν
352 977 446 1029 τοῦ
467 977 834 1048 δρουγγαρίου
871 976 1154 1045 Ῥωμανοῦ
1178 978 1378 1046 τριήρη
1410 976 1702 1044 εἰσήγαγον

119 1074 209 1123 καὶ
242 1072 301 1122 ἐν
320 1074 388 1141 τῇ
428 1072 701 1141 ἀσφαλείᾳ
759 1074 1032 1141 κατεῖχον.
1072 1071 1264 1134 Οὐδεὶς
1322 1067 1416 1124 οὖν
1453 1073 1480 1124 ὁ
1530 1074 1700 1140 ὑπερ-

116 1162 368 1227 ασπίζων
419 1158 491 1232 ἦν
523 1163 972 1235 ἢκατοικτείρων
1005 1163 1096 1215 τὸν
1124 1162 1433 1233 ἄνθρωπον,
1482 1164 1699 1216 πάντων

113 1254 220 1305 τῶν
254 1254 526 1306 συνόντων
560 1253 710 1323 αὐτῷ
743 1253 1107 1323 χρησαμένων
1142 1256 1311 1323 φυγῇ.
1364 1252 1550 1307 Ταῦτα
1575 1256 1696 1326 Ζωὴ

112 1346 405 1414 Αύγούστα
427 1345 678 1414 μαθοῦσα
704 1348 1094 1416 προσκαλεῖται
1118 1347 1209 1399 τὸν
1236 1348 1582 1417 πατριάρχην
1601 1348 1649 1398 Ν
1654 1366 1699 1400 ι-

111 1438 310 1491 κόλαον
332 1438 431 1491 καὶ
468 1438 595 1501 τοὺς
622 1437 794 1507 αὐτῆς
828 1441 1210 1508 μεγιστάνους,
1244 1438 1334 1492 καὶ
1377 1438 1694 1491 ἀποστέλλει

111 1531 243 1602 πρὸς
292 1530 577 1600 Ῥωμανδν
622 1529 686 1583 τὸ
713 1529 936 1598 γεγονὸς
960 1529 1187 1583 θέλουσα
1224 1530 1438 1601 μαθεῖν.
1476 1531 1694 1584 Τούτων

108 1620 199 1677 οὖν
226 1623 705 1694 διαπρασάντων,
752 1622 923 1687 λίθοις
952 1626 981 1678 ὁ
1023 1624 1151 1687 λαὸς
1192 1624 1388 1687 αὐτοὺς
1422 1623 1693 1693 ἐξήλασαν

110 1715 421 1785 βὰλλοντες.
457 1715 665 1767 Ἕωθεν
685 1710 780 1768 οὖν
801 1714 1094 1779 ἐξελθοῦσα
1109 1716 1229 1785 Ζωὴ
1256 1716 1315 1767 ἐν
1338 1716 1417 1786 τῷ
1446 1715 1539 1769 τοῦ
1566 1717 1692 1769 Βου-

107 1804 391 1867 κολέοντος
443 1804 653 1874 ἡλιακῷ
702 1803 972 1872 ἐπεφώνει
1005 1804 1085 1875 τῷ
1127 1804 1229 1873 uti]:
1254 1805 1350 1858 καὶ
1374 1807 1512 1858 πᾶσι
1534 1823 1545 1835 ο
1568 1805 1690 1867 Πῶς

106 1888 212 1962 ἄρα
236 1895 471 1962 γέγονεν
501 1895 534 1964 ἡ
558 1892 824 1963 ἀνταρσία
855 1893 1025 1963 αὕτη;
1048 1896 1257 1966 Ἕφησε
1277 1895 1332 1949 δὲ
1362 1895 1499 1965 πρδς
1527 1895 1694 1967 αὐτὴν

102 1987 130 2037 ὁ
159 1986 518 2054 παιδαγωγὸς
542 1986 635 2040 τοῦ
672 1986 933 2056 βασιλέως
966 1988 1374 2042 Κωνσταντίνου
1398 1989 1694 2060 Θεόδωρος,

106 2078 182 2129 δτι
222 2077 333 2130 Διά
384 2078 447 2129 τὸ
475 2077 743 2132 ἀπολέσαι
798 2078 1003 2132 Λέοντα
1035 2079 1126 2133 τὸν
1162 2081 1355 2134 Φωκᾶν
1400 2083 1525 2143 τοὺς
1564 2082 1699 2134 Ῥω-

107 2170 305 2237 μαίους
336 2169 431 2221 καὶ
462 2172 872 2223 Κωνσταντῖνον
901 2171 1401 2243 παρακοιμώμενον
1431 2175 1491 2226 τὸ
1515 2174 1696 2227 παλά-

104 2277 213 2312 τιον
242 2260 425 2313 ταῦτα
451 2260 729 2327 γεγόνασι.
768 2262 1143 2328 Πῳσελάϐετο
1174 2262 1230 2315 δέ
1260 2266 1289 2316 ὁ
1316 2262 1566 2333 βασιλεὺς
1593 2262 1693 2315 Νι-

102 2350 300 2402 κόλαον
352 2349 447 2400 τὸν
514 2351 860 2420 πατριάρχην
924 2352 1021 2404 καὶ
1078 2352 1349 2419 Στέφανον
1394 2353 1695 2421 μάγιστρον

105 2444 349 2492 συνεῖναι
371 2436 523 2507 αὐτῷ
550 2440 609 2490 ἐν
637 2438 716 2507 τῷ
745 2438 1152 2512 παλατίῳ,υτὴν
1178 2440 1428 2505 ἐξουσίαν
1457 2445 1536 2504 εἰς
1565 2443 1693 2494 ἐαυ-

101 2530 193 2582 τὸν
221 2530 339 2583 ἀπὸ
379 2532 479 2598 τῆς
535 2528 743 2600 μητρὸς
778 2529 1186 2600 ἐπισπώμενος.
1234 2532 1310 2602 Τῇ
1339 2531 1395 2584 δὲ
1431 2532 1693 2600 ἐπαύριον

100 2623 429 2677 ἀπέστειλεν
474 2623 732 2692 Ἰωάννην
758 2622 852 2675 τὸν
874 2624 1164 2694 Τουϐάκην
1190 2625 1346 2693 Ζωὴν
1376 2626 1692 2693 Δύγούσταν

98 2715 192 2766 τοῦ
250 2713 521 2766 παλατξου
588 2711 979 2767 καταϐιϐάσαι.
1051 2714 1114 2766 Ἡ
1154 2715 1212 2766 δέ
1266 2714 1386 2784 μετ’
1430 2716 1692 2785 ὀλολυγῆς

98 2809 193 2859 καὶ
234 2808 497 2878 δακρύων
550 2805 630 2876 τῷ
687 2807 885 2876 ἑαυτῆς
945 2807 1358 2877 προσπλακεῖσα
1393 2808 1493 2876 υἱῷ
1554 2810 1689 2879 πρὸς

98 2899 452 2968 συμπάθειαν
518 2896 793 2968 μητρικὴν
844 2899 939 2949 καὶ
991 2894 1174 2952 οἶκτον
1218 2898 1308 2951 τὸν
1360 2899 1477 2951 υἱὸν
1504 2900 1687 2970 Exivi;-

100 3008 209 3053 σενν
278 2991 359 3053 ὡς
425 2990 517 3042 τὸν
580 2990 804 3059 βασιλέα
850 2992 1025 3043 εἰπεῖν
1065 2990 1203 3062 πρὸς
1250 2994 1377 3053 τοὺς
1424 2993 1685 3060 ἄγοντας.

106 3083 368 3135 Ἐἁσιιτε
392 3080 523 3148 μετ’
569 3081 717 3148 ἐμοῦ
768 3070 924 3133 εἶναι
986 3080 1101 3148 τὴν
1137 3080 1364 3149 μητέρα
1414 3099 1555 3150 μου.
1623 3083 1687 3134 0i

1811 612 1939 670 tem,
1962 621 2100 675 quos
2117 608 2404 664 consilium
2430 626 2536 666 non
2560 610 2774 678 lateret,
2811 616 3042 671 Romani
3056 618 3169 687 jam
3193 620 3381 677 celoce

1809 696 2057 763 proxima
2090 696 2320 768 ipsoque
2365 700 2715 758 Constantini
2766 707 3104 764 aceubitoris
3151 711 3381 784 vestigia

1806 800 2107 858 premente,
2143 805 2269 846 cum
2303 793 2350 848 is
2391 808 2515 849 eum
2562 797 2819 853 manibus
2876 801 3241 870 corripuisset
3294 818 3381 866 ac,

1808 880 1999 937 Tollite
2027 900 2167 947 eum,
2200 886 2515 954 clamasset,
2540 899 2782 945 actutum
2814 900 3030 962 raptum
3061 895 3112 947 in
3148 893 3382 950 Romani

1806 974 2088 1045 drungarii
2114 976 2276 1046 393
2299 980 2574 1034 triremem
2621 985 2723 1037 sub
2780 985 3034 1039 custodia
3084 987 3377 1041 tenendum

1805 1068 2057 1123 intulere.
2092 1072 2195 1135 Qui
2227 1082 2407 1126 autem
2438 1074 2616 1127 virum
2646 1075 2963 1131 defenderet
2989 1087 3085 1132 aut
3118 1079 3226 1132 ulla
3261 1079 3379 1147 ejus

1805 1161 2159 1216 miseratione
2214 1174 2545 1231 moveretur,
2580 1183 2646 1220 ne
2680 1184 2822 1222 unus
2854 1170 3071 1237 quidem
3125 1170 3380 1226 inventus

1798 1262 1902 1315 est,
1938 1267 2059 1306 mox
2093 1252 2217 1323 fuga
2245 1254 2469 1323 dilapsis
2492 1258 2749 1314 omnibus
2777 1261 2871 1329 qui
2910 1261 2982 1315 illi
3030 1264 3267 1317 comites
3291 1278 3380 1317 es-

1798 1354 1937 1397 sent.
1968 1343 2063 1399 His
2104 1347 2171 1402 ad
2206 1347 2372 1401 Zoem
2401 1349 2706 1419 Augustam
2756 1353 3001 1422 perlatis,
3033 1355 3124 1407 illa
3157 1353 3381 1411 Nicolao

1798 1438 2023 1507 suisque
2057 1440 2418 1508 optimatibus
2437 1443 2717 1498 accersitis
2744 1445 2809 1498 ad
2841 1445 3149 1500 Romanum
3185 1447 3374 1512 mittit,

1795 1529 1887 1598 qui
1929 1528 2057 1584 facti
2086 1547 2311 1585 causam
2347 1533 2650 1603 inquirant.
2705 1535 2840 1590 (‘um
2879 1538 3065 1607 itaque
3115 1538 3377 1606 trajecis-

1796 1631 1937 1682 sent,
1969 1621 2154 1689 papuli
2188 1622 2427 1677 coitione
2485 1623 2761 1693 lapidibus
2814 1626 3038 1695 appetiti
3087 1642 3152 1681 ac
3200 1611 3381 1699 fugati

1791 1718 1938 1765 sunt.
1972 1710 2130 1766 Mane
2184 1713 2351 1783 igitur
2378 1728 2595 1784 egressa
2634 1714 2743 1771 Zoe
2768 1717 2833 1772 ad
2859 1715 3182 1773 Bucoleouis
3206 1719 3383 1773 solare

1794 1802 2163 1873 horologium,
2218 1803 2332 1859 filio
2379 1806 2706 1875 cunctisque
2755 1807 3049 1871 clamabat.
3107 1814 3427 1877 quomodo-

1802 1891 2026 1947 rebellio
2055 1892 2169 1949 haec
2190 1894 2528 1966 contigisset.
2555 1896 2656 1952 Cui
2688 1896 3008 1954 Theodorus
3031 1899 3381 1955 Constantini

1800 1985 2145 2055 imperatoris
2198 1990 2543 2061 paedagogus,
2620 1991 2825 2046 idcirco
2891 1991 3153 2046 nimirum
3207 1993 3383 2047 conti-

1798 2082 1964 2149 gisse,
1997 2081 2143 2151 quod
2167 2080 2277 2136 Leo
2300 2081 2510 2136 Phocas
2540 2081 2838 2145 Romanos.
2869 2081 3265 2138 Constantinus
3290 2098 3383 2137 ac-

1797 2170 2015 2225 cubitor
2051 2172 2230 2224 aulam
2257 2172 2603 2240 perdidisset.
2641 2171 2861 2226 Interim
2887 2174 3187 2242 imperator
3215 2172 3379 2227 Nico-

1797 2262 1943 2316 laum
1982 2263 2351 2331 palriarcham
2385 2273 2439 2318 et
2469 2264 2803 2333 Stephanum
2835 2266 3155 2334 magistrum
3188 2266 3289 2320 sibi
3324 2265 3379 2319 in

1797 2352 1921 2405 aula
1957 2352 2152 2407 adesse
2177 2353 2353 2421 jubet,
2380 2354 2638 2407 translata
2674 2355 2727 2408 iu
2752 2370 2810 2408 se
2839 2370 2869 2408 a
2893 2363 3064 2409 matre
3092 2362 3379 2424 potestate.

1794 2440 2065 2497 Postridie
2102 2444 2306 2497 missus
2341 2442 2579 2497 Joannes
2611 2444 2882 2511 Tubaces,
2912 2445 3004 2514 qui
3037 2443 3202 2498 Zoem
3254 2445 3369 2497 Au-

1796 2544 2008 2604 gustam
2040 2536 2167 2589 aula
2208 2536 2453 2604 ejiceret.
2488 2534 2557 2589 Ea
2590 2551 2712 2590 cum
2738 2534 2866 2590 fletu
2896 2551 2957 2590 ac
2981 2536 3186 2605 ejulatu
3210 2535 3262 2589 iu
3288 2536 3381 2591 lilii

1796 2628 2117 2696 complexus
2159 2644 2329 2683 ruens
2362 2628 2427 2681 ad
2453 2637 2755 2683 maternam
2806 2629 3211 2683 miserationem
3242 2627 3379 2682 aﬂ'e-

1794 2728 2057 2786 ctumque
2082 2718 2312 2785 inflexit,
2339 2719 2410 2772 ita
2437 2734 2568 2772 sane
2593 2727 2650 2771 ut
2680 2720 2975 2787 imperator
3006 2720 3071 2774 ad
3106 2720 3368 2774 ducentes

1790 2809 2106 2864 clamaverit
2135 2828 2148 2863 :
2181 2810 2349 2865 Sinite
2389 2823 2445 2863 ut
2478 2820 2649 2864 mater
2682 2828 2796 2863 mea
2847 2826 3044 2864 mecum
3106 2821 3383 2875 versetur;

1790 2902 1993 2971 vixque
2053 2903 2277 2955 verbum
2334 2901 2657 2971 protulerat,
2715 2916 2840 2955 cum
2897 2902 2971 2955 illi
3022 2899 3377 2955 dimiserunt.

1791 2993 2129 3047 Accersitum
2175 3008 2307 3047 vero
2343 2994 2637 3063 imperator
2661 3001 2715 3046 et
2753 2992 3065 3061 patriarcha
3110 2989 3378 3045 Joannem

1793 3084 2053 3139 Garidam
2110 3084 2425 3138 scholarum
2486 3082 2851 3137 domesticum
2908 3097 3029 3137 esse
3070 3081 3378 3151 jusserunt!

92 3173 151 3226 δὲ
176 3174 394 3243 ταύτην
429 3176 548 3243 ἅμα
577 3173 657 3243 τῷ
683 3173 829 3244 λόγῳ
860 3174 1107 3243 ἀφῆκαν.
1167 3173 1688 3243 Προσκαλεσάμενος

1797 3178 1953 3230 veriti
1990 3192 2055 3229 nc
2080 3176 2191 3229 Leu
2210 3175 2426 3229 Phocas
2451 3176 2503 3228 in
2534 3174 2887 3229 rebellionem
2915 3183 3234 3227 verteretur.
3260 3172 3379 3227 Non

90 3266 148 3318 δὲ
182 3268 210 3319 ὅ
240 3283 305 3319 τε
329 3265 589 3335 βασιλεὺς
621 3265 714 3317 καὶ
735 3268 763 3317 ὀ
793 3266 1142 3335 πατριάρχης
1182 3265 1435 3334 Ἰωάννην
1459 3266 1550 3317 τὸν
1582 3266 1688 3319 ιά-

92 3359 250 3428 ριδΞν
275 3357 651 3428 προεϐάλοντο
681 3357 1004 3425 δομέστικον
1039 3357 1148 3408 τῶν
1180 3356 1407 3425 σχολῶν,
1457 3356 1691 3419 δεδιότες

92 3450 171 3519 μὴ
205 3451 291 3512 εἰς
326 3449 635 3518 ἁνταρσὶαν
662 3450 889 3518 χωρήσῃ
916 3451 944 3501 ὁ
985 3449 1180 3511 Φωκᾶς
1205 3449 1381 3502 Λέων.
1430 3448 1487 3501 Ὀ
1504 3448 1559 3502 δὲ
1581 3448 1692 3502 οὔτ’

88 3544 283 3595 ἔνευσε
318 3542 480 3593 τοῦτο
505 3539 781 3608 γενέσθαι,
810 3542 860 3593 εὶ
911 3539 986 3609 μὴ
1014 3540 1292 3610 Θεόδωρον
1314 3541 1405 3593 τὸν
1428 3542 1694 3610 γυναικά-

85 3636 287 3700 6:1qu
319 3631 489 3685 αὑτοῦ
543 3632 637 3684 τὸν
680 3632 1014 3701 Ζουφινεζὲρ
1062 3632 1155 3683 καὶ
1190 3630 1416 3699 Συμεὼν
1454 3632 1545 3683 τὸν
1577 3633 1692 3685 υἱὸν

87 3726 262 3780 αὑτοῦ
316 3723 657 3794 προεϐάλετο
688 3722 1076 3793 ἐταιρειάρχας
1102 3723 1169 3775 ⁸⁷.
1204 3722 1430 3791 Ὄρκοις
1480 3722 1572 3776 οὖν
1602 3723 1690 3793 βει

86 3819 361 3880 ϐαιωθεὶς
390 3819 484 3871 ὕπ’
524 3815 704 3869 αὐτῶν
757 3814 1028 3886 κατῆλθεν
1081 3819 1139 3867 ἐν
1188 3814 1267 3883 τῷ
1321 3816 1455 3883 οἴκῳ
1502 3814 1687 3869 αὑτοῦ.

86 3910 176 3982 [Ρ.
223 3908 359 3979 ἳιὸ]
391 3910 455 3961 Οἱ
483 3906 537 3960 δὲ
564 3907 877 3977 παραυτίκα
910 3908 1037 3969 τοὺς
1068 3909 1352 3972 συγγενεῖς
1381 3906 1547 3959 αὑτοῦ
1592 3906 1686 3959 τοῦ

83 4003 367 4055 παλατίου
399 3996 1102 4061 καταϐιϐἀζουσιν.Τούτων
1126 3994 1219 4050 οὖν
1250 3998 1386 4068 πρὸς
1408 3998 1572 4050 αὑτὸν
1600 3997 1686 4049 ἐλ-

82 4096 323 4160 θόντων,
366 4095 444 4167 ᾡς
473 4093 739 4146 ἐθεάσατο
769 4092 989 4154 αὐτοὺς,
1041 4090 1244 4160 τρόμος
1294 4092 1459 4144 αὑτὸν
1493 4091 1685 4144 ἐλαϐεν

82 4191 184 4239 καὶ
216 4185 444 4255 φρενῶν
473 4185 751 4246 ἔκστασις.
812 4182 987 4244 Εὐθὺς
1019 4176 1112 4234 οὖν
1141 4182 1336 4249 ἐξῆλθε
1383 4184 1516 4253 πρδς
1550 4183 1684 4235 Ῥω-

83 4281 293 4351 μανὶρν.
328 4277 428 4332 καὶ
478 4278 776 4347 διηγήσατο
806 4273 956 4344 αὐτῷ
1000 4271 1088 4327 οἷα
1142 4273 1435 4328 πέπονθεν.
1476 4275 1689 4344 Συμφι-

80 4375 315 4437 λιωθεὶς
341 4368 437 4425 οὖν
476 4370 645 4439 αὐτῷ,
675 4372 769 4422 καὶ
794 4371 991 4440 ὅρκους
1017 4368 1139 4431 δοὺς
1190 4369 1285 4420 καὶ
1320 4367 1499 4421 λαϐὼν
1548 4368 1689 4423 ὥστε

1792 3270 2063 3339 acquievit
2107 3270 2196 3322 ille
2226 3278 2285 3322 ut
2318 3283 2517 3321 mumts
2575 3267 2867 3336 acciperet,
2917 3267 3021 3319 nisi
3061 3264 3382 3319 Theodorus

1793 3360 2135 3428 Zuphinczer
2178 3360 2326 3416 illius
2364 3360 2500 3411 levir
2538 3366 2592 3411 ct
2614 3356 2851 3426 Symeon
2880 3358 3001 3426 ejus
3030 3355 3173 3410 filius
3203 3356 3377 3411 finde-

1802 3459 2049 3505 ratorum
2107 3451 2268 3521 393
2328 3451 2526 3504 turmis
2585 3452 3013 3519 prmlirerentur.
3077 3449 3379 3501 Amborum

1792 3544 1977 3613 itaque
2012 3543 2372 3612 jurejurando
2404 3542 2600 3608 fretus,
2634 3541 2687 3595 in
2718 3541 2942 3594 domum
2988 3555 3143 3594 suam
3186 3539 3335 3593 venit
3363 3557 3377 3604 ;

1793 3651 2037 3705 moxque
2068 3636 2216 3689 illius
2251 3635 2437 3689 amnes
2460 3636 2527 3688 ab
2552 3635 2632 3687 eis
2659 3635 2783 3688 aula
2821 3633 3000 3703 cjecti.
3033 3631 3182 3698 Quos
3215 3632 3280 3685 ad
3317 3647 3377 3686 se

1791 3728 2072 3782 venientes
2098 3735 2156 3781 ut
2207 3729 2441 3796 aspexit,
2499 3736 2704 3780 tremor
2736 3735 3040 3794 stuporque
3067 3740 3191 3778 eum
3221 3725 3375 3778 inva-
3446 3714 3449 3717 ’

1792 3819 1885 3872 sit.
1929 3817 2235 3873 Confestim
2270 3818 2436 3885 igitur
2478 3816 2544 3869 ad
2604 3817 2909 3870 ltotnanum
2944 3817 3109 3879 venit,
3164 3823 3215 3869 et
3260 3831 3383 3884 qua:

1794 3912 1871 3965 illi
1905 3910 2227 3963 acciderant
2250 3909 2511 3962 narravit.
2547 3908 2783 3962 Arctiori
2814 3908 3000 3977 itaque
3024 3908 3260 3962 amicitia
3295 3908 3373 3960 illi

1783 4003 2115 4072 implicatur,
2152 4002 2401 4070 datisque
2429 4009 2483 4054 et
2512 4002 2748 4070 acceptis
2801 4002 3151 4071 juramentis,
3185 4016 3292 4053 uno
3327 4002 3381 4054 in

1783 4103 2065 4165 posterum
2097 4094 2283 4146 animo
2315 4093 2552 4156 futuros,
2587 4108 2697 4146 uno
2747 4092 2917 4145 animi
2953 4107 3118 4147 sensu
3151 4106 3215 4145 ac
3242 4107 3380 4145 con-

1789 4186 2047 4241 sensione
2093 4184 2448 4250 efﬁciuntur;
2500 4194 2557 4239 ut
2604 4194 2659 4239 et
2701 4188 3013 4254 nuptiarum
3072 4185 3278 4237 foedera
3318 4199 3379 4238 se

1792 4278 2087 4348 juncturos
2141 4278 2554 4345 paciscerentur
2605 4292 2779 4346 eaque
2828 4278 3045 4331 ratione
3087 4276 3382 4330 charitatis

1796 4371 2018 4424 vinculo
2048 4371 2221 4437 magis
2254 4370 2711 4438 astringerentur.

83 4470 229 4538 μίαν
262 4468 416 4536 ἒχειν
461 4465 808 4535 ἀμφοτέρους
837 4463 1043 4533 ψυχὴν,
1090 4462 1356 4533 σύμφρων
1389 4465 1539 4535 αύτῷ
1594 4468 1688 4519 καὶ
1734 4466 2015 4536 σύμπνους
2089 4466 2332 4532 ἐγένετο,
2383 4463 2522 4517 ὥστε
2588 4468 2682 4518 καὶ
2743 4464 2979 4534 γαμικὸν
3032 4463 3386 4534 συνάλλαγμα

81 4564 440 4635 ποιήσασθαι
472 4561 879 4629 συνεφώνησαν,
914 4559 1076 4613 πλέον
1118 4560 1181 4611 ἐκ
1224 4559 1418 4612 τούτου
1466 4562 1555 4615 τὸν
1591 4563 1689 4632 τῆς
1727 4564 1945 4632 ἀγάπης
1982 4562 2182 4629 δεσμὸν
2204 4561 2642 4629 ἐπισφίγγοντες.

156 4656 261 4727 ιβ’.
325 4655 404 4725 Τῇ
458 4654 637 4706 εἰκάδι
680 4649 775 4704 οὖν
824 4651 1064 4722 τετάρτῃ
1100 4650 1193 4703 τοῦ
1242 4652 1493 4722 Μαρτίου
1528 4653 1693 4722 μηνὸς

1882 4651 1972 4704 12.
2017 4650 2333 4705 Secundum
2368 4650 2483 4703 lucc
2515 4650 2681 4719 igitur
2711 4649 2970 4718 vigesima
3003 4654 3198 4716 quarta
3229 4661 3386 4699 meu-

80 4746 429 4803 ἀποστέλλει
469 4742 751 4813 Ῥωμανὸς
803 4742 1056 4812 Ἰωάννην
1077 4742 1464 4814 πρεσϐύτερον,
1499 4746 1698 4799 οἰκεῖον

78 4840 245 4909 αὐτῷ
292 4839 390 4891 καὶ
419 4836 742 4889 πιστότατον
786 4833 947 4903 ὄντα,
992 4833 1083 4885 καὶ
1113 4834 1385 4903 Θεόδωρον
1426 4834 1516 4887 τὸν
1568 4836 1695 4889 Μα-

75 4931 345 5000 τζούκην
382 4930 465 4991 εἰς
500 4928 563 4980 τὸ
615 4927 876 4979 παλάτιον
928 4925 1561 4996 ὑπεραπολογουμένους,
1615 4926 1691 4990 ὼς

80 5028 217 5080 Οὐκ
249 5022 355 5077 ἐπ’
390 5021 724 5087 ἁνταρσίας
753 5017 960 5088 γέγονε
1000 5017 1064 5070 τὸ
1091 5016 1227 5085 παρ’
1260 5018 1406 5087 ἐμοῦ
1446 5017 1693 5086 διαπρα.

80 5118 277 5187 labe,
316 5113 482 5169 ἀλλὰ
513 5112 628 5179 τὴν
653 5111 759 5165 τοῦ
781 5108 954 5165 Φωκᾶ
983 5110 1255 5164 ἐπίθεσιν
1294 5110 1693 5180 ὑφορώμενος,

75 5208 185 5261 καὶ
206 5202 443 5268 δεδιὼς
470 5200 555 5271 μή
581 5218 636 5254 τι
658 5200 1073 5269 νεωτερισθείη
1101 5201 1235 5268 παρ’
1264 5203 1451 5257 αὑτοῦ
1481 5206 1567 5268 εὶς
1595 5203 1701 5256 τὸν

68 5295 394 5362 βασιλέα,
428 5294 646 5346 τούτου
673 5291 850 5345 ἕνεκα
878 5292 1157 5346 ἀνελθεῖν
1189 5294 1260 5346 ἐν
1304 5293 1383 5359 τῷ
1433 5296 1703 5363 malatia)

70 5389 518 5455 βεϐούλευμαι
576 5385 676 5439 καὶ
732 5384 849 5453 τὴν
902 5383 1192 5454 φυλακὴν
1229 5386 1529 5441 ποιεῖσθαι
1588 5388 1698 5443 τοῦ

69 5479 443 5548 βασιλέως.
514 5478 611 5546 Μὴ
669 5476 1117 5541 συνευδοκοῦντος
1157 5478 1213 5531 δὲ
1265 5479 1533 5533 Νικολάου
1586 5498 1695 5535 πα-

75 5575 377 5645 τριάρχου
407 5572 465 5622 ἐν
516 5570 712 5640 τούτῳ,
744 5569 994 5640 ἐμηνύθη
1028 5569 1309 5641 Ῥωμανδς
1365 5573 1515 5643 παρά
1563 5573 1693 5628 Θεο-

75 5667 271 5736 δώρου
306 5660 407 5715 τοῦ
439 5660 696 5732 ῥηθέντος
732 5660 1084 5730 παιδαγωγοῦ
1117 5661 1294 5715 ἐλθεῖν
1334 5662 1471 5735 μετὰ
1501 5664 1688 5718 στόλου

1807 4746 1884 4800 sis
1923 4745 2097 4798 Martii
2151 4745 2315 4798 mittit
2354 4744 2634 4798 Romanus
2685 4740 2948 4795 Joannem
3008 4739 3382 4809 presbyterum

1805 4835 2170 4890 domesticum
2208 4849 2368 4889 suum
2417 4834 2781 4902 eumtlcmque
2836 4832 3236 4892 ﬁdelissimum,
3285 4844 3386 4882 nec

1802 4944 1909 4983 non
1952 4927 2305 4981 Theodorum
2348 4925 2667 4987 Matzucem,
2720 4924 2811 4994 qui
2859 4923 3031 4992 ipsius
3081 4922 3134 4975 in
3182 4921 3389 4990 palatio

1799 5036 2025 5076 causam
2084 5030 2329 5089 agerent.
2401 5017 2556 5072 Nihil
2613 5026 2849 5087 spectare
2893 5016 2961 5069 ad
3010 5014 3385 5080 rebellionem,

1794 5115 1932 5183 quod
1976 5113 2040 5165 ab
2075 5128 2133 5165 eo
2170 5114 2371 5181 factum
2416 5123 2568 5163 erat:
2618 5126 2780 5163 unum
2823 5110 3090 5161 duntaxat
3136 5108 3385 5165 veritum,

1809 5206 2003 5261 Phoca:
2036 5206 2333 5266 molimina,
2389 5221 2450 5257 ac
2495 5213 2805 5256 metuentem
2838 5217 2900 5255 ne
2937 5199 3026 5253 ille
3056 5200 3198 5252 novis
3230 5198 3382 5251 rebus

1801 5301 2050 5354 adversus
2105 5299 2473 5366 imperatorem
2526 5295 2787 5357 studeret,
2841 5294 3042 5347 idcirco
3102 5289 3384 5344 consilium

1803 5392 1984 5444 iniisse
2030 5401 2084 5441 ut
2125 5390 2178 5442 in
2209 5388 2405 5459 regiam
2446 5388 2644 5441 veniret
2684 5402 2748 5439 ac
2788 5384 3095 5452 imperatori
3128 5381 3386 5451 praesidio

1802 5492 1957 5537 esset.
2012 5479 2129 5535 Non
2172 5480 2510 5551 approbante
2555 5476 2781 5532 Nicolao
2809 5474 3118 5546 patriarcha
3155 5487 3255 5527 nec
3284 5486 3381 5526 as-

1801 5577 2095 5640 sentiente,
2120 5575 2187 5641 is,
2214 5589 2375 5644 quem
2405 5572 2683 5637 dicebam,
2708 5570 3031 5625 Theodorus
3055 5569 3383 5639 paatlagogus

1801 5663 2050 5720 Romano
2098 5666 2321 5722 mandat
2366 5674 2424 5722 ut
2454 5678 2579 5721 cum
2614 5662 2763 5721 omni
2794 5662 2971 5721 classe
3013 5659 3083 5719 ad
3112 5657 3381 5716 Bucoleo-

1405 5755 1633 5816 VARIE
1670 5758 2071 5818 LECTlO-NES.

151 5855 201 5887 "
229 5851 642 5923 ἐταιρειάρχην
672 5849 733 5919 Ρ,
752 5852 1136 5926 ὲταιρειᾶρχας
1164 5870 1375 5925 margo.

3277 421 3384 481 4ιὺ
3464 434 3469 437 ’
