4154 6450
684 448 693 453 .
762 400 857 463 oili

1850 396 1894 453 Τ
1900 392 2256 453 HEOPUAN
2267 393 2354 452 ES
2384 386 2944 451 CONTINUATUS.

3923 377 4030 437 41?.

767 528 889 564 nem
942 506 1137 560 veniat.
1189 505 1262 560 lle
1294 504 1477 574 itaque
1529 520 1652 558 eum
1695 504 1809 558 suis
1862 506 2161 559 deliberata
2196 504 2344 573 (nam

2473 500 2651 564 παντὸς
2686 500 2847 569 μέχρι
2875 497 2966 550 τοῦ
3031 492 3435 556 Βουκολέοντος.
3466 494 3559 555 Ὃς
3597 491 3733 561 μετά
3767 491 3873 543 τῶν
3929 496 4033 546 σὺν

768 599 991 670 urgebat
1024 599 1240 665 fatum),
1285 598 1404 665 ipso
1456 596 1954 650 intemeratissimae
1989 597 2228 666 Virginis
2278 611 2342 649 ae

767 694 861 745 Dei
912 690 1201 745 Genitricis
1252 687 1699 741 Annuntiationis
1756 686 1989 740 solemni
2040 688 2147 751 die,
2209 685 2342 741 feria

767 784 978 853 quinta,
1042 796 1205 834 manu
1256 788 1468 833 armata
1508 793 1633 832 cum
1664 777 1829 849 394
1875 779 2128 832 universa
2169 778 2345 833 classe

767 878 835 929 a-l
865 874 1230 927 Bucolennem
1265 870 1451 935 venit;
1493 869 1790 938 statimque
1822 869 2080 938 magister
2111 868 2346 938 Stepha-

771 982 872 1020 nus
899 968 1023 1019 aula
1056 964 1304 1017 discedit.
1361 959 1580 1015 Nicetas
1615 971 1795 1014 autem
1821 961 2084 1029 patricius
2116 961 2347 1014 Romani

770 1072 1033 1110 consocer
1066 1056 1118 1108 in
1144 1052 1406 1123 palatium
1425 1053 1648 1107 veniens
1671 1050 1955 1105 Nicolaum
1976 1051 2344 1121 patriarcbam

774 1150 899 1202 inde
950 1147 1204 1202 extrusit.
1254 1144 1576 1200 Aulicorum
1658 1158 1789 1214 ergo
1850 1144 2052 1199 animis
2112 1142 2346 1197 Romani

768 1240 1127 1310 jurejurando
1173 1238 1431 1300 lii-matis,
1484 1234 1781 1305 pretiosam
1834 1251 1898 1291 ac
1951 1236 2221 1290 vivificam
2280 1234 2347 1289 ad

772 1346 896 1383 eum
935 1329 1205 1384 miserunt
1240 1341 1496 1393 crucem,
1548 1342 1714 1395 quam
1761 1328 1848 1381 ille
1882 1336 2210 1393 veneratus,
2251 1327 2350 1381 ite-

772 1435 1009 1489 rumque
1041 1431 1385 1475 sacramento
1418 1417 1744 1488 interposito
1776 1417 1936 1471 ﬁdem
1977 1417 2351 1487 obstringens,

774 1528 901 1565 cum
934 1512 1014 1566 eis
1040 1511 1338 1580 paucisque
1365 1511 1624 1565 comitum
1656 1510 2043 1578 imperatorem
2082 1509 2356 1564 salutatu-

776 1620 872 1656 ius
902 1604 955 1657 in
983 1602 1243 1656 oalatium
1268 1602 1573 1656 adscendit.
1620 1599 2011 1669 Ingressusque
2033 1616 2157 1653 cum
2190 1615 2257 1655 eo
2298 1602 2351 1655 in

777 1695 1036 1765 templum
1064 1696 1209 1764 quod
1242 1704 1323 1748 est
1357 1695 1407 1746 in
1440 1692 1636 1756 Pharo,
1669 1691 1907 1761 dataque
1940 1692 2012 1745 ibi
2045 1703 2099 1747 et
2132 1703 2355 1763 accepta

2444 595 2595 664 αὐτῷ
2621 591 3052 665 βουλευσάμενος
3087 588 3185 659 (τδ
3212 587 3333 658 γάρ-
3356 588 3487 654 ἄγον
3515 581 3649 657 ἦγεν
3675 584 3839 637 αὐτδν
3866 585 3913 650 )’
3958 590 4031 654 τῇ

2447 686 2631 757 ἡμέρα
2668 684 2765 738 τοῦ
2799 679 3217 751 Εὑαγγελισμοῦ
3250 678 3347 747 τῆς
3403 676 3781 747 ύπεραμώμου
3814 675 4037 745 Παρθέ-

2446 761 2535 831 νόυ
2567 777 2663 830 καὶ
2717 775 2981 828 Θεοτόκου
3019 772 3280 843 (πέμπτη
3331 770 3390 823 δῖ
3429 764 3539 839 ἦν)
3590 764 3755 839 ἦλθεν
3811 768 4042 830 ἔνοπλος

2447 867 2563 937 ἅμα
2588 866 2667 936 τῷ
2707 866 2879 936 στόλῳ
2911 866 3078 917 παντὶ
3107 864 3166 917 έν
3195 862 3275 934 τῷ
3317 861 3686 915 Βουκολέοντι.
3730 862 3840 913 Καὶ
3891 878 4043 929 παρ-

2448 960 2577 1014 ευθὺ
2635 961 2906 1027 Στέφανος
2962 957 3059 1027 μὲν
3109 958 3409 1027 μάγιστρος
3469 954 3660 1024 ἐξῆλθε
3716 953 3810 1007 τοῦ
3862 953 4043 1006 παλα-

2448 1054 2586 1118 τὲου,
2617 1052 2860 1120 Νικήτας
2918 1049 2976 1103 δὲ
3029 1049 3319 1117 πατρίκιος
3347 1049 3376 1101 ό
3404 1046 3777 1117 συμπενθερὸς
3821 1046 4045 1116 Ῥωμα-

2450 1144 2551 1201 νοῦ
2578 1142 2818 1198 ἀνελθὼν
2864 1144 2922 1196 ὲν
2974 1140 3052 1210 τῷ
3081 1139 3332 1209 παλατίῳ
3384 1138 3655 1209 ἐξήγαγεν
3688 1138 3902 1191 ἐκεῖθεν
3946 1140 4043 1191 τὸν

2452 1235 2799 1307 πατριάρχην
2849 1232 3134 1287 Νικόλαον.
3165 1230 3398 1302 Ὅρκοις
3448 1225 3541 1283 οὖν
3571 1229 3959 1300 βεϐαιωθέντες
3994 1232 4048 1282 οἱ

2459 1331 2554 1383 τοῦ
2582 1327 2847 1382 παλατίου
2870 1326 3020 1397 παρά
3061 1324 3345 1392 Ῥωμανοῦ
3385 1324 3718 1378 ἀπέστειλαν
3755 1324 3889 1394 πρὸς
3946 1325 4051 1375 αύ-

2452 1422 2543 1475 τδν
2561 1422 2653 1475 τὸν
2683 1421 2762 1485 ξω
2772 1421 2955 1474 οποιὸν
2977 1418 3072 1473 καὶ
3087 1418 3270 1488 τίμιον
3298 1418 3527 1488 σταυρὸν
3544 1418 3639 1471 καὶ
3658 1417 4053 1486 προσκυνήσας

2456 1512 2621 1568 αὐτὸν
2650 1513 2745 1565 καὶ
2792 1511 2979 1581 ὅρκοις
3038 1508 3347 1579 βεϐαιώσας
3414 1508 3609 1570 αὐτοὺς
3662 1506 3869 1576 ἀνῆλθε
3928 1507 4052 1575 μετ’

2456 1604 2637 1659 αὐτῶν
2676 1604 2736 1657 ἐν
2766 1603 2845 1673 τῷ
2884 1602 3130 1670 παλατίῳ
3159 1599 3255 1653 καὶ
3282 1598 3480 1666 ὀλίγων
3504 1599 3691 1661 τινῶν,
3727 1602 4055 1669 προσκυνή-

2459 1713 2567 1749 σων
2596 1694 2688 1747 τὸν
2723 1694 2969 1761 βασιλέα.
2994 1692 3105 1746 Kal
3138 1690 3397 1745 εἰσελθὼν
3424 1690 3719 1759 μετάύτοῦ
3743 1692 3801 1742 έν
3824 1688 3905 1760 τῷ
3936 1689 4057 1759 ναῷ

778 1788 1093 1840 securitatis
1129 1788 1252 1849 fide,
1292 1784 1583 1839 confestim
1620 1784 1878 1854 magister
1913 1794 1962 1837 et
1998 1801 2228 1855 magnus
2256 1786 2356 1841 be-

2473 1786 2535 1855 ιῷ
2552 1786 2609 1837 ὲν
2626 1784 2704 1855 τῷ
2722 1786 2905 1855 Φάρῳ,
2919 1786 3014 1837 καὶ
3032 1785 3241 1847 πίστεις
3260 1782 3409 1853 αύτῷ
3426 1784 3548 1847 δοὺς
3567 1784 3659 1837 καὶ
3684 1781 3883 1848 λαϐὼν,
3905 1801 4026 1851 παρ

779 1881 1060 1933 tueriarclia
1094 1879 1412 1947 prmﬁcitur.
1473 1876 1670 1932 Statim
1707 1894 1838 1947 ergo
1870 1894 2028 1932 sacra
2063 1880 2241 1948 jussio
2289 1880 2356 1935 ad

2473 1878 2590 1931 ευθὺ
2634 1878 3043 1949 προχειρίζεται
3084 1876 3216 1947 παρ’
3234 1876 3401 1929 αύτοῦ
3440 1876 3735 1946 μάγιστρος
3758 1877 3850 1928 καὶ
3874 1876 4061 1945 μέγας

782 1975 1016 2029 Leonem
1051 1972 1289 2026 Phocam
1325 1972 1515 2035 missa,
1553 1985 1659 2039 qua
1689 1970 1734 2025 is
1775 1970 1843 2025 ab
1874 1972 2022 2024 omni
2060 1970 2359 2027 eonﬂandze

779 2066 1070 2120 seditionis
1128 2063 1408 2133 proposito
1461 2061 1886 2117 absterreretur.
1960 2062 2361 2118 Constantinus

779 2168 1000 2222 quoque
1043 2150 1327 2207 accubitnr
1372 2149 1423 2201 in
1471 2148 1719 2202 eamdem
1765 2150 2092 2203 sententiam
2118 2152 2360 2207 scribere

775 2245 986 2312 jussus,
1027 2252 1081 2297 et
1113 2250 1171 2296 ut
1214 2241 1349 2294 nihil
1386 2239 1439 2293 in
1473 2238 1761 2294 adversum
1807 2240 2083 2305 moliatur,
2117 2243 2211 2297 sed
2239 2259 2362 2311 per-

781 2343 991 2390 sereret
1039 2333 1358 2404 imperatori
1393 2330 1760 2386 Constantino
1805 2332 2054 2387 subesse.
2099 2338 2364 2404 Acceptas

784 2442 971 2481 sacras
1014 2426 1261 2479 Andreas
1307 2422 1443 2493 regii
1493 2422 1733 2477 vestiarii
1770 2423 2115 2493 primicerius
2146 2424 2212 2480 ad
2237 2442 2361 2480 eum

784 2525 913 2571 tunc
951 2518 1002 2570 in
1044 2514 1389 2585 Cappadocia
1442 2524 1747 2569 versantem
1795 2512 2000 2578 defert;
2035 2517 2236 2585 quibus
2273 2516 2365 2571 ille

782 2611 1018 2679 acceptis
1071 2611 1340 2680 lectisque
1387 2625 1447 2665 se
1510 2611 1734 2665 domum
1796 2610 2071 2681 recipiens
2118 2610 2365 2680 privatus

782 2714 912 2775 egit.

859 2882 944 2937 13.
1006 2882 1209 2949 Quinta
1254 2891 1573 2937 sanctorum
1616 2883 1955 2953 jejuniorum
2002 2883 2363 2951 hebdomada,

786 2991 971 3030 mense
996 2976 1191 3044 Aprili,
1233 2975 1357 3029 data
1387 2991 1416 3029 a
1453 2974 1819 3031 Cotrstantino
1849 2977 2178 3045 imperatore
2211 2976 2368 3033 llele-

790 3084 868 3121 nzr
910 3067 1139 3122 llowani
1196 3068 1323 3121 filiae
1375 3070 1559 3137 (quam
1593 3080 1789 3137 praeter
1834 3069 2088 3138 corporis
2132 3070 2366 3138 speciem

2471 1970 2878 2042 έταιρειάρχης.
2949 1969 3159 2023 Αὐτίκα
3220 1969 3350 2035 γοῦν
3414 1968 3535 2022 θεία
3596 1968 3845 2029 κέλευσις
3915 1969 4058 2037 πρὸς

2460 2062 2671 2117 Λέοντα
2703 2060 2794 2112 τὸν
2826 2060 3041 2122 Φωκᾶν,
3078 2058 3525 2128 παρεγγυωμένη
3559 2058 3827 2127 μηδαμῶς
3858 2061 4060 2110 στάσιν

2460 2152 2584 2207 τινὰ
2608 2152 2882 2222 ἐννοῆσαι.
2917 2149 3193 2214 Ὡσαύτως
3250 2150 3344 2203 καὶ
3384 2150 3690 2220 γράμματα
3744 2149 4053 2219 ἐκελεύσθη

2462 2244 2874 2305 Κωνσταντῖνος
2936 2240 3440 2312 παρακοιμώμενος
3500 2240 3827 2310 γράψαι,τά
3874 2244 4053 2309 ὃμοια

2462 2337 2643 2390 αὐτῶν
2676 2335 3128 2406 παραγγέλλοντα
3160 2335 3252 2387 καί
3311 2334 3478 2405 μηδὲν
3532 2334 3774 2388 ἐναντίον
3821 2335 4054 2403 βουλεύ-

2465 2428 2683 2494 σασθαι,
2716 2427 2831 2481 ἀλλ’
2862 2428 2921 2480 ὲν
2953 2428 3197 2497 ὑποταγῇ
3229 2422 3367 2479 εἶναι
3399 2426 3664 2496 βασιλέως
3681 2427 4049 2480 Κωνσταντί-

2466 2537 2580 2574 νου.
2629 2518 3059 2589 Ἀναλαϐόμενος
3110 2518 3204 2571 οὖν
3232 2516 3407 2570 ταῦτα
3464 2517 3721 2586 Ἀνδρέας
3774 2523 4067 2588 πριμική-

2468 2628 2582 2682 ριος
2608 2609 2705 2665 τοῦ
2741 2608 3023 2680 βασιλικοῦ
3056 2609 3368 2680 βεστιαρίου
3387 2609 3725 2678 ἀπεκόμισεν
3748 2608 3899 2678 αύτῷ
3928 2610 4071 2661 ταῦ-

2469 2720 2541 2757 τα
2574 2704 2631 2756 ὲν
2659 2701 3031 2771 Καππαδοκίᾳ
3067 2701 3180 2753 όντι
3211 2716 3225 2729 ·
3259 2700 3353 2753 καὶ
3400 2700 3696 2770 δεξάμενος
3748 2700 3927 2753 ταῦτα
3962 2706 4070 2753 ντὶ

2473 2796 2767 2863 ἄναγνοὺς,
2801 2792 3052 2847 ἀπελθὼν
3084 2795 3143 2845 ὲν
3168 2792 3245 2863 τῷ
3278 2792 3555 2864 ιδίῳοῖκῳ
3590 2793 3885 2863 ἡσύχαζεν.

2540 2884 2627 2955 [Ρ.
2652 2882 2780 2955 244]
2816 2890 2906 2952 ιγ’.
2928 2884 3007 2954 Τῇ
3062 2883 3119 2935 δὲ
3150 2883 3374 2953 πέμπτῃ
3420 2883 3673 2951 έδδομάδι
3728 2885 3837 2937 τῶν
3890 2886 4076 2952 ἁγίων

2468 2976 2776 3048 Νηστειῶν,
2821 2974 3115 3045 Ἀπριλλίῳ
3151 2976 3304 3045 μηνὶ,
3347 2975 3551 3029 δίδοται
3595 2976 3853 3047 ἀρραϐὼν
3896 2995 4079 3047 γαμι-

2470 3067 2569 3120 κού
2621 3065 3069 3136 συναλλάγματος
3106 3066 3255 3135 παρὰ
3314 3066 3727 3119 Κωνσταντίνου
3791 3067 4077 3136 βασιλέως

788 3161 954 3214 animi
979 3175 1199 3229 qunque
1225 3160 1513 3228 prudentia
1538 3160 1892 3230 spectabilem
1927 3161 2208 3232 reddebat)
2234 3179 2364 3217 cun-

2488 3160 2677 3231 Ἑλένῃ
2706 3163 2775 3231 τῇ
2813 3159 3046 3229 θυγατρὶ
3086 3156 3391 3227 Ῥωμανοῦ,
3487 3159 3624 3229 πρὸς
3654 3159 3848 3221 κάλλος
3878 3179 4078 3230 σωμα-

789 3262 996 3305 tractus
1043 3253 1304 3319 nuptialis
1349 3253 1551 3313 arrba,
1610 3254 1878 3321 tertiaque
1925 3251 2149 3308 Pascha?
2194 3256 2377 3323 (quam

792 3344 1028 3397 Galilam
1074 3346 1303 3410 vocant)
1354 3343 1703 3398 bencdicitur
1765 3361 1982 3414 unaque
2034 3361 2158 3400 cum
2212 3348 2300 3401 illa
2349 3365 2377 3401 a

790 3438 1011 3493 Nicolao
1053 3438 1362 3506 patriarcha
1400 3438 1624 3493 corollis
1668 3439 2007 3507 nuptialibus
2056 3440 2377 3495 redimitur:

790 3531 952 3603 395
994 3532 1211 3602 quando
1260 3540 1314 3585 et
1364 3529 1672 3584 Romanum
1725 3532 1975 3600 provehit
2030 3533 2380 3601 imperatoris

796 3628 1026 3693 patrem,
1083 3624 1201 3688 ejus
1250 3622 1358 3677 ﬁlio
1423 3622 1820 3692 Christophoro
1871 3624 1924 3677 in
1984 3624 2155 3693 patris
2199 3626 2376 3679 locum

796 3717 1151 3772 lietmriarclia
1206 3727 1474 3784 promoto.
1530 3714 1639 3770 Nec
1666 3716 1895 3770 multum
1944 3719 2204 3784 tenuioris
2245 3720 2373 3773 abs-

793 3818 1058 3874 cesserat,
1104 3825 1228 3863 cum
1288 3807 1395 3863 Leo
1438 3807 1671 3872 Pbocas,
1703 3811 2062 3879 quorumdam
2088 3826 2376 3880 procerum

792 3920 858 3958 ac
893 3902 1237 3956 tribunorum
1272 3916 1441 3956 suasu
1485 3901 1973 3971 subjectarmnque
2011 3904 2059 3957 ei
2097 3904 2375 3974 legionum

792 3996 1036 4057 hortatu,
1068 4009 1154 4047 res
1184 4008 1353 4046 novas
1386 3992 1643 4059 molitur;
1692 3996 1979 4064 accitoque
2011 3994 2378 4052 Constantino

793 4089 1109 4143 aceubitore
1143 4087 1612 4156 Coustantinoque
1656 4096 1711 4141 et
1751 4088 2049 4143 Anastasio
2088 4088 2376 4159 Gonguliis

791 4181 1069 4249 germanis
1104 4179 1390 4244 fratribus,
1424 4194 1523 4233 nec
1553 4194 1661 4232 non
1696 4179 2062 4235 Constantino
2090 4180 2377 4235 Maleliano

791 4290 825 4327 a
856 4274 1083 4329 secretis
1120 4274 1317 4342 primo,
1343 4271 1559 4327 cunctis
1589 4275 1919 4342 persuadere
1950 4275 2143 4329 nititur
2172 4277 2226 4328 in
2254 4293 2378 4345 gra-

797 4367 926 4419 tiam
976 4366 1324 4420 (lonstautini
1374 4367 1725 4435 imperatoris
1772 4382 1894 4420 eam
1958 4383 2015 4422 se
2078 4370 2372 4422 motionem

794 4457 995 4511 iaeere.
1036 4454 1317 4510 Romanus
1353 4473 1479 4509 vero
1507 4458 1856 4525 imperatoris
1896 4468 2047 4527 pater
2081 4459 2242 4514 bullis
2272 4477 2370 4515 au-

2483 3254 2634 3306 τικὺν
2680 3253 3073 3323 προσήκμαζεν
3119 3251 3215 3305 καὶ
3244 3252 3459 3315 σύνεσις
3480 3268 3494 3283 ·
3527 3253 3625 3306 καὶ
3662 3257 3731 3322 τῇ
3759 3255 3923 3325 τρίτῃ
3974 3254 4077 3307 τοῦ

2486 3346 2699 3415 Πάσχα,
2739 3345 3010 3415 λεγομένῃ
3070 3345 3167 3414 τῆς
3221 3342 3554 3405 Γαλιλαίας,
3603 3343 3913 3410 εὐλογεῖται
3971 3346 4075 3396 καὶ

2487 3438 2843 3507 στεφανοῦται
2885 3438 3003 3506 ἅμα
3032 3437 3172 3503 αὓτη
3201 3436 3349 3506 παρὰ.
3387 3437 3659 3490 Νικολαου
3697 3438 4079 3508 πατριάρχου,

2494 3528 2771 3597 Ῥωμανὸν
2859 3526 3297 3597 βασιλεοπάτορα
3390 3524 3801 3595 προϐαλόμενος
3857 3542 3873 3555 ο
3958 3527 4082 3578 ἀντ’

2482 3618 2647 3672 αὑτοῦ
2701 3619 2757 3671 δὲ
2823 3620 3193 3689 Χριστοφόρον
3266 3618 3379 3670 υἱὸν
3446 3616 3613 3671 αὑτοῦ
3676 3618 4083 3687 έταιρειάρχην

2480 3712 2806 3781 κατέστησε.
2870 3712 3003 3764 Μετ’
3042 3712 3105 3763 ού
3141 3710 3273 3763 πολὺ
3320 3708 3377 3761 δὲ
3408 3709 3563 3762 Λέων
3596 3712 3625 3761 ὁ
3674 3710 3871 3771 ﬁexa;
3924 3711 4081 3764 ἁπα-

2486 3804 2670 3873 τηθεὶς
2739 3804 2888 3873 παρά
2946 3802 3004 3855 τέ
3066 3820 3227 3855 τινων
3285 3802 3562 3871 ἀρχόντων
3613 3802 3709 3853 καὶ
3756 3802 3869 3854 τῶν
3904 3804 4085 3856 αὑτοῦ

2480 3898 2773 3967 ταγμάτων
2804 3896 2938 3965 πρὸς
2984 3896 3281 3965 ἁνταρσῐαν
3314 3896 3565 3947 κινεῖται.
3602 3894 3714 3946 Καὶ
3775 3894 4087 3948 ἀνελάϐετο

2482 3992 2581 4043 σὺν
2638 3989 2788 4059 αύτῷ
2829 3990 2922 4042 τόν
2963 4006 3021 4041 τε
3072 3986 3577 4058 παρακοιμώμενον
3634 3988 4083 4053 Κωνσταντῖνον,

2481 4083 2579 4135 καὶ
2615 4082 3028 4135 Κωνσταντῖνον
3054 4083 3145 4133 καὶ
3193 4079 3552 4133 Ἀναστάσιον
3585 4079 3709 4141 τοὺς
3733 4080 4085 4147 Γογγυλίςυς

2480 4174 2573 4225 καὶ
2602 4172 2991 4242 αύταδέλφους,
3037 4172 3131 4225 καὶ
3160 4173 3576 4225 Κωνσταντῖνον
3608 4173 4087 4241 πρωτασηκρῆτιν

2484 4264 2577 4317 τὸν
2608 4263 2906 4327 Μαλελίας,
2934 4263 3303 4333 πληροφορῶν
3333 4262 3580 4326 ἅπαντας
3604 4263 3699 4315 καὶ
3732 4262 3975 4331 βεϐαιῶν
4009 4266 4087 4327 ὡς

2480 4356 2619 4426 ὑπὲρ
2642 4355 2735 4407 τοῦ
2794 4354 3056 4425 βασιλέως
3091 4355 3504 4408 Κωνσταντίνου
3562 4355 3664 4424 τὴν
3694 4354 3865 4424 αὐτὴν
3904 4360 4088 4407 ποιεῖ-

2477 4465 2565 4500 ται
2590 4449 2819 4517 κίνησιν.
2865 4447 3213 4513 Ῥωμανδςδὲ
3239 4449 3267 4500 ό
3301 4446 3717 4516 βασιλεοπάτωρ
3772 4450 4087 4516 χρυσοδα-

796 4550 906 4603 rcis
934 4564 993 4601 ac
1026 4550 1340 4617 diplomatis
1371 4550 1778 4618 subscriptione
1826 4552 2077 4611 munitis,
2110 4555 2266 4621 quasi
2309 4570 2367 4607 ex

2482 4539 2575 4593 λια
2611 4541 2844 4609 ποιήσας
2882 4540 3236 4610 ὲνυπόγραφα
3268 4540 3344 4601 ὡς
3392 4542 3456 4592 έκ
3495 4538 3789 4608 προσώπου
3830 4538 3928 4592 τοῦ
3985 4540 4091 4608 βα-

794 4642 1138 4695 Constantini
1166 4645 1511 4711 imperatoris
1546 4660 1803 4711 persona.
1838 4646 2040 4714 quibus
2077 4661 2140 4699 ea
2167 4647 2377 4700 nrolitio

793 4734 1165 4797 evertebatur,
1220 4749 1426 4804 eosque
1463 4736 1555 4804 qui
1594 4720 1773 4813 Plioep
1807 4737 1999 4791 relicto
2042 4736 2108 4791 ad
2137 4737 2379 4807 impera-

796 4840 970 4883 torem
1014 4828 1373 4898 confugerent
1407 4826 1476 4881 ab
1526 4828 1875 4898 imperatoris
1930 4838 2077 4883 stare
2126 4832 2379 4899 partibus

795 4920 1229 4991 significabatur,
1260 4921 1444 4986 editis,
1480 4922 1807 4992 mulierique
1834 4920 2052 4976 elfronti
2094 4938 2160 4977 ac
2198 4933 2374 4979 teme-

801 5013 960 5066 raria:
995 5013 1168 5067 Annae
1204 5014 1423 5066 nomine
1458 5013 1645 5083 (quam
1699 5022 1752 5068 et
1801 5012 2096 5068 Basilicam
2134 5017 2380 5085 appella-

801 5112 951 5167 runt,
982 5117 1046 5157 ac
1079 5105 1123 5157 si
1157 5102 1568 5173 imperatoriam
1604 5103 1778 5167 dicas)
1826 5121 1889 5159 ac
1921 5106 2124 5161 clerico
2158 5109 2379 5162 cuidam

802 5196 1055 5250 Micliaeli
1096 5197 1444 5261 contraditis,
1492 5198 1547 5251 in
1589 5196 1786 5254 Leonis
1833 5211 2012 5254 castra
2055 5202 2258 5255 emisit.
2316 5201 2381 5255 Hi

798 5302 1024 5360 accepta
1078 5290 1374 5360 diplomata
1432 5301 1545 5346 toto
1597 5294 1706 5348 late
1755 5296 2001 5349 exercitu
2065 5296 2378 5350 clanculum

804 5392 1148 5449 sparserunt.
1189 5383 1267 5437 Ac
1292 5383 1523 5439 Micbael
1548 5386 1768 5455 quidem
1804 5402 1834 5439 a
1866 5386 2049 5441 Pboca
2082 5390 2384 5456 deprellen-

803 5491 935 5539 sus,
996 5476 1318 5531 verberibus
1353 5474 1471 5531 dire
1512 5487 1818 5543 contusus,
1860 5493 1993 5533 naso
2046 5480 2386 5548 auribusque

802 5566 1068 5622 multatus
1120 5576 1222 5623 est.
1284 5565 1482 5622 Verum
1533 5570 1579 5626 is
1619 5579 1805 5639 postea
1841 5584 1870 5622 a
1904 5571 2153 5624 Romano
2180 5587 2384 5625 conve—

806 5660 1047 5716 nientem
1081 5663 1251 5717 vicem
1282 5674 1618 5720 consecutus
1642 5673 1747 5728 est,
1788 5665 2099 5735 pariterque
2131 5682 2253 5722 cum
2296 5668 2385 5719 illo

805 5755 1084 5809 submissa
1127 5755 1344 5809 mulier.
1399 5754 1617 5812 Primus
1671 5758 1855 5827 itaque
1886 5759 2282 5814 Constantinus
2307 5760 2385 5813 le-

806 5847 988 5917 giouis
1030 5846 1375 5904 lcauatorum
1436 5849 1581 5914 dux,
1642 5851 2071 5908 Barvmicliaelis
2129 5852 2306 5909 lilius.
2357 5872 2383 5907 a

2489 4632 2680 4697 σιλέως
2722 4632 3160 4693 Κωνσταντίνου,
3184 4632 3284 4699 τῆς
3326 4631 3585 4699 τοιαύτης
3614 4630 3915 4702 ἐπιϐουλῆς
3940 4634 4083 4685 ἀναο

2485 4727 2695 4795 τροπὴν
2728 4724 3073 4793 περιέχοντα,
3129 4723 3225 4778 καὶ
3253 4722 3328 4786 ὡς
3361 4725 3409 4775 οἱ
3431 4723 3523 4776 τὸν
3563 4724 3757 4776 Φωκᾶν
3806 4724 4081 4792 καταλιμο

2489 4818 2773 4879 πάνοντες,
2806 4813 2886 4882 τῷ
2936 4812 3147 4881 βασιλεῖ
3194 4813 3251 4865 δὲ
3301 4812 3747 4883 προσφεύγοντες
3786 4813 3934 4884 ὑπὲρ
3988 4814 4089 4866 τοῦ

2492 4906 2755 4977 βασιλέως
2814 4907 2985 4971 εἰσὶν,
3029 4905 3152 4967 δοὺς
3193 4905 3335 4958 αὐτὰ
3380 4906 3551 4977 Ἀννῃ
3589 4905 3809 4971 γυναικὶ
3871 4908 4093 4960 ἀναιδεῖ

2492 5000 2582 5053 καὶ
2612 4998 2863 5069 θρασείᾳ,
2894 4999 2960 5069 ἢν
2982 4997 3079 5051 καὶ
3118 4996 3415 5065 Βασιλικὴν
3447 4997 3931 5067 προσηγόρευσαν,
3991 5004 4091 5050 καὶ

2491 5090 2738 5162 κληρικῷ
2777 5108 2884 5143 τινι
2918 5089 3160 5160 Μιχαὴλ,
3193 5090 3252 5142 έν
3276 5089 3352 5158 τῷ
3391 5088 3556 5141 αὐτοῦ
3588 5087 3945 5159 στρατοπέδῳ
4002 5091 4093 5155 EE-

2492 5185 2759 5254 ἐπεμψεν.
2782 5185 2845 5237 Ol
2870 5182 2928 5236 δὲ
2958 5182 3128 5235 ταῦτα
3148 5181 3547 5251 ἀναλαϐόμενοι
3573 5180 3748 5253 λάθρα
3763 5180 4091 5252 διέσπειραν

2493 5278 2661 5329 παντὶ
2733 5274 2812 5346 τῷ
2866 5275 3104 5346 στρατῷ.
3154 5275 3266 5327 Kal
3315 5273 3345 5326 ό
3384 5275 3482 5345 μὲν
3547 5275 3763 5343 Μιχαὴλ
3803 5274 4090 5344 φωραθεὶς

2493 5368 2649 5439 παρά
2711 5366 2807 5420 τοῦ
2864 5368 3051 5431 (ima,
3100 5366 3343 5437 ἀνηλεῶς
3397 5366 3644 5436 τυφθεὶς,
3703 5367 3804 5434 τήν
3855 5383 3920 5418 τε
3960 5370 4089 5439 ῥῖνα

2493 5462 2587 5513 καὶ
2617 5460 2686 5513 τὰ
2712 5454 2829 5514 ὦτα
2860 5459 3151 5531 ἀπετμήθη
3173 5477 3186 5490 υ
3216 5459 3276 5522 ὃς
3305 5459 3444 5529 μετά
3472 5458 3647 5511 ταῦτα
3679 5459 3831 5529 παρά
3860 5459 4091 5528 Ῥωμα-

2492 5552 2583 5605 νοῦ
2635 5552 2733 5623 τῆς
2800 5550 3188 5623 προσηκούσης
3233 5550 3422 5620 έτυχεν
3486 5550 3755 5620 ἀμοιϐῆς·
3813 5551 4089 5616 ὡσαύτως

2495 5647 2587 5699 καὶ
2631 5647 2665 5716 ἡ
2716 5646 2814 5700 σὺν
2836 5644 2984 5715 αύτῷ
3027 5643 3285 5697 σταλεῖσα
3323 5644 3485 5712 γυνή.
3546 5644 3765 5711 Πρῶτος
3804 5641 3903 5696 οὖν
3929 5647 3956 5697 ὁ
3989 5647 4087 5698 τοῦ

2496 5741 2851 5811 Βαρυμιχαὴλ
2898 5740 3011 5802 υἱὸς
3050 5740 3479 5799 Κωνσταντῖνος,
3511 5737 3604 5789 τού
3654 5738 3938 5807 τάγματος
3986 5740 4088 5809 ἀρ-

2497 5854 2607 5906 χων
2633 5836 2739 5889 τῶν
2759 5831 3048 5898 ἱκανάτων,
3085 5827 3401 5884 καταλιπὼν
3430 5828 3728 5882 τὸνφωκίν
3752 5830 3831 5899 τῷ
3868 5830 4089 5898 'l'mpa-
