  <div class='ocr_page' id='page_1' title='image "/cluster/home/n/w/nwhite01/storage/ocr_20150623/109/nnc1.0046979867/214.png"; bbox 0 0 4154 6450; ppageno 0'>
   <div class='ocr_carea' id='block_1_1' title="bbox 111 416 203 487">
    <p class='ocr_par' dir='ltr' id='par_1_1' title="bbox 111 416 203 487">
     <span class='ocr_line' id='line_1_1' title="bbox 111 416 203 487; baseline 0.098 -9"><span class='ocrx_word' id='word_1_1' title='bbox 111 416 203 487; x_wconf 79' lang='lat'><strong>£13</strong></span> 
     </span>
    </p>
   </div>
   <div class='ocr_carea' id='block_1_2' title="bbox 833 419 2618 494">
    <p class='ocr_par' dir='ltr' id='par_1_2' title="bbox 833 419 2618 494">
     <span class='ocr_line' id='line_1_2' title="bbox 833 419 2618 494; baseline 0.009 -16"><span class='ocrx_word' id='word_1_2' title='bbox 833 419 975 478; x_wconf 81' lang='lat' dir='ltr'><strong>LIB.</strong></span> <span class='ocrx_word' id='word_1_3' title='bbox 1021 420 1120 479; x_wconf 70' lang='lat' dir='ltr'><strong>Vl.</strong></span> <span class='ocrx_word' id='word_1_4' title='bbox 1156 442 1218 454; x_wconf 58' lang='grc' dir='ltr'><strong>ν-</strong></span> <span class='ocrx_word' id='word_1_5' title='bbox 1257 420 1828 485; x_wconf 72' lang='lat' dir='ltr'><strong>CONSTANTINUS</strong></span> <span class='ocrx_word' id='word_1_6' title='bbox 1860 426 2618 494; x_wconf 72' lang='lat' dir='ltr'><strong>PORPHYROGENITUS.</strong></span> 
     </span>
    </p>
   </div>
   <div class='ocr_carea' id='block_1_3' title="bbox 3256 434 3360 498">
    <p class='ocr_par' dir='ltr' id='par_1_3' title="bbox 3256 434 3360 498">
     <span class='ocr_line' id='line_1_3' title="bbox 3256 434 3360 498; baseline 0.01 -1"><span class='ocrx_word' id='word_1_7' title='bbox 3256 434 3360 498; x_wconf 67' lang='lat' dir='ltr'><strong>ii’t</strong></span> 
     </span>
    </p>
   </div>
   <div class='ocr_carea' id='block_1_4' title="bbox 112 525 1695 615">
    <p class='ocr_par' dir='ltr' id='par_1_4' title="bbox 112 525 1691 600">
     <span class='ocr_line' id='line_1_4' title="bbox 112 525 1691 600; baseline 0.003 -20"><span class='ocrx_word' id='word_1_8' title='bbox 112 530 181 597; x_wconf 84' lang='grc' dir='ltr'>νῷ</span> <span class='ocrx_word' id='word_1_9' title='bbox 193 525 587 598; x_wconf 80' lang='grc' dir='ltr'><strong>προσέδραμεν,</strong></span> <span class='ocrx_word' id='word_1_10' title='bbox 606 526 747 597; x_wconf 74' lang='grc' dir='ltr'>ἁρχὴ</span> <span class='ocrx_word' id='word_1_11' title='bbox 768 527 1006 595; x_wconf 78' lang='grc' dir='ltr'>γεγονὼς</span> <span class='ocrx_word' id='word_1_12' title='bbox 1027 529 1373 591; x_wconf 72' lang='grc' dir='ltr'>καταλύσεως</span> <span class='ocrx_word' id='word_1_13' title='bbox 1400 530 1499 600; x_wconf 79' lang='grc' dir='ltr'><strong>τῆς</strong></span> <span class='ocrx_word' id='word_1_14' title='bbox 1516 532 1691 585; x_wconf 77' lang='grc' dir='ltr'>τοιαύ-</span> 
     </span>
    </p>
   </div>
   <div class='ocr_carea' id='block_1_5' title="bbox 1797 525 3363 615">
    <p class='ocr_par' dir='ltr' id='par_1_5' title="bbox 1797 535 3363 615">
     <span class='ocr_line' id='line_1_5' title="bbox 1797 535 3363 615; baseline 0.01 -28"><span class='ocrx_word' id='word_1_15' title='bbox 1797 535 1971 591; x_wconf 89' lang='lat' dir='ltr'><strong>Leone</strong></span> <span class='ocrx_word' id='word_1_16' title='bbox 2004 540 2068 592; x_wconf 89' lang='lat' dir='ltr'><strong>ad</strong></span> <span class='ocrx_word' id='word_1_17' title='bbox 2102 540 2407 597; x_wconf 78' lang='lat' dir='ltr'><strong>Romanum</strong></span> <span class='ocrx_word' id='word_1_18' title='bbox 2443 544 2717 609; x_wconf 84' lang='lat' dir='ltr'><strong>transivit,</strong></span> <span class='ocrx_word' id='word_1_19' title='bbox 2744 545 2973 615; x_wconf 83' lang='lat' dir='ltr'><strong>ejusque</strong></span> <span class='ocrx_word' id='word_1_20' title='bbox 2994 547 3363 603; x_wconf 71' lang='lat' dir='ltr'><strong>convellendas</strong></span> 
     </span>
    </p>
   </div>
   <div class='ocr_carea' id='block_1_6' title="bbox 110 618 1689 690">
    <p class='ocr_par' dir='ltr' id='par_1_6' title="bbox 110 618 1689 690">
     <span class='ocr_line' id='line_1_6' title="bbox 110 618 1689 690; baseline 0.003 -18"><span class='ocrx_word' id='word_1_21' title='bbox 110 637 202 690; x_wconf 80' lang='grc' dir='ltr'><strong>της</strong></span> <span class='ocrx_word' id='word_1_22' title='bbox 249 618 609 681; x_wconf 81' lang='grc' dir='ltr'>άποστασίας.</span> <span class='ocrx_word' id='word_1_23' title='bbox 644 619 746 671; x_wconf 76' lang='grc' dir='ltr'><strong>Σὺν</strong></span> <span class='ocrx_word' id='word_1_24' title='bbox 778 619 925 689; x_wconf 77' lang='grc' dir='ltr'><strong>αὑτῴ</strong></span> <span class='ocrx_word' id='word_1_25' title='bbox 949 619 1006 672; x_wconf 76' lang='grc' dir='ltr'>δὲ</span> <span class='ocrx_word' id='word_1_26' title='bbox 1060 621 1154 673; x_wconf 72' lang='grc' dir='ltr'><strong>καὶ</strong></span> <span class='ocrx_word' id='word_1_27' title='bbox 1180 624 1207 673; x_wconf 86' lang='grc' dir='ltr'><strong>ό</strong></span> <span class='ocrx_word' id='word_1_28' title='bbox 1238 622 1532 685; x_wconf 82' lang='grc' dir='ltr'>Βαλάντιος</span> <span class='ocrx_word' id='word_1_29' title='bbox 1554 624 1689 677; x_wconf 73' lang='grc' dir='ltr'><strong>καὶὸ</strong></span> 
     </span>
    </p>
   </div>
   <div class='ocr_carea' id='block_1_7' title="bbox 110 708 1689 785">
    <p class='ocr_par' dir='ltr' id='par_1_7' title="bbox 110 708 1689 785">
     <span class='ocr_line' id='line_1_7' title="bbox 110 708 1689 785; baseline 0.003 -22"><span class='ocrx_word' id='word_1_30' title='bbox 110 711 393 781; x_wconf 75' lang='grc' dir='ltr'>λεγόμενος</span> <span class='ocrx_word' id='word_1_31' title='bbox 426 708 751 782; x_wconf 80' lang='grc' dir='ltr'>Ἀτξμωρος</span> <span class='ocrx_word' id='word_1_32' title='bbox 768 752 780 772; x_wconf 86' lang='grc'><em>,</em></span> <span class='ocrx_word' id='word_1_33' title='bbox 800 711 1141 782; x_wconf 81' lang='grc' dir='ltr'>τουρμάρχαι</span> <span class='ocrx_word' id='word_1_34' title='bbox 1160 712 1311 777; x_wconf 75' lang='grc' dir='ltr'>ὄντες</span> <span class='ocrx_word' id='word_1_35' title='bbox 1331 715 1426 767; x_wconf 73' lang='grc' dir='ltr'><strong>καὶ</strong></span> <span class='ocrx_word' id='word_1_36' title='bbox 1447 716 1689 785; x_wconf 84' lang='grc' dir='ltr'>ἀμφότε-</span> 
     </span>
    </p>
   </div>
   <div class='ocr_carea' id='block_1_8' title="bbox 113 800 1690 873">
    <p class='ocr_par' dir='ltr' id='par_1_8' title="bbox 113 800 1690 873">
     <span class='ocr_line' id='line_1_8' title="bbox 113 800 1690 873; baseline 0.004 -20"><span class='ocrx_word' id='word_1_37' title='bbox 113 802 364 872; x_wconf 59' lang='lat' dir='ltr'><strong>pou/tium</strong></span> <span class='ocrx_word' id='word_1_38' title='bbox 376 800 468 856; x_wconf 75' lang='grc' dir='ltr'>οὖν</span> <span class='ocrx_word' id='word_1_39' title='bbox 485 802 713 863; x_wconf 77' lang='grc' dir='ltr'>όΦωκᾶς</span> <span class='ocrx_word' id='word_1_40' title='bbox 734 800 870 870; x_wconf 78' lang='grc' dir='ltr'>μετὰ</span> <span class='ocrx_word' id='word_1_41' title='bbox 890 801 1018 855; x_wconf 82' lang='grc' dir='ltr'>λαοῦ</span> <span class='ocrx_word' id='word_1_42' title='bbox 1043 803 1292 855; x_wconf 81' lang='grc' dir='ltr'>πλείστου</span> <span class='ocrx_word' id='word_1_43' title='bbox 1311 805 1543 873; x_wconf 80' lang='grc' dir='ltr'><strong>ἰσχυρῶς</strong></span> <span class='ocrx_word' id='word_1_44' title='bbox 1559 807 1690 859; x_wconf 84' lang='grc' dir='ltr'>καθ-</span> 
     </span>
    </p>
   </div>
   <div class='ocr_carea' id='block_1_9' title="bbox 108 894 1689 967">
    <p class='ocr_par' dir='ltr' id='par_1_9' title="bbox 108 894 1689 967">
     <span class='ocr_line' id='line_1_9' title="bbox 108 894 1689 967; baseline 0.001 -17"><span class='ocrx_word' id='word_1_45' title='bbox 108 898 446 964; x_wconf 78' lang='grc' dir='ltr'>ωπλισμένον</span> <span class='ocrx_word' id='word_1_46' title='bbox 481 896 538 948; x_wconf 83' lang='grc' dir='ltr'>ὲν</span> <span class='ocrx_word' id='word_1_47' title='bbox 568 895 910 967; x_wconf 77' lang='grc' dir='ltr'><strong>Χρυσοπόλει</strong></span> <span class='ocrx_word' id='word_1_48' title='bbox 954 894 1277 947; x_wconf 76' lang='grc' dir='ltr'>καταλαϐὼν</span> <span class='ocrx_word' id='word_1_49' title='bbox 1313 896 1563 964; x_wconf 82' lang='grc' dir='ltr'>διέστησε</span> <span class='ocrx_word' id='word_1_50' title='bbox 1588 915 1689 951; x_wconf 83' lang='grc' dir='ltr'>πα-</span> 
     </span>
    </p>
   </div>
   <div class='ocr_carea' id='block_1_10' title="bbox 110 986 1686 1060">
    <p class='ocr_par' dir='ltr' id='par_1_10' title="bbox 110 986 1686 1060">
     <span class='ocr_line' id='line_1_10' title="bbox 110 986 1686 1060; baseline -0.001 -19"><span class='ocrx_word' id='word_1_51' title='bbox 110 986 358 1060; x_wconf 80' lang='grc' dir='ltr'>ρατάξεις</span> <span class='ocrx_word' id='word_1_52' title='bbox 374 989 482 1039; x_wconf 79' lang='grc' dir='ltr'><strong>ἀπὸ</strong></span> <span class='ocrx_word' id='word_1_53' title='bbox 502 987 601 1055; x_wconf 76' lang='grc' dir='ltr'>τῆς</span> <span class='ocrx_word' id='word_1_54' title='bbox 614 986 821 1056; x_wconf 80' lang='grc' dir='ltr'><strong>λιθίνης</strong></span> <span class='ocrx_word' id='word_1_55' title='bbox 839 986 1124 1054; x_wconf 78' lang='grc' dir='ltr'><strong>δαμάλεως</strong></span> <span class='ocrx_word' id='word_1_56' title='bbox 1146 987 1307 1057; x_wconf 78' lang='grc' dir='ltr'>μέχρι</span> <span class='ocrx_word' id='word_1_57' title='bbox 1324 988 1686 1056; x_wconf 78' lang='grc' dir='ltr'>Χαλκηδόνος,</span> 
     </span>
    </p>
   </div>
   <div class='ocr_carea' id='block_1_11' title="bbox 107 1076 1689 1150">
    <p class='ocr_par' dir='ltr' id='par_1_11' title="bbox 107 1076 1689 1150">
     <span class='ocr_line' id='line_1_11' title="bbox 107 1076 1689 1150; baseline -0.001 -18"><span class='ocrx_word' id='word_1_58' title='bbox 107 1082 224 1142; x_wconf 79' lang='grc' dir='ltr'>τοὺς</span> <span class='ocrx_word' id='word_1_59' title='bbox 257 1083 315 1132; x_wconf 81' lang='grc' dir='ltr'>ὲν</span> <span class='ocrx_word' id='word_1_60' title='bbox 360 1078 516 1131; x_wconf 80' lang='grc' dir='ltr'>πόλει</span> <span class='ocrx_word' id='word_1_61' title='bbox 546 1077 747 1146; x_wconf 76' lang='grc' dir='ltr'>φοϐῶν.</span> <span class='ocrx_word' id='word_1_62' title='bbox 802 1077 1219 1130; x_wconf 80' lang='grc' dir='ltr'>Ἀποστέλλεται</span> <span class='ocrx_word' id='word_1_63' title='bbox 1246 1076 1338 1133; x_wconf 81' lang='grc' dir='ltr'>οὖν</span> <span class='ocrx_word' id='word_1_64' title='bbox 1401 1081 1539 1147; x_wconf 78' lang='grc' dir='ltr'>μετὰ</span> <span class='ocrx_word' id='word_1_65' title='bbox 1571 1080 1689 1150; x_wconf 81' lang='grc' dir='ltr'>δρό-</span> 
     </span>
    </p>
   </div>
   <div class='ocr_carea' id='block_1_12' title="bbox 110 1165 1686 1240">
    <p class='ocr_par' dir='ltr' id='par_1_12' title="bbox 110 1165 1686 1240">
     <span class='ocr_line' id='line_1_12' title="bbox 110 1165 1686 1240; baseline -0.001 -16"><span class='ocrx_word' id='word_1_66' title='bbox 110 1188 281 1239; x_wconf 84' lang='grc' dir='ltr'>μωνος</span> <span class='ocrx_word' id='word_1_67' title='bbox 305 1170 462 1240; x_wconf 74' lang='grc' dir='ltr'>παρὰ</span> <span class='ocrx_word' id='word_1_68' title='bbox 488 1168 771 1237; x_wconf 83' lang='grc' dir='ltr'>Ῥωμανοῦ</span> <span class='ocrx_word' id='word_1_69' title='bbox 791 1165 1018 1238; x_wconf 86' lang='grc' dir='ltr'>Συμεὼν</span> <span class='ocrx_word' id='word_1_70' title='bbox 1045 1169 1073 1221; x_wconf 94' lang='grc' dir='ltr'><strong>ό</strong></span> <span class='ocrx_word' id='word_1_71' title='bbox 1104 1169 1197 1222; x_wconf 72' lang='grc' dir='ltr'><strong>ἐπὶ</strong></span> <span class='ocrx_word' id='word_1_72' title='bbox 1237 1168 1330 1222; x_wconf 83' lang='grc' dir='ltr'>τοῦ</span> <span class='ocrx_word' id='word_1_73' title='bbox 1356 1170 1686 1236; x_wconf 85' lang='grc' dir='ltr'>κανικλείου,</span> 
     </span>
    </p>
   </div>
   <div class='ocr_carea' id='block_1_13' title="bbox 107 1260 1687 1330">
    <p class='ocr_par' dir='ltr' id='par_1_13' title="bbox 107 1260 1687 1330">
     <span class='ocr_line' id='line_1_13' title="bbox 107 1260 1687 1330; baseline 0.001 -16"><span class='ocrx_word' id='word_1_74' title='bbox 107 1263 257 1330; x_wconf 75' lang='grc' dir='ltr'>λόγον</span> <span class='ocrx_word' id='word_1_75' title='bbox 328 1262 713 1329; x_wconf 55' lang='grc' dir='ltr'>ὲνυπόγρατον</span> <span class='ocrx_word' id='word_1_76' title='bbox 766 1260 862 1313; x_wconf 82' lang='grc' dir='ltr'><strong>τοῦ</strong></span> <span class='ocrx_word' id='word_1_77' title='bbox 933 1261 1200 1330; x_wconf 82' lang='grc' dir='ltr'>βασιλέως</span> <span class='ocrx_word' id='word_1_78' title='bbox 1278 1263 1687 1325; x_wconf 69' lang='grc' dir='ltr'>Κωνσταντίνου</span> 
     </span>
    </p>
   </div>
   <div class='ocr_carea' id='block_1_14' title="bbox 106 1352 1688 1423">
    <p class='ocr_par' dir='ltr' id='par_1_14' title="bbox 106 1352 1688 1423">
     <span class='ocr_line' id='line_1_14' title="bbox 106 1352 1688 1423; baseline 0.002 -18"><span class='ocrx_word' id='word_1_79' title='bbox 106 1353 518 1422; x_wconf 67' lang='grc' dir='ltr'><strong>ἐπιφερόμενος,</strong></span> <span class='ocrx_word' id='word_1_80' title='bbox 548 1353 672 1407; x_wconf 82' lang='grc' dir='ltr'>τάδε</span> <span class='ocrx_word' id='word_1_81' title='bbox 717 1352 1124 1422; x_wconf 72' lang='grc' dir='ltr'><strong>διαγορεύοντα,</strong></span> <span class='ocrx_word' id='word_1_82' title='bbox 1157 1353 1233 1416; x_wconf 85' lang='grc' dir='ltr'>ὡς</span> <span class='ocrx_word' id='word_1_83' title='bbox 1272 1352 1422 1423; x_wconf 61' lang='grc' dir='ltr'><strong>Ἐγὼ</strong></span> <span class='ocrx_word' id='word_1_84' title='bbox 1448 1354 1688 1423; x_wconf 68' lang='grc' dir='ltr'><strong>φύλακα</strong></span> 
     </span>
    </p>
   </div>
   <div class='ocr_carea' id='block_1_15' title="bbox 104 1444 1687 1515">
    <p class='ocr_par' dir='ltr' id='par_1_15' title="bbox 104 1444 1687 1515">
     <span class='ocr_line' id='line_1_15' title="bbox 104 1444 1687 1515; baseline 0.001 -17"><span class='ocrx_word' id='word_1_85' title='bbox 104 1445 206 1512; x_wconf 80' lang='grc' dir='ltr'>τῆς</span> <span class='ocrx_word' id='word_1_86' title='bbox 230 1444 386 1514; x_wconf 79' lang='grc' dir='ltr'>ἐμῆς</span> <span class='ocrx_word' id='word_1_87' title='bbox 412 1444 771 1510; x_wconf 81' lang='grc' dir='ltr'><strong>δεσποτείας</strong></span> <span class='ocrx_word' id='word_1_88' title='bbox 796 1446 895 1497; x_wconf 81' lang='grc' dir='ltr'><strong>καὶ</strong></span> <span class='ocrx_word' id='word_1_89' title='bbox 916 1445 1243 1512; x_wconf 71' lang='grc' dir='ltr'>,Βασιλείας</span> <span class='ocrx_word' id='word_1_90' title='bbox 1289 1445 1687 1515; x_wconf 78' lang='grc' dir='ltr'>ἐγρηγορώτα-</span> 
     </span>
    </p>
   </div>
   <div class='ocr_carea' id='block_1_16' title="bbox 106 1535 1691 1607">
    <p class='ocr_par' dir='ltr' id='par_1_16' title="bbox 106 1535 1691 1607">
     <span class='ocr_line' id='line_1_16' title="bbox 106 1535 1691 1607; baseline 0.001 -16"><span class='ocrx_word' id='word_1_91' title='bbox 106 1556 203 1591; x_wconf 79' lang='grc' dir='ltr'><strong>τον</strong></span> <span class='ocrx_word' id='word_1_92' title='bbox 266 1538 369 1591; x_wconf 74' lang='grc' dir='ltr'><strong>καὶ</strong></span> <span class='ocrx_word' id='word_1_93' title='bbox 410 1537 827 1591; x_wconf 81' lang='grc' dir='ltr'>εὐνούστατον</span> <span class='ocrx_word' id='word_1_94' title='bbox 874 1535 1107 1607; x_wconf 67' lang='lat' dir='ltr'><strong>[P.245j</strong></span> <span class='ocrx_word' id='word_1_95' title='bbox 1162 1536 1261 1590; x_wconf 77' lang='grc' dir='ltr'><strong>καὶ</strong></span> <span class='ocrx_word' id='word_1_96' title='bbox 1323 1541 1691 1592; x_wconf 82' lang='grc' dir='ltr'>πιστότατον</span> 
     </span>
    </p>
   </div>
   <div class='ocr_carea' id='block_1_17' title="bbox 105 1627 1690 1697">
    <p class='ocr_par' dir='ltr' id='par_1_17' title="bbox 105 1627 1690 1697">
     <span class='ocr_line' id='line_1_17' title="bbox 105 1627 1690 1697; baseline 0.001 -15"><span class='ocrx_word' id='word_1_97' title='bbox 105 1630 323 1684; x_wconf 71' lang='grc' dir='ltr'>οὐδένα</span> <span class='ocrx_word' id='word_1_98' title='bbox 350 1628 471 1683; x_wconf 78' lang='grc' dir='ltr'>τῶν</span> <span class='ocrx_word' id='word_1_99' title='bbox 494 1627 611 1683; x_wconf 81' lang='grc' dir='ltr'><strong>ὑπὸ</strong></span> <span class='ocrx_word' id='word_1_100' title='bbox 643 1628 809 1697; x_wconf 81' lang='grc' dir='ltr'>χεῖρα</span> <span class='ocrx_word' id='word_1_101' title='bbox 841 1628 878 1697; x_wconf 81' lang='grc' dir='ltr'><strong><em>ἣ</em></strong></span> <span class='ocrx_word' id='word_1_102' title='bbox 932 1629 1231 1697; x_wconf 78' lang='grc' dir='ltr'>Ῥωμανὸν</span> <span class='ocrx_word' id='word_1_103' title='bbox 1257 1630 1526 1697; x_wconf 83' lang='grc' dir='ltr'>εὑρηκὼς</span> <span class='ocrx_word' id='word_1_104' title='bbox 1552 1632 1690 1684; x_wconf 84' lang='grc' dir='ltr'><strong>τού-</strong></span> 
     </span>
    </p>
   </div>
   <div class='ocr_carea' id='block_1_18' title="bbox 104 1718 1690 1789">
    <p class='ocr_par' dir='ltr' id='par_1_18' title="bbox 104 1718 1690 1789">
     <span class='ocr_line' id='line_1_18' title="bbox 104 1718 1690 1789; baseline 0.002 -17"><span class='ocrx_word' id='word_1_105' title='bbox 104 1739 176 1785; x_wconf 85' lang='grc' dir='ltr'><strong>τῳ</strong></span> <span class='ocrx_word' id='word_1_106' title='bbox 204 1721 324 1788; x_wconf 75' lang='grc' dir='ltr'>τὴν</span> <span class='ocrx_word' id='word_1_107' title='bbox 393 1720 548 1789; x_wconf 70' lang='grc' dir='ltr'>ἐμὴν</span> <span class='ocrx_word' id='word_1_108' title='bbox 601 1718 894 1789; x_wconf 70' lang='grc' dir='ltr'><strong>φυλακὴν</strong></span> <span class='ocrx_word' id='word_1_109' title='bbox 955 1720 1107 1789; x_wconf 78' lang='grc' dir='ltr'>μετὰ</span> <span class='ocrx_word' id='word_1_110' title='bbox 1148 1719 1298 1774; x_wconf 85' lang='grc' dir='ltr'><strong>Θεὸν</strong></span> <span class='ocrx_word' id='word_1_111' title='bbox 1351 1721 1690 1775; x_wconf 81' lang='grc' dir='ltr'>ἐπίστευσα</span> 
     </span>
    </p>
   </div>
   <div class='ocr_carea' id='block_1_19' title="bbox 105 1810 1687 1884">
    <p class='ocr_par' dir='ltr' id='par_1_19' title="bbox 105 1810 1687 1884">
     <span class='ocr_line' id='line_1_19' title="bbox 105 1810 1687 1884; baseline 0.002 -19"><span class='ocrx_word' id='word_1_112' title='bbox 105 1813 193 1865; x_wconf 76' lang='grc' dir='ltr'><strong>καὶ</strong></span> <span class='ocrx_word' id='word_1_113' title='bbox 226 1813 366 1867; x_wconf 78' lang='grc' dir='ltr'>ἀντὶ</span> <span class='ocrx_word' id='word_1_114' title='bbox 394 1816 619 1879; x_wconf 77' lang='grc' dir='ltr'>πατρὸς</span> <span class='ocrx_word' id='word_1_115' title='bbox 647 1812 837 1865; x_wconf 83' lang='grc' dir='ltr'>αὑτὸν</span> <span class='ocrx_word' id='word_1_116' title='bbox 866 1810 1095 1880; x_wconf 76' lang='grc' dir='ltr'><strong>ἔκρινα,</strong></span> <span class='ocrx_word' id='word_1_117' title='bbox 1124 1811 1453 1881; x_wconf 74' lang='grc' dir='ltr'>σπλάγχνα</span> <span class='ocrx_word' id='word_1_118' title='bbox 1481 1830 1687 1884; x_wconf 82' lang='grc' dir='ltr'>πατρι-</span> 
     </span>
    </p>
   </div>
   <div class='ocr_carea' id='block_1_20' title="bbox 1792 631 3360 702">
    <p class='ocr_par' dir='ltr' id='par_1_20' title="bbox 1792 631 3360 702">
     <span class='ocr_line' id='line_1_20' title="bbox 1792 631 3360 702; baseline 0.006 -18"><span class='ocrx_word' id='word_1_119' title='bbox 1792 631 2117 689; x_wconf 77' lang='lat' dir='ltr'><strong>defectionis</strong></span> <span class='ocrx_word' id='word_1_120' title='bbox 2150 635 2358 702; x_wconf 86' lang='lat' dir='ltr'><strong>primus</strong></span> <span class='ocrx_word' id='word_1_121' title='bbox 2384 648 2579 691; x_wconf 89' lang='lat' dir='ltr'><strong>auctor</strong></span> <span class='ocrx_word' id='word_1_122' title='bbox 2608 636 2734 692; x_wconf 78' lang='lat' dir='ltr'><strong>fuit.</strong></span> <span class='ocrx_word' id='word_1_123' title='bbox 2800 638 2985 695; x_wconf 89' lang='lat' dir='ltr'><strong>Secuti</strong></span> <span class='ocrx_word' id='word_1_124' title='bbox 3020 654 3151 695; x_wconf 78' lang='lat' dir='ltr'><strong>vero</strong></span> <span class='ocrx_word' id='word_1_125' title='bbox 3194 641 3360 695; x_wconf 88' lang='lat' dir='ltr'><strong>etiam</strong></span> 
     </span>
    </p>
   </div>
   <div class='ocr_carea' id='block_1_21' title="bbox 1792 722 3362 801">
    <p class='ocr_par' dir='ltr' id='par_1_21' title="bbox 1792 722 3362 801">
     <span class='ocr_line' id='line_1_21' title="bbox 1792 722 3362 801; baseline 0.006 -27"><span class='ocrx_word' id='word_1_126' title='bbox 1792 722 2094 789; x_wconf 77' lang='lat' dir='ltr'><strong>Balantius.</strong></span> <span class='ocrx_word' id='word_1_127' title='bbox 2140 736 2194 781; x_wconf 91' lang='lat' dir='ltr'><strong>et</strong></span> <span class='ocrx_word' id='word_1_128' title='bbox 2241 742 2402 793; x_wconf 85' lang='lat' dir='ltr'><strong>quem</strong></span> <span class='ocrx_word' id='word_1_129' title='bbox 2434 739 2630 783; x_wconf 82' lang='lat' dir='ltr'><strong>vocant</strong></span> <span class='ocrx_word' id='word_1_130' title='bbox 2656 732 2969 796; x_wconf 84' lang='lat' dir='ltr'><strong>Atzmorus,</strong></span> <span class='ocrx_word' id='word_1_131' title='bbox 2998 731 3100 800; x_wconf 85' lang='lat' dir='ltr'><strong>ipsi</strong></span> <span class='ocrx_word' id='word_1_132' title='bbox 3141 730 3362 801; x_wconf 84' lang='lat' dir='ltr'><strong>quoque</strong></span> 
     </span>
    </p>
   </div>
   <div class='ocr_carea' id='block_1_22' title="bbox 1793 818 3362 891">
    <p class='ocr_par' dir='ltr' id='par_1_22' title="bbox 1793 818 3362 891">
     <span class='ocr_line' id='line_1_22' title="bbox 1793 818 3362 891; baseline 0.004 -20"><span class='ocrx_word' id='word_1_133' title='bbox 1793 819 1954 873; x_wconf 88' lang='lat' dir='ltr'><strong>ambo</strong></span> <span class='ocrx_word' id='word_1_134' title='bbox 1980 818 2204 872; x_wconf 88' lang='lat' dir='ltr'><strong>tribuni.</strong></span> <span class='ocrx_word' id='word_1_135' title='bbox 2254 818 2362 872; x_wconf 82' lang='lat' dir='ltr'><strong>Leo</strong></span> <span class='ocrx_word' id='word_1_136' title='bbox 2394 820 2559 890; x_wconf 78' lang='lat' dir='ltr'><strong>igitur</strong></span> <span class='ocrx_word' id='word_1_137' title='bbox 2593 822 2824 885; x_wconf 88' lang='lat' dir='ltr'><strong>Phocas,</strong></span> <span class='ocrx_word' id='word_1_138' title='bbox 2869 839 2979 891; x_wconf 93' lang='lat' dir='ltr'><strong>quo</strong></span> <span class='ocrx_word' id='word_1_139' title='bbox 3021 824 3191 879; x_wconf 81' lang='lat' dir='ltr'><strong>fretus</strong></span> <span class='ocrx_word' id='word_1_140' title='bbox 3223 834 3362 888; x_wconf 84' lang='lat' dir='ltr'><strong>erat.</strong></span> 
     </span>
    </p>
   </div>
   <div class='ocr_carea' id='block_1_23' title="bbox 1791 911 3365 984">
    <p class='ocr_par' dir='ltr' id='par_1_23' title="bbox 1791 911 3365 984">
     <span class='ocr_line' id='line_1_23' title="bbox 1791 911 3365 984; baseline 0.003 -19"><span class='ocrx_word' id='word_1_141' title='bbox 1791 911 1992 980; x_wconf 80' lang='lat' dir='ltr'><strong>ingenti</strong></span> <span class='ocrx_word' id='word_1_142' title='bbox 2026 913 2174 965; x_wconf 92' lang='lat' dir='ltr'><strong>omni</strong></span> <span class='ocrx_word' id='word_1_143' title='bbox 2200 913 2363 984; x_wconf 76' lang='lat'><strong>396</strong></span> <span class='ocrx_word' id='word_1_144' title='bbox 2381 929 2657 968; x_wconf 89' lang='lat' dir='ltr'><strong>armorum</strong></span> <span class='ocrx_word' id='word_1_145' title='bbox 2689 931 2888 984; x_wconf 78' lang='lat' dir='ltr'><strong>genere</strong></span> <span class='ocrx_word' id='word_1_146' title='bbox 2920 916 3187 970; x_wconf 87' lang='lat' dir='ltr'><strong>instructo</strong></span> <span class='ocrx_word' id='word_1_147' title='bbox 3207 932 3365 971; x_wconf 57' lang='lat' dir='ltr'><strong>exere</strong></span> 
     </span>
    </p>
   </div>
   <div class='ocr_carea' id='block_1_24' title="bbox 1790 1005 3367 1077">
    <p class='ocr_par' dir='ltr' id='par_1_24' title="bbox 1790 1005 3367 1077">
     <span class='ocr_line' id='line_1_24' title="bbox 1790 1005 3367 1077; baseline 0.002 -18"><span class='ocrx_word' id='word_1_148' title='bbox 1790 1006 1901 1059; x_wconf 89' lang='lat' dir='ltr'><strong>citu</strong></span> <span class='ocrx_word' id='word_1_149' title='bbox 1936 1005 2315 1076; x_wconf 85' lang='lat' dir='ltr'><strong>Chrysopolim</strong></span> <span class='ocrx_word' id='word_1_150' title='bbox 2352 1009 2597 1071; x_wconf 77' lang='lat' dir='ltr'><strong>veniens,</strong></span> <span class='ocrx_word' id='word_1_151' title='bbox 2638 1024 2666 1061; x_wconf 90' lang='lat' dir='ltr'><strong>a</strong></span> <span class='ocrx_word' id='word_1_152' title='bbox 2701 1008 2940 1063; x_wconf 81' lang='lat' dir='ltr'><strong>Juvenca</strong></span> <span class='ocrx_word' id='word_1_153' title='bbox 2978 1008 3187 1077; x_wconf 86' lang='lat' dir='ltr'><strong>lapidea</strong></span> <span class='ocrx_word' id='word_1_154' title='bbox 3209 1008 3367 1062; x_wconf 88' lang='lat' dir='ltr'><strong>Chal-</strong></span> 
     </span>
    </p>
   </div>
   <div class='ocr_carea' id='block_1_25' title="bbox 1789 1096 3363 1165">
    <p class='ocr_par' dir='ltr' id='par_1_25' title="bbox 1789 1096 3363 1165">
     <span class='ocr_line' id='line_1_25' title="bbox 1789 1096 3363 1165; baseline 0.001 -17"><span class='ocrx_word' id='word_1_155' title='bbox 1789 1096 2050 1149; x_wconf 69' lang='lat' dir='ltr'><strong>er-donem</strong></span> <span class='ocrx_word' id='word_1_156' title='bbox 2089 1112 2281 1165; x_wconf 88' lang='lat' dir='ltr'><strong>usque,</strong></span> <span class='ocrx_word' id='word_1_157' title='bbox 2316 1098 2381 1151; x_wconf 88' lang='lat' dir='ltr'><strong>ad</strong></span> <span class='ocrx_word' id='word_1_158' title='bbox 2416 1107 2679 1153; x_wconf 90' lang='lat' dir='ltr'><strong>terrorem</strong></span> <span class='ocrx_word' id='word_1_159' title='bbox 2716 1100 2924 1154; x_wconf 82' lang='lat' dir='ltr'><strong>civibus</strong></span> <span class='ocrx_word' id='word_1_160' title='bbox 2964 1098 3363 1163; x_wconf 89' lang='lat' dir='ltr'><strong>incutiendum,</strong></span> 
     </span>
    </p>
   </div>
   <div class='ocr_carea' id='block_1_26' title="bbox 1789 1189 3363 1247">
    <p class='ocr_par' dir='ltr' id='par_1_26' title="bbox 1789 1189 3363 1247">
     <span class='ocr_line' id='line_1_26' title="bbox 1789 1189 3363 1247; baseline 0.001 -5"><span class='ocrx_word' id='word_1_161' title='bbox 1789 1189 1897 1243; x_wconf 85' lang='lat' dir='ltr'><strong>late</strong></span> <span class='ocrx_word' id='word_1_162' title='bbox 1934 1189 2107 1243; x_wconf 84' lang='lat' dir='ltr'><strong>aciem</strong></span> <span class='ocrx_word' id='word_1_163' title='bbox 2141 1191 2404 1244; x_wconf 76' lang='lat' dir='ltr'><strong>extendit.</strong></span> <span class='ocrx_word' id='word_1_164' title='bbox 2473 1191 2691 1247; x_wconf 91' lang='lat' dir='ltr'><strong>Interim</strong></span> <span class='ocrx_word' id='word_1_165' title='bbox 2748 1207 2877 1246; x_wconf 81' lang='lat' dir='ltr'><strong>vero</strong></span> <span class='ocrx_word' id='word_1_166' title='bbox 2928 1192 3128 1247; x_wconf 91' lang='lat' dir='ltr'><strong>missus</strong></span> <span class='ocrx_word' id='word_1_167' title='bbox 3169 1208 3199 1247; x_wconf 88' lang='lat' dir='ltr'><strong>a</strong></span> <span class='ocrx_word' id='word_1_168' title='bbox 3249 1189 3363 1245; x_wconf 78' lang='lat' dir='ltr'><strong>Ro-</strong></span> 
     </span>
    </p>
   </div>
   <div class='ocr_carea' id='block_1_27' title="bbox 1789 1282 3362 1353">
    <p class='ocr_par' dir='ltr' id='par_1_27' title="bbox 1789 1282 3362 1353">
     <span class='ocr_line' id='line_1_27' title="bbox 1789 1282 3362 1353; baseline 0.003 -20"><span class='ocrx_word' id='word_1_169' title='bbox 1789 1296 1953 1335; x_wconf 89' lang='lat' dir='ltr'><strong>mano</strong></span> <span class='ocrx_word' id='word_1_170' title='bbox 1985 1297 2109 1335; x_wconf 92' lang='lat' dir='ltr'><strong>cum</strong></span> <span class='ocrx_word' id='word_1_171' title='bbox 2146 1282 2328 1337; x_wconf 89' lang='lat' dir='ltr'><strong>celoce</strong></span> <span class='ocrx_word' id='word_1_172' title='bbox 2362 1283 2596 1353; x_wconf 83' lang='lat' dir='ltr'><strong>Symeon</strong></span> <span class='ocrx_word' id='word_1_173' title='bbox 2640 1284 2868 1339; x_wconf 90' lang='lat' dir='ltr'><strong>caniclei</strong></span> <span class='ocrx_word' id='word_1_174' title='bbox 2903 1283 3191 1353; x_wconf 73' lang='lat' dir='ltr'><strong>prtefectus</strong></span> <span class='ocrx_word' id='word_1_175' title='bbox 3237 1299 3362 1337; x_wconf 90' lang='lat' dir='ltr'><strong>cum</strong></span> 
     </span>
    </p>
   </div>
   <div class='ocr_carea' id='block_1_28' title="bbox 1789 1375 3362 1446">
    <p class='ocr_par' dir='ltr' id='par_1_28' title="bbox 1789 1375 3362 1446">
     <span class='ocr_line' id='line_1_28' title="bbox 1789 1375 3362 1446; baseline -0.001 -17"><span class='ocrx_word' id='word_1_176' title='bbox 1789 1375 2005 1439; x_wconf 86' lang='lat' dir='ltr'><strong>litteris,</strong></span> <span class='ocrx_word' id='word_1_177' title='bbox 2035 1375 2380 1430; x_wconf 87' lang='lat' dir='ltr'><strong>Constantini</strong></span> <span class='ocrx_word' id='word_1_178' title='bbox 2432 1376 2782 1446; x_wconf 84' lang='lat' dir='ltr'><strong>imperatoris</strong></span> <span class='ocrx_word' id='word_1_179' title='bbox 2810 1376 3215 1445; x_wconf 77' lang='lat' dir='ltr'><strong>subscriptione</strong></span> <span class='ocrx_word' id='word_1_180' title='bbox 3243 1391 3362 1428; x_wconf 91' lang='lat' dir='ltr'><strong>mu-</strong></span> 
     </span>
    </p>
   </div>
   <div class='ocr_carea' id='block_1_29' title="bbox 1791 1468 3362 1533">
    <p class='ocr_par' dir='ltr' id='par_1_29' title="bbox 1791 1468 3362 1533">
     <span class='ocr_line' id='line_1_29' title="bbox 1791 1468 3362 1533; baseline -0.001 -12"><span class='ocrx_word' id='word_1_181' title='bbox 1791 1470 1943 1524; x_wconf 92' lang='lat' dir='ltr'><strong>nitis.</strong></span> <span class='ocrx_word' id='word_1_182' title='bbox 2005 1470 2333 1524; x_wconf 77' lang='lat' dir='ltr'><strong>Litterarum</strong></span> <span class='ocrx_word' id='word_1_183' title='bbox 2376 1470 2465 1524; x_wconf 86' lang='lat' dir='ltr'><strong>hic</strong></span> <span class='ocrx_word' id='word_1_184' title='bbox 2509 1480 2624 1523; x_wconf 89' lang='lat' dir='ltr'><strong>erat</strong></span> <span class='ocrx_word' id='word_1_185' title='bbox 2673 1479 2847 1533; x_wconf 89' lang='lat' dir='ltr'><strong>tenor,</strong></span> <span class='ocrx_word' id='word_1_186' title='bbox 2891 1471 3005 1523; x_wconf 72' lang='lat' dir='ltr'><strong>haec</strong></span> <span class='ocrx_word' id='word_1_187' title='bbox 3054 1468 3362 1524; x_wconf 84' lang='lat' dir='ltr'><strong>sententia:</strong></span> 
     </span>
    </p>
   </div>
   <div class='ocr_carea' id='block_1_30' title="bbox 1789 1558 3367 1628">
    <p class='ocr_par' dir='ltr' id='par_1_30' title="bbox 1789 1558 3367 1628">
     <span class='ocr_line' id='line_1_30' title="bbox 1789 1558 3367 1628; baseline -0.004 -11"><span class='ocrx_word' id='word_1_188' title='bbox 1789 1561 1922 1617; x_wconf 88' lang='lat' dir='ltr'><strong>Cum</strong></span> <span class='ocrx_word' id='word_1_189' title='bbox 1965 1562 2129 1614; x_wconf 82' lang='lat' dir='ltr'><strong>alium</strong></span> <span class='ocrx_word' id='word_1_190' title='bbox 2185 1563 2441 1615; x_wconf 84' lang='lat' dir='ltr'><strong>neminem</strong></span> <span class='ocrx_word' id='word_1_191' title='bbox 2488 1562 2871 1615; x_wconf 86' lang='lat' dir='ltr'><strong>dominationis</strong></span> <span class='ocrx_word' id='word_1_192' title='bbox 2923 1577 3052 1614; x_wconf 76' lang='lat' dir='ltr'><strong>mea:</strong></span> <span class='ocrx_word' id='word_1_193' title='bbox 3094 1576 3155 1613; x_wconf 90' lang='lat' dir='ltr'><strong>ac</strong></span> <span class='ocrx_word' id='word_1_194' title='bbox 3198 1558 3367 1628; x_wconf 82' lang='lat' dir='ltr'><strong>maje-</strong></span> 
     </span>
    </p>
   </div>
   <div class='ocr_carea' id='block_1_31' title="bbox 1791 1650 3367 1724">
    <p class='ocr_par' dir='ltr' id='par_1_31' title="bbox 1791 1650 3367 1724">
     <span class='ocr_line' id='line_1_31' title="bbox 1791 1650 3367 1724; baseline -0.004 -15"><span class='ocrx_word' id='word_1_195' title='bbox 1791 1657 1947 1709; x_wconf 83' lang='lat' dir='ltr'><strong>statis</strong></span> <span class='ocrx_word' id='word_1_196' title='bbox 1987 1654 2375 1724; x_wconf 77' lang='lat' dir='ltr'><strong>rigilantiorem</strong></span> <span class='ocrx_word' id='word_1_197' title='bbox 2410 1657 2683 1724; x_wconf 77' lang='lat' dir='ltr'><strong>magisque</strong></span> <span class='ocrx_word' id='word_1_198' title='bbox 2723 1653 3025 1707; x_wconf 86' lang='lat' dir='ltr'><strong>benevolum</strong></span> <span class='ocrx_word' id='word_1_199' title='bbox 3056 1668 3118 1705; x_wconf 89' lang='lat' dir='ltr'><strong>ac</strong></span> <span class='ocrx_word' id='word_1_200' title='bbox 3159 1650 3367 1720; x_wconf 81' lang='lat' dir='ltr'><strong>ﬁdelio-</strong></span> 
     </span>
    </p>
   </div>
   <div class='ocr_carea' id='block_1_32' title="bbox 1790 1745 3364 1815">
    <p class='ocr_par' dir='ltr' id='par_1_32' title="bbox 1790 1745 3364 1815">
     <span class='ocr_line' id='line_1_32' title="bbox 1790 1745 3364 1815; baseline -0.004 -15"><span class='ocrx_word' id='word_1_201' title='bbox 1790 1763 1897 1800; x_wconf 88' lang='lat' dir='ltr'><strong>rem</strong></span> <span class='ocrx_word' id='word_1_202' title='bbox 1922 1746 2208 1806; x_wconf 85' lang='lat' dir='ltr'><strong>custodem.</strong></span> <span class='ocrx_word' id='word_1_203' title='bbox 2247 1747 2383 1799; x_wconf 87' lang='lat' dir='ltr'><strong>inter</strong></span> <span class='ocrx_word' id='word_1_204' title='bbox 2410 1762 2585 1799; x_wconf 87' lang='lat' dir='ltr'><strong>omnes</strong></span> <span class='ocrx_word' id='word_1_205' title='bbox 2619 1747 2709 1815; x_wconf 85' lang='lat' dir='ltr'><strong>qui</strong></span> <span class='ocrx_word' id='word_1_206' title='bbox 2740 1761 2867 1799; x_wconf 74' lang='lat' dir='ltr'><strong>mea:</strong></span> <span class='ocrx_word' id='word_1_207' title='bbox 2895 1745 3113 1797; x_wconf 72' lang='lat' dir='ltr'><strong>ditionis</strong></span> <span class='ocrx_word' id='word_1_208' title='bbox 3156 1752 3276 1795; x_wconf 87' lang='lat' dir='ltr'><strong>sunt</strong></span> <span class='ocrx_word' id='word_1_209' title='bbox 3303 1758 3364 1794; x_wconf 84' lang='lat' dir='ltr'><strong>ac</strong></span> 
     </span>
    </p>
   </div>
   <div class='ocr_carea' id='block_1_33' title="bbox 1790 1834 3366 1905">
    <p class='ocr_par' dir='ltr' id='par_1_33' title="bbox 1790 1834 3366 1905">
     <span class='ocr_line' id='line_1_33' title="bbox 1790 1834 3366 1905; baseline -0.004 -16"><span class='ocrx_word' id='word_1_210' title='bbox 1790 1837 2010 1905; x_wconf 87' lang='lat' dir='ltr'><strong>imperio</strong></span> <span class='ocrx_word' id='word_1_211' title='bbox 2042 1837 2282 1899; x_wconf 81' lang='lat' dir='ltr'><strong>subsunt,</strong></span> <span class='ocrx_word' id='word_1_212' title='bbox 2324 1837 2559 1890; x_wconf 73' lang='lat' dir='ltr'><strong>liotitano</strong></span> <span class='ocrx_word' id='word_1_213' title='bbox 2592 1837 2896 1898; x_wconf 78' lang='lat' dir='ltr'><strong>invenerim,</strong></span> <span class='ocrx_word' id='word_1_214' title='bbox 2932 1837 3051 1886; x_wconf 87' lang='lat' dir='ltr'><strong>Imic</strong></span> <span class='ocrx_word' id='word_1_215' title='bbox 3079 1834 3366 1887; x_wconf 85' lang='lat' dir='ltr'><strong>secundum</strong></span> 
     </span>
    </p>
   </div>
   <div class='ocr_carea' id='block_1_34' title="bbox 113 1895 1695 1995">
    <p class='ocr_par' dir='ltr' id='par_1_34' title="bbox 113 1903 1684 1975">
     <span class='ocr_line' id='line_1_34' title="bbox 113 1903 1684 1975; baseline 0.001 -16"><span class='ocrx_word' id='word_1_216' title='bbox 113 1907 185 1959; x_wconf 75' lang='grc' dir='ltr'><strong>κὰ</strong></span> <span class='ocrx_word' id='word_1_217' title='bbox 224 1906 326 1958; x_wconf 80' lang='grc' dir='ltr'><strong>καὶ</strong></span> <span class='ocrx_word' id='word_1_218' title='bbox 370 1905 647 1960; x_wconf 77' lang='grc' dir='ltr'>διάθεσιν</span> <span class='ocrx_word' id='word_1_219' title='bbox 670 1904 924 1974; x_wconf 73' lang='grc' dir='ltr'>τονικὴν</span> <span class='ocrx_word' id='word_1_220' title='bbox 944 1903 1093 1972; x_wconf 79' lang='grc' dir='ltr'>πρὸς</span> <span class='ocrx_word' id='word_1_221' title='bbox 1112 1904 1215 1973; x_wconf 74' lang='grc' dir='ltr'><strong>ἐμὲ</strong></span> <span class='ocrx_word' id='word_1_222' title='bbox 1244 1903 1684 1975; x_wconf 75' lang='grc' dir='ltr'>ἐνδειξάμενον.</span> 
     </span>
    </p>
   </div>
   <div class='ocr_carea' id='block_1_35' title="bbox 1797 1895 3366 1995">
    <p class='ocr_par' dir='ltr' id='par_1_35' title="bbox 1797 1925 3366 1995">
     <span class='ocr_line' id='line_1_35' title="bbox 1797 1925 3366 1995; baseline -0.004 -13"><span class='ocrx_word' id='word_1_223' title='bbox 1797 1929 1958 1982; x_wconf 91' lang='lat' dir='ltr'><strong>Deum</strong></span> <span class='ocrx_word' id='word_1_224' title='bbox 1989 1930 2089 1981; x_wconf 87' lang='lat' dir='ltr'><strong>mei</strong></span> <span class='ocrx_word' id='word_1_225' title='bbox 2123 1928 2418 1981; x_wconf 79' lang='lat' dir='ltr'><strong>custodiam</strong></span> <span class='ocrx_word' id='word_1_226' title='bbox 2451 1929 2710 1991; x_wconf 79' lang='lat' dir='ltr'><strong>commisi,</strong></span> <span class='ocrx_word' id='word_1_227' title='bbox 2746 1928 3016 1995; x_wconf 83' lang='lat' dir='ltr'><strong>ipsumque</strong></span> <span class='ocrx_word' id='word_1_228' title='bbox 3058 1926 3169 1977; x_wconf 83' lang='lat' dir='ltr'><strong>loco</strong></span> <span class='ocrx_word' id='word_1_229' title='bbox 3198 1925 3366 1993; x_wconf 84' lang='lat' dir='ltr'><strong>patris</strong></span> 
     </span>
    </p>
   </div>
   <div class='ocr_carea' id='block_1_36' title="bbox 104 1994 1689 2066">
    <p class='ocr_par' dir='ltr' id='par_1_36' title="bbox 104 1994 1689 2066">
     <span class='ocr_line' id='line_1_36' title="bbox 104 1994 1689 2066; baseline 0.001 -16"><span class='ocrx_word' id='word_1_230' title='bbox 104 1996 333 2050; x_wconf 70' lang='grc' dir='ltr'>Λέοντα</span> <span class='ocrx_word' id='word_1_231' title='bbox 359 1996 429 2048; x_wconf 79' lang='grc' dir='ltr'>δὲ</span> <span class='ocrx_word' id='word_1_232' title='bbox 460 1996 569 2049; x_wconf 79' lang='grc' dir='ltr'>τὸν</span> <span class='ocrx_word' id='word_1_233' title='bbox 594 1994 807 2050; x_wconf 79' lang='grc' dir='ltr'>Φωκᾶν</span> <span class='ocrx_word' id='word_1_234' title='bbox 827 1995 919 2051; x_wconf 77' lang='grc' dir='ltr'><strong>ἀεὶ</strong></span> <span class='ocrx_word' id='word_1_235' title='bbox 959 1994 1034 2063; x_wconf 74' lang='grc' dir='ltr'><strong>τῇ</strong></span> <span class='ocrx_word' id='word_1_236' title='bbox 1058 1995 1175 2066; x_wconf 77' lang='grc' dir='ltr'><strong>ἐμῇ</strong></span> <span class='ocrx_word' id='word_1_237' title='bbox 1196 1997 1488 2064; x_wconf 75' lang='grc' dir='ltr'>βασιλείῃ</span> <span class='ocrx_word' id='word_1_238' title='bbox 1546 2001 1689 2052; x_wconf 65' lang='grc' dir='ltr'>ὐποα</span> 
     </span>
    </p>
   </div>
   <div class='ocr_carea' id='block_1_37' title="bbox 103 2086 1685 2156">
    <p class='ocr_par' dir='ltr' id='par_1_37' title="bbox 103 2086 1685 2156">
     <span class='ocr_line' id='line_1_37' title="bbox 103 2086 1685 2156; baseline -0.001 -15"><span class='ocrx_word' id='word_1_239' title='bbox 103 2090 343 2141; x_wconf 64' lang='lat' dir='ltr'><strong>statim</strong></span> <span class='ocrx_word' id='word_1_240' title='bbox 373 2089 788 2141; x_wconf 74' lang='grc' dir='ltr'>ἐπιϐουλεύειν</span> <span class='ocrx_word' id='word_1_241' title='bbox 825 2086 941 2140; x_wconf 80' lang='grc' dir='ltr'><strong>νῦν</strong></span> <span class='ocrx_word' id='word_1_242' title='bbox 960 2086 1079 2154; x_wconf 80' lang='grc' dir='ltr'><strong>μὲν</strong></span> <span class='ocrx_word' id='word_1_243' title='bbox 1114 2087 1306 2156; x_wconf 78' lang='grc' dir='ltr'><strong>ἔργοις</strong></span> <span class='ocrx_word' id='word_1_244' title='bbox 1334 2088 1528 2153; x_wconf 77' lang='grc' dir='ltr'>αὐτοῖς</span> <span class='ocrx_word' id='word_1_245' title='bbox 1558 2090 1657 2140; x_wconf 80' lang='grc' dir='ltr'>ἐπί</span> <span class='ocrx_word' id='word_1_246' title='bbox 1668 2119 1685 2128; x_wconf 86' lang='lat'><strong>-</strong></span> 
     </span>
    </p>
   </div>
   <div class='ocr_carea' id='block_1_38' title="bbox 103 2176 1689 2247">
    <p class='ocr_par' dir='ltr' id='par_1_38' title="bbox 103 2176 1689 2247">
     <span class='ocr_line' id='line_1_38' title="bbox 103 2176 1689 2247; baseline -0.004 -12"><span class='ocrx_word' id='word_1_247' title='bbox 103 2182 329 2235; x_wconf 59' lang='lat' dir='ltr'><strong>(intuor</strong></span> <span class='ocrx_word' id='word_1_248' title='bbox 377 2179 605 2247; x_wconf 75' lang='grc' dir='ltr'>εὕρηκα</span> <span class='ocrx_word' id='word_1_249' title='bbox 628 2178 862 2245; x_wconf 79' lang='grc' dir='ltr'>καὶτῆς</span> <span class='ocrx_word' id='word_1_250' title='bbox 904 2177 1055 2247; x_wconf 78' lang='grc' dir='ltr'>ἐμῆς</span> <span class='ocrx_word' id='word_1_251' title='bbox 1099 2178 1292 2245; x_wconf 78' lang='grc' dir='ltr'>ἀρχῆς</span> <span class='ocrx_word' id='word_1_252' title='bbox 1325 2176 1689 2244; x_wconf 73' lang='grc' dir='ltr'><strong>τυραννικῶς</strong></span> 
     </span>
    </p>
   </div>
   <div class='ocr_carea' id='block_1_39' title="bbox 103 2268 1688 2340">
    <p class='ocr_par' dir='ltr' id='par_1_39' title="bbox 103 2268 1688 2340">
     <span class='ocr_line' id='line_1_39' title="bbox 103 2268 1688 2340; baseline -0.003 -14"><span class='ocrx_word' id='word_1_253' title='bbox 103 2270 817 2340; x_wconf 75' lang='grc' dir='ltr'><strong>κατεξανιστάμενον.Διὸ</strong></span> <span class='ocrx_word' id='word_1_254' title='bbox 841 2269 977 2323; x_wconf 82' lang='grc' dir='ltr'>οὔτε</span> <span class='ocrx_word' id='word_1_255' title='bbox 1004 2268 1688 2336; x_wconf 77' lang='grc' dir='ltr'>δομέστικοναὺτόνάπύ</span> 
     </span>
    </p>
   </div>
   <div class='ocr_carea' id='block_1_40' title="bbox 104 2360 1691 2429">
    <p class='ocr_par' dir='ltr' id='par_1_40' title="bbox 104 2360 1691 2429">
     <span class='ocr_line' id='line_1_40' title="bbox 104 2360 1691 2429; baseline -0.003 -12"><span class='ocrx_word' id='word_1_256' title='bbox 104 2366 209 2419; x_wconf 82' lang='grc' dir='ltr'>τοῦ</span> <span class='ocrx_word' id='word_1_257' title='bbox 236 2364 365 2418; x_wconf 79' lang='grc' dir='ltr'><strong>νῦν</strong></span> <span class='ocrx_word' id='word_1_258' title='bbox 408 2360 563 2417; x_wconf 78' lang='grc' dir='ltr'>εἶναι</span> <span class='ocrx_word' id='word_1_259' title='bbox 604 2363 909 2429; x_wconf 69' lang='grc' dir='ltr'>,ϐούλομαι</span> <span class='ocrx_word' id='word_1_260' title='bbox 940 2377 954 2390; x_wconf 74' lang='grc' dir='ltr'><strong>ο</strong></span> <span class='ocrx_word' id='word_1_261' title='bbox 987 2361 1128 2413; x_wconf 85' lang='grc' dir='ltr'>οὔτε</span> <span class='ocrx_word' id='word_1_262' title='bbox 1173 2361 1282 2428; x_wconf 77' lang='grc' dir='ltr'>γὰρ</span> <span class='ocrx_word' id='word_1_263' title='bbox 1326 2361 1552 2425; x_wconf 81' lang='grc' dir='ltr'>ταύτην</span> <span class='ocrx_word' id='word_1_264' title='bbox 1580 2360 1691 2427; x_wconf 79' lang='grc' dir='ltr'>τὴν</span> 
     </span>
    </p>
   </div>
   <div class='ocr_carea' id='block_1_41' title="bbox 100 2452 1687 2524">
    <p class='ocr_par' dir='ltr' id='par_1_41' title="bbox 100 2452 1687 2524">
     <span class='ocr_line' id='line_1_41' title="bbox 100 2452 1687 2524; baseline -0.006 -12"><span class='ocrx_word' id='word_1_265' title='bbox 100 2456 441 2524; x_wconf 72' lang='grc' dir='ltr'>ἀνταρσίαν</span> <span class='ocrx_word' id='word_1_266' title='bbox 460 2456 609 2524; x_wconf 81' lang='grc' dir='ltr'>μετὰ</span> <span class='ocrx_word' id='word_1_267' title='bbox 626 2453 870 2521; x_wconf 69' lang='grc' dir='ltr'><strong>,ϐουλῆς</strong></span> <span class='ocrx_word' id='word_1_268' title='bbox 923 2452 1075 2521; x_wconf 82' lang='grc' dir='ltr'>ἐμῆς</span> <span class='ocrx_word' id='word_1_269' title='bbox 1103 2454 1476 2520; x_wconf 70' lang='grc' dir='ltr'>πεπραχέναι</span> <span class='ocrx_word' id='word_1_270' title='bbox 1516 2453 1687 2521; x_wconf 67' lang='grc' dir='ltr'>φημί,</span> 
     </span>
    </p>
   </div>
   <div class='ocr_carea' id='block_1_42' title="bbox 105 2544 1692 2617">
    <p class='ocr_par' dir='ltr' id='par_1_42' title="bbox 105 2544 1692 2617">
     <span class='ocr_line' id='line_1_42' title="bbox 105 2544 1692 2617; baseline -0.005 -13"><span class='ocrx_word' id='word_1_271' title='bbox 105 2552 242 2604; x_wconf 69' lang='grc' dir='ltr'><em>ἀλλ’</em></span> <span class='ocrx_word' id='word_1_272' title='bbox 274 2548 608 2616; x_wconf 76' lang='grc' dir='ltr'><strong>αὐθαιρέτῳ</strong></span> <span class='ocrx_word' id='word_1_273' title='bbox 637 2548 837 2617; x_wconf 78' lang='grc' dir='ltr'>γνώμῃ</span> <span class='ocrx_word' id='word_1_274' title='bbox 882 2549 1108 2612; x_wconf 79' lang='grc' dir='ltr'>ταύτην</span> <span class='ocrx_word' id='word_1_275' title='bbox 1156 2545 1524 2611; x_wconf 79' lang='grc' dir='ltr'>ποιήσασθαι</span> <span class='ocrx_word' id='word_1_276' title='bbox 1578 2544 1692 2612; x_wconf 78' lang='grc' dir='ltr'><strong>τὴν</strong></span> 
     </span>
    </p>
   </div>
   <div class='ocr_carea' id='block_1_43' title="bbox 101 2634 1687 2705">
    <p class='ocr_par' dir='ltr' id='par_1_43' title="bbox 101 2634 1687 2705">
     <span class='ocr_line' id='line_1_43' title="bbox 101 2634 1687 2705; baseline -0.003 -12"><span class='ocrx_word' id='word_1_277' title='bbox 101 2642 400 2698; x_wconf 71' lang='grc' dir='ltr'>ἐπίθεσιν.</span> <span class='ocrx_word' id='word_1_278' title='bbox 433 2639 624 2704; x_wconf 82' lang='grc' dir='ltr'>ἐαυτῷ</span> <span class='ocrx_word' id='word_1_279' title='bbox 662 2639 776 2705; x_wconf 78' lang='grc' dir='ltr'>τὴν</span> <span class='ocrx_word' id='word_1_280' title='bbox 800 2637 1131 2702; x_wconf 75' lang='grc' dir='ltr'>,ϐασιλείαν</span> <span class='ocrx_word' id='word_1_281' title='bbox 1174 2634 1687 2705; x_wconf 59' lang='grc' dir='ltr'><strong>σέριςτιπςριδόμεν-ω·⁸</strong></span> 
     </span>
    </p>
   </div>
   <div class='ocr_carea' id='block_1_44' title="bbox 104 2726 1688 2801">
    <p class='ocr_par' dir='ltr' id='par_1_44' title="bbox 104 2726 1688 2801">
     <span class='ocr_line' id='line_1_44' title="bbox 104 2726 1688 2801; baseline -0.003 -16"><span class='ocrx_word' id='word_1_282' title='bbox 104 2732 325 2785; x_wconf 83' lang='grc' dir='ltr'>Τούτων</span> <span class='ocrx_word' id='word_1_283' title='bbox 356 2726 451 2783; x_wconf 77' lang='grc' dir='ltr'>οὖν</span> <span class='ocrx_word' id='word_1_284' title='bbox 477 2731 555 2801; x_wconf 84' lang='grc' dir='ltr'><strong>τῷ</strong></span> <span class='ocrx_word' id='word_1_285' title='bbox 575 2729 691 2799; x_wconf 82' lang='grc' dir='ltr'>λαῷ</span> <span class='ocrx_word' id='word_1_286' title='bbox 725 2728 1184 2796; x_wconf 78' lang='grc' dir='ltr'><strong>ἀναγνωσθέντων</strong></span> <span class='ocrx_word' id='word_1_287' title='bbox 1215 2728 1452 2797; x_wconf 74' lang='grc' dir='ltr'>ἦρξαντο</span> <span class='ocrx_word' id='word_1_288' title='bbox 1486 2730 1688 2791; x_wconf 71' lang='grc' dir='ltr'>πάντες</span> 
     </span>
    </p>
   </div>
   <div class='ocr_carea' id='block_1_45' title="bbox 102 2820 1683 2895">
    <p class='ocr_par' dir='ltr' id='par_1_45' title="bbox 102 2820 1683 2895">
     <span class='ocr_line' id='line_1_45' title="bbox 102 2820 1683 2895; baseline -0.003 -18"><span class='ocrx_word' id='word_1_289' title='bbox 102 2826 419 2895; x_wconf 71' lang='grc' dir='ltr'>ἀναχωρεῖν</span> <span class='ocrx_word' id='word_1_290' title='bbox 448 2825 542 2876; x_wconf 71' lang='grc' dir='ltr'><strong>καὶ</strong></span> <span class='ocrx_word' id='word_1_291' title='bbox 574 2822 654 2888; x_wconf 82' lang='grc' dir='ltr'><strong>τῷ</strong></span> <span class='ocrx_word' id='word_1_292' title='bbox 679 2821 1097 2891; x_wconf 72' lang='grc' dir='ltr'>βασιλεοπάτορι</span> <span class='ocrx_word' id='word_1_293' title='bbox 1136 2820 1505 2891; x_wconf 69' lang='grc' dir='ltr'>προσρύεσθαι</span> <span class='ocrx_word' id='word_1_294' title='bbox 1546 2820 1683 2873; x_wconf 84' lang='grc' dir='ltr'><strong>Ῥω-</strong></span> 
     </span>
    </p>
   </div>
   <div class='ocr_carea' id='block_1_46' title="bbox 105 2913 1687 2991">
    <p class='ocr_par' dir='ltr' id='par_1_46' title="bbox 105 2913 1687 2991">
     <span class='ocr_line' id='line_1_46' title="bbox 105 2913 1687 2991; baseline -0.003 -22"><span class='ocrx_word' id='word_1_295' title='bbox 105 2918 280 2988; x_wconf 79' lang='grc' dir='ltr'>μανῷ.</span> <span class='ocrx_word' id='word_1_296' title='bbox 321 2916 429 2968; x_wconf 69' lang='grc' dir='ltr'><strong>Τοῦ</strong></span> <span class='ocrx_word' id='word_1_297' title='bbox 463 2917 629 2967; x_wconf 81' lang='grc' dir='ltr'><strong>Φωκᾶ</strong></span> <span class='ocrx_word' id='word_1_298' title='bbox 654 2916 709 2967; x_wconf 86' lang='grc' dir='ltr'>δὲ</span> <span class='ocrx_word' id='word_1_299' title='bbox 740 2917 817 2976; x_wconf 84' lang='grc' dir='ltr'><strong>εἰς</strong></span> <span class='ocrx_word' id='word_1_300' title='bbox 851 2913 1163 2991; x_wconf 70' lang='grc' dir='ltr'><strong>ἀμηχανίαν</strong></span> <span class='ocrx_word' id='word_1_301' title='bbox 1208 2914 1566 2982; x_wconf 76' lang='grc' dir='ltr'>περιστάντος</span> <span class='ocrx_word' id='word_1_302' title='bbox 1591 2913 1687 2966; x_wconf 74' lang='grc' dir='ltr'><strong>καὶ</strong></span> 
     </span>
    </p>
   </div>
   <div class='ocr_carea' id='block_1_47' title="bbox 100 2998 1694 3079">
    <p class='ocr_par' dir='ltr' id='par_1_47' title="bbox 100 2998 1694 3079">
     <span class='ocr_line' id='line_1_47' title="bbox 100 2998 1694 3079; baseline -0.006 -14"><span class='ocrx_word' id='word_1_303' title='bbox 100 3011 440 3078; x_wconf 73' lang='grc' dir='ltr'>ἀπογνόντος</span> <span class='ocrx_word' id='word_1_304' title='bbox 468 3008 545 3066; x_wconf 84' lang='grc' dir='ltr'>ὡς</span> <span class='ocrx_word' id='word_1_305' title='bbox 572 3007 753 3074; x_wconf 85' lang='grc' dir='ltr'>πάσης</span> <span class='ocrx_word' id='word_1_306' title='bbox 773 3006 999 3077; x_wconf 52' lang='grc' dir='ltr'>ἐλπίδος</span> <span class='ocrx_word' id='word_1_307' title='bbox 1030 3004 1415 3073; x_wconf 84' lang='grc' dir='ltr'>ἠστοχηκότος,</span> <span class='ocrx_word' id='word_1_308' title='bbox 1434 2998 1543 3079; x_wconf 35' lang='grc' dir='ltr'>οιαὶ.</span> <span class='ocrx_word' id='word_1_309' title='bbox 1562 3022 1694 3074; x_wconf 87' lang='grc' dir='ltr'>χρη·</span> 
     </span>
    </p>
   </div>
   <div class='ocr_carea' id='block_1_48' title="bbox 107 3095 1690 3170">
    <p class='ocr_par' dir='ltr' id='par_1_48' title="bbox 107 3095 1690 3170">
     <span class='ocr_line' id='line_1_48' title="bbox 107 3095 1690 3170; baseline -0.005 -15"><span class='ocrx_word' id='word_1_310' title='bbox 107 3102 355 3170; x_wconf 80' lang='grc' dir='ltr'>σαμένου</span> <span class='ocrx_word' id='word_1_311' title='bbox 395 3101 542 3169; x_wconf 80' lang='grc' dir='ltr'>φυγῇ</span> <span class='ocrx_word' id='word_1_312' title='bbox 578 3101 674 3150; x_wconf 68' lang='grc' dir='ltr'><strong>καὶ</strong></span> <span class='ocrx_word' id='word_1_313' title='bbox 704 3096 931 3164; x_wconf 73' lang='grc' dir='ltr'>πρὸς-τὸ</span> <span class='ocrx_word' id='word_1_314' title='bbox 964 3095 1198 3165; x_wconf 84' lang='grc' dir='ltr'>κὰστρον</span> <span class='ocrx_word' id='word_1_315' title='bbox 1246 3095 1461 3157; x_wconf 78' lang='grc' dir='ltr'>Ἀτεοῦς</span> <span class='ocrx_word' id='word_1_316' title='bbox 1512 3114 1690 3166; x_wconf 86' lang='grc' dir='ltr'>παρα-</span> 
     </span>
    </p>
   </div>
   <div class='ocr_carea' id='block_1_49' title="bbox 100 3170 1761 3286">
    <p class='ocr_par' dir='ltr' id='par_1_49' title="bbox 100 3170 1761 3286">
     <span class='ocr_line' id='line_1_49' title="bbox 100 3170 1761 3286; baseline -0.005 -39"><span class='ocrx_word' id='word_1_317' title='bbox 100 3196 401 3264; x_wconf 72' lang='grc' dir='ltr'>γενομένου</span> <span class='ocrx_word' id='word_1_318' title='bbox 426 3194 519 3244; x_wconf 70' lang='grc' dir='ltr'><strong>καὶ</strong></span> <span class='ocrx_word' id='word_1_319' title='bbox 654 3176 957 3258; x_wconf 79' lang='grc' dir='ltr'>δεχθέντος.</span> <span class='ocrx_word' id='word_1_320' title='bbox 987 3191 1045 3241; x_wconf 81' lang='grc' dir='ltr'>ὲν</span> <span class='ocrx_word' id='word_1_321' title='bbox 1079 3188 1264 3257; x_wconf 78' lang='grc' dir='ltr'>χωρίῳ</span> <span class='ocrx_word' id='word_1_322' title='bbox 1303 3186 1688 3258; x_wconf 72' lang='grc' dir='ltr'>ὀνομαζομένῳ</span> <span class='ocrx_word' id='word_1_323' title='bbox 1718 3226 1761 3286; x_wconf 78' lang='lat' dir='ltr'>C</span> 
     </span>
    </p>
   </div>
   <div class='ocr_carea' id='block_1_50' title="bbox 99 3280 1682 3359">
    <p class='ocr_par' dir='ltr' id='par_1_50' title="bbox 99 3280 1682 3359">
     <span class='ocr_line' id='line_1_50' title="bbox 99 3280 1682 3359; baseline -0.006 -17"><span class='ocrx_word' id='word_1_324' title='bbox 99 3290 138 3341; x_wconf 86' lang='grc' dir='ltr'><strong>Γ</strong></span> <span class='ocrx_word' id='word_1_325' title='bbox 141 3290 395 3359; x_wconf 82' lang='grc' dir='ltr'>οη).ἐοντι</span> <span class='ocrx_word' id='word_1_326' title='bbox 442 3285 884 3353; x_wconf 78' lang='grc' dir='ltr'><strong>καταστήσαντος</strong></span> <span class='ocrx_word' id='word_1_327' title='bbox 953 3282 1049 3335; x_wconf 66' lang='grc' dir='ltr'><strong>καὶ</strong></span> <span class='ocrx_word' id='word_1_328' title='bbox 1105 3280 1520 3349; x_wconf 78' lang='grc' dir='ltr'>συλληφθέντος,</span> <span class='ocrx_word' id='word_1_329' title='bbox 1573 3284 1682 3334; x_wconf 87' lang='grc' dir='ltr'><strong>ἁπ-</strong></span> 
     </span>
    </p>
   </div>
   <div class='ocr_carea' id='block_1_51' title="bbox 99 3372 1688 3447">
    <p class='ocr_par' dir='ltr' id='par_1_51' title="bbox 99 3372 1688 3447">
     <span class='ocr_line' id='line_1_51' title="bbox 99 3372 1688 3447; baseline -0.007 -12"><span class='ocrx_word' id='word_1_330' title='bbox 99 3381 351 3435; x_wconf 68' lang='grc' dir='ltr'>ἐττειλεν</span> <span class='ocrx_word' id='word_1_331' title='bbox 382 3376 667 3447; x_wconf 77' lang='grc' dir='ltr'>Ῥωμανὸς</span> <span class='ocrx_word' id='word_1_332' title='bbox 691 3375 943 3443; x_wconf 83' lang='grc' dir='ltr'>Ἰωάννην</span> <span class='ocrx_word' id='word_1_333' title='bbox 960 3374 1051 3426; x_wconf 77' lang='grc' dir='ltr'><strong>τὸν</strong></span> <span class='ocrx_word' id='word_1_334' title='bbox 1085 3372 1372 3443; x_wconf 81' lang='grc' dir='ltr'>Τουϐάκην</span> <span class='ocrx_word' id='word_1_335' title='bbox 1405 3372 1498 3425; x_wconf 76' lang='grc' dir='ltr'><strong>καὶ</strong></span> <span class='ocrx_word' id='word_1_336' title='bbox 1523 3373 1688 3425; x_wconf 77' lang='grc' dir='ltr'>Λέον-</span> 
     </span>
    </p>
   </div>
   <div class='ocr_carea' id='block_1_52' title="bbox 94 3466 1685 3537">
    <p class='ocr_par' dir='ltr' id='par_1_52' title="bbox 94 3466 1685 3537">
     <span class='ocr_line' id='line_1_52' title="bbox 94 3466 1685 3537; baseline -0.006 -9"><span class='ocrx_word' id='word_1_337' title='bbox 94 3493 164 3528; x_wconf 75' lang='grc' dir='ltr'>τα</span> <span class='ocrx_word' id='word_1_338' title='bbox 206 3474 306 3527; x_wconf 82' lang='grc' dir='ltr'><strong>τδν</strong></span> <span class='ocrx_word' id='word_1_339' title='bbox 339 3470 506 3524; x_wconf 77' lang='grc' dir='ltr'>αὑτοῦ</span> <span class='ocrx_word' id='word_1_340' title='bbox 538 3468 772 3537; x_wconf 83' lang='grc' dir='ltr'>συγγενῆ</span> <span class='ocrx_word' id='word_1_341' title='bbox 804 3466 942 3519; x_wconf 85' lang='grc' dir='ltr'>ὥστε</span> <span class='ocrx_word' id='word_1_342' title='bbox 973 3467 1284 3533; x_wconf 80' lang='grc' dir='ltr'>εἰσαγαγεῖν</span> <span class='ocrx_word' id='word_1_343' title='bbox 1336 3466 1498 3518; x_wconf 80' lang='grc' dir='ltr'>αὐτὸν</span> <span class='ocrx_word' id='word_1_344' title='bbox 1525 3468 1581 3518; x_wconf 77' lang='grc' dir='ltr'>ἐν</span> <span class='ocrx_word' id='word_1_345' title='bbox 1623 3469 1685 3537; x_wconf 78' lang='grc' dir='ltr'><strong>τῇ</strong></span> 
     </span>
    </p>
   </div>
   <div class='ocr_carea' id='block_1_53' title="bbox 95 3556 1687 3628">
    <p class='ocr_par' dir='ltr' id='par_1_53' title="bbox 95 3556 1687 3628">
     <span class='ocr_line' id='line_1_53' title="bbox 95 3556 1687 3628; baseline -0.006 -10"><span class='ocrx_word' id='word_1_346' title='bbox 95 3566 280 3619; x_wconf 76' lang='grc' dir='ltr'>πόλει.</span> <span class='ocrx_word' id='word_1_347' title='bbox 342 3564 409 3616; x_wconf 74' lang='grc' dir='ltr'><strong>Οἱ</strong></span> <span class='ocrx_word' id='word_1_348' title='bbox 460 3562 517 3615; x_wconf 77' lang='grc' dir='ltr'>δὲ</span> <span class='ocrx_word' id='word_1_349' title='bbox 574 3561 762 3613; x_wconf 76' lang='grc' dir='ltr'>τοῦτον</span> <span class='ocrx_word' id='word_1_350' title='bbox 815 3559 1190 3628; x_wconf 76' lang='grc' dir='ltr'>κρατήσαντες</span> <span class='ocrx_word' id='word_1_351' title='bbox 1262 3556 1687 3625; x_wconf 75' lang='grc' dir='ltr'>ἀπετύφλωσαν,</span> 
     </span>
    </p>
   </div>
   <div class='ocr_carea' id='block_1_54' title="bbox 96 3649 1691 3727">
    <p class='ocr_par' dir='ltr' id='par_1_54' title="bbox 96 3649 1691 3727">
     <span class='ocr_line' id='line_1_54' title="bbox 96 3649 1691 3727; baseline -0.008 -14"><span class='ocrx_word' id='word_1_352' title='bbox 96 3660 280 3713; x_wconf 78' lang='grc' dir='ltr'>καίτοι</span> <span class='ocrx_word' id='word_1_353' title='bbox 342 3654 616 3727; x_wconf 83' lang='grc' dir='ltr'>μηδεμίαν</span> <span class='ocrx_word' id='word_1_354' title='bbox 640 3651 769 3721; x_wconf 74' lang='grc' dir='ltr'>περὶ</span> <span class='ocrx_word' id='word_1_355' title='bbox 804 3650 999 3702; x_wconf 78' lang='grc' dir='ltr'>τούτου</span> <span class='ocrx_word' id='word_1_356' title='bbox 1026 3649 1309 3718; x_wconf 73' lang='grc' dir='ltr'>δεξάμενοι</span> <span class='ocrx_word' id='word_1_357' title='bbox 1350 3649 1569 3718; x_wconf 71' lang='grc' dir='ltr'>ἐντολὴν</span> <span class='ocrx_word' id='word_1_358' title='bbox 1598 3651 1691 3703; x_wconf 80' lang='grc' dir='ltr'><strong>καὶ</strong></span> 
     </span>
    </p>
   </div>
   <div class='ocr_carea' id='block_1_55' title="bbox 94 3740 1693 3817">
    <p class='ocr_par' dir='ltr' id='par_1_55' title="bbox 94 3740 1693 3817">
     <span class='ocr_line' id='line_1_55' title="bbox 94 3740 1693 3817; baseline -0.01 -15"><span class='ocrx_word' id='word_1_359' title='bbox 94 3747 426 3817; x_wconf 77' lang='grc' dir='ltr'><strong>αὐθαιρέτῳ</strong></span> <span class='ocrx_word' id='word_1_360' title='bbox 475 3743 674 3815; x_wconf 82' lang='grc' dir='ltr'>γνώμῃ</span> <span class='ocrx_word' id='word_1_361' title='bbox 722 3741 881 3795; x_wconf 83' lang='grc' dir='ltr'>τοῦτο</span> <span class='ocrx_word' id='word_1_362' title='bbox 934 3741 1315 3809; x_wconf 81' lang='grc' dir='ltr'><strong>πεποιηκότες,</strong></span> <span class='ocrx_word' id='word_1_363' title='bbox 1365 3740 1441 3803; x_wconf 82' lang='grc' dir='ltr'>ὡς</span> <span class='ocrx_word' id='word_1_364' title='bbox 1490 3742 1693 3807; x_wconf 80' lang='grc' dir='ltr'>ἀγανα-</span> 
     </span>
    </p>
   </div>
   <div class='ocr_carea' id='block_1_56' title="bbox 92 3832 1694 3911">
    <p class='ocr_par' dir='ltr' id='par_1_56' title="bbox 92 3832 1694 3911">
     <span class='ocr_line' id='line_1_56' title="bbox 92 3832 1694 3911; baseline -0.007 -15"><span class='ocrx_word' id='word_1_365' title='bbox 92 3842 309 3911; x_wconf 72' lang='grc' dir='ltr'>κτῆσαι</span> <span class='ocrx_word' id='word_1_366' title='bbox 362 3840 457 3891; x_wconf 67' lang='grc' dir='ltr'><strong>ἐπὶ</strong></span> <span class='ocrx_word' id='word_1_367' title='bbox 522 3836 700 3905; x_wconf 84' lang='grc' dir='ltr'>τούτῳ</span> <span class='ocrx_word' id='word_1_368' title='bbox 738 3836 835 3890; x_wconf 64' lang='grc' dir='ltr'><strong>κα)⁸</strong></span> <span class='ocrx_word' id='word_1_369' title='bbox 857 3834 946 3886; x_wconf 67' lang='grc' dir='ltr'><strong>τὸν</strong></span> <span class='ocrx_word' id='word_1_370' title='bbox 990 3832 1425 3903; x_wconf 79' lang='grc' dir='ltr'>βασιλεοπάτορα</span> <span class='ocrx_word' id='word_1_371' title='bbox 1479 3832 1694 3903; x_wconf 80' lang='grc' dir='ltr'>Ῥωμα-</span> 
     </span>
    </p>
   </div>
   <div class='ocr_carea' id='block_1_57' title="bbox 92 3939 212 3989">
    <p class='ocr_par' dir='ltr' id='par_1_57' title="bbox 92 3939 212 3989">
     <span class='ocr_line' id='line_1_57' title="bbox 92 3939 212 3989; baseline 0 -2"><span class='ocrx_word' id='word_1_372' title='bbox 92 3939 187 3989; x_wconf 72' lang='grc' dir='ltr'>νὸν</span> <span class='ocrx_word' id='word_1_373' title='bbox 197 3976 212 3987; x_wconf 96' lang='grc'><strong><em>.</em></strong></span> 
     </span>
    </p>
   </div>
   <div class='ocr_carea' id='block_1_58' title="bbox 173 4018 1691 4091">
    <p class='ocr_par' dir='ltr' id='par_1_58' title="bbox 173 4018 1691 4091">
     <span class='ocr_line' id='line_1_58' title="bbox 173 4018 1691 4091; baseline -0.007 -12"><span class='ocrx_word' id='word_1_374' title='bbox 173 4024 366 4079; x_wconf 82' lang='grc' dir='ltr'>ιδ’-ιε’.</span> <span class='ocrx_word' id='word_1_375' title='bbox 396 4021 695 4091; x_wconf 76' lang='grc' dir='ltr'>Αὐγούστῳ</span> <span class='ocrx_word' id='word_1_376' title='bbox 724 4020 781 4073; x_wconf 78' lang='grc' dir='ltr'>δὲ</span> <span class='ocrx_word' id='word_1_377' title='bbox 815 4019 945 4090; x_wconf 74' lang='grc' dir='ltr'>μηνὶ</span> <span class='ocrx_word' id='word_1_378' title='bbox 976 4018 1332 4089; x_wconf 84' lang='grc' dir='ltr'>κατεμηνύθη</span> <span class='ocrx_word' id='word_1_379' title='bbox 1361 4018 1430 4070; x_wconf 83' lang='grc' dir='ltr'>τὰ</span> <span class='ocrx_word' id='word_1_380' title='bbox 1447 4018 1545 4087; x_wconf 78' lang='grc' dir='ltr'><strong>τῆς</strong></span> <span class='ocrx_word' id='word_1_381' title='bbox 1569 4018 1691 4069; x_wconf 74' lang='grc' dir='ltr'>ἐπι-</span> 
     </span>
    </p>
   </div>
   <div class='ocr_carea' id='block_1_59' title="bbox 88 4108 1697 4186">
    <p class='ocr_par' dir='ltr' id='par_1_59' title="bbox 88 4108 1697 4186">
     <span class='ocr_line' id='line_1_59' title="bbox 88 4108 1697 4186; baseline -0.006 -17"><span class='ocrx_word' id='word_1_382' title='bbox 88 4118 307 4186; x_wconf 72' lang='grc' dir='ltr'>ϐουλῆς</span> <span class='ocrx_word' id='word_1_383' title='bbox 339 4115 749 4170; x_wconf 78' lang='grc' dir='ltr'>Κωνσταντίνου</span> <span class='ocrx_word' id='word_1_384' title='bbox 773 4110 1128 4180; x_wconf 80' lang='grc' dir='ltr'>Κτηματινοῦ</span> <span class='ocrx_word' id='word_1_385' title='bbox 1160 4113 1253 4164; x_wconf 79' lang='grc' dir='ltr'><strong>καὶ</strong></span> <span class='ocrx_word' id='word_1_386' title='bbox 1280 4108 1444 4163; x_wconf 74' lang='grc' dir='ltr'>Δαϐὶδ</span> <span class='ocrx_word' id='word_1_387' title='bbox 1466 4112 1697 4177; x_wconf 83' lang='grc' dir='ltr'>Καμου-</span> 
     </span>
    </p>
   </div>
   <div class='ocr_carea' id='block_1_60' title="bbox 89 4202 1697 4275">
    <p class='ocr_par' dir='ltr' id='par_1_60' title="bbox 89 4202 1697 4275">
     <span class='ocr_line' id='line_1_60' title="bbox 89 4202 1697 4275; baseline -0.006 -12"><span class='ocrx_word' id='word_1_388' title='bbox 89 4210 292 4264; x_wconf 57' lang='lat' dir='ltr'><strong>haud;</strong></span> <span class='ocrx_word' id='word_1_389' title='bbox 348 4208 447 4261; x_wconf 73' lang='grc' dir='ltr'><strong>καὶ</strong></span> <span class='ocrx_word' id='word_1_390' title='bbox 511 4204 734 4275; x_wconf 76' lang='grc' dir='ltr'>Μιχαὴλ</span> <span class='ocrx_word' id='word_1_391' title='bbox 796 4204 1146 4273; x_wconf 79' lang='grc' dir='ltr'>κουράτωρος</span> <span class='ocrx_word' id='word_1_392' title='bbox 1200 4203 1310 4256; x_wconf 87' lang='grc' dir='ltr'><strong>τῶν</strong></span> <span class='ocrx_word' id='word_1_393' title='bbox 1364 4202 1658 4270; x_wconf 87' lang='grc' dir='ltr'>μαγγάνων</span> <span class='ocrx_word' id='word_1_394' title='bbox 1682 4218 1697 4233; x_wconf 87' lang='grc'><strong>·</strong></span> 
     </span>
    </p>
   </div>
   <div class='ocr_carea' id='block_1_61' title="bbox 88 4288 1701 4369">
    <p class='ocr_par' dir='ltr' id='par_1_61' title="bbox 88 4288 1701 4369">
     <span class='ocr_line' id='line_1_61' title="bbox 88 4288 1701 4369; baseline -0.006 -14"><span class='ocrx_word' id='word_1_395' title='bbox 88 4305 198 4355; x_wconf 69' lang='grc' dir='ltr'><strong>καὶ</strong></span> <span class='ocrx_word' id='word_1_396' title='bbox 228 4299 612 4369; x_wconf 80' lang='grc' dir='ltr'>τυφλωθέντες</span> <span class='ocrx_word' id='word_1_397' title='bbox 659 4288 804 4356; x_wconf 73' lang='grc' dir='ltr'>οὗτοι</span> <span class='ocrx_word' id='word_1_398' title='bbox 857 4296 945 4349; x_wconf 74' lang='grc' dir='ltr'>διὰ</span> <span class='ocrx_word' id='word_1_399' title='bbox 987 4299 1157 4367; x_wconf 80' lang='grc' dir='ltr'>μέσης</span> <span class='ocrx_word' id='word_1_400' title='bbox 1224 4294 1440 4365; x_wconf 77' lang='grc' dir='ltr'>διῆλθον</span> <span class='ocrx_word' id='word_1_401' title='bbox 1476 4296 1575 4364; x_wconf 76' lang='grc' dir='ltr'>τῆς</span> <span class='ocrx_word' id='word_1_402' title='bbox 1608 4295 1701 4347; x_wconf 81' lang='grc' dir='ltr'>πό-</span> 
     </span>
    </p>
   </div>
   <div class='ocr_carea' id='block_1_62' title="bbox 88 4390 1701 4464">
    <p class='ocr_par' dir='ltr' id='par_1_62' title="bbox 88 4390 1701 4464">
     <span class='ocr_line' id='line_1_62' title="bbox 88 4390 1701 4464; baseline -0.006 -13"><span class='ocrx_word' id='word_1_403' title='bbox 88 4400 243 4462; x_wconf 55' lang='grc' dir='ltr'>λεως</span> <span class='ocrx_word' id='word_1_404' title='bbox 278 4397 378 4451; x_wconf 74' lang='grc' dir='ltr'><strong>καὶ</strong></span> <span class='ocrx_word' id='word_1_405' title='bbox 411 4396 599 4464; x_wconf 75' lang='grc' dir='ltr'>ὲξορίᾳ</span> <span class='ocrx_word' id='word_1_406' title='bbox 654 4392 1134 4463; x_wconf 66' lang='grc' dir='ltr'>παρεπέμφθησαν</span> <span class='ocrx_word' id='word_1_407' title='bbox 1167 4408 1183 4423; x_wconf 85' lang='grc'>⁶</span> <span class='ocrx_word' id='word_1_408' title='bbox 1216 4392 1424 4462; x_wconf 72' lang='grc' dir='ltr'>ἤγαγον</span> <span class='ocrx_word' id='word_1_409' title='bbox 1478 4390 1535 4443; x_wconf 80' lang='grc' dir='ltr'>δὲ</span> <span class='ocrx_word' id='word_1_410' title='bbox 1606 4391 1701 4443; x_wconf 77' lang='grc' dir='ltr'><strong>καὶ</strong></span> 
     </span>
    </p>
   </div>
   <div class='ocr_carea' id='block_1_63' title="bbox 86 4481 1697 4555">
    <p class='ocr_par' dir='ltr' id='par_1_63' title="bbox 86 4481 1697 4555">
     <span class='ocr_line' id='line_1_63' title="bbox 86 4481 1697 4555; baseline -0.006 -13"><span class='ocrx_word' id='word_1_411' title='bbox 86 4491 320 4542; x_wconf 71' lang='grc' dir='ltr'>Λέοντα</span> <span class='ocrx_word' id='word_1_412' title='bbox 361 4487 666 4555; x_wconf 88' lang='grc' dir='ltr'>μάγιστρον</span> <span class='ocrx_word' id='word_1_413' title='bbox 714 4483 809 4534; x_wconf 74' lang='grc' dir='ltr'><strong>καὶ</strong></span> <span class='ocrx_word' id='word_1_414' title='bbox 873 4482 1195 4551; x_wconf 81' lang='grc' dir='ltr'>δομέστικον</span> <span class='ocrx_word' id='word_1_415' title='bbox 1232 4481 1341 4533; x_wconf 90' lang='grc' dir='ltr'><strong>τῶν</strong></span> <span class='ocrx_word' id='word_1_416' title='bbox 1378 4481 1583 4551; x_wconf 81' lang='grc' dir='ltr'>σχολῶν</span> <span class='ocrx_word' id='word_1_417' title='bbox 1640 4484 1697 4533; x_wconf 83' lang='grc' dir='ltr'>ὲν</span> 
     </span>
    </p>
   </div>
   <div class='ocr_carea' id='block_1_64' title="bbox 1790 2015 3364 2085">
    <p class='ocr_par' dir='ltr' id='par_1_64' title="bbox 1790 2015 3364 2085">
     <span class='ocr_line' id='line_1_64' title="bbox 1790 2015 3364 2085; baseline -0.002 -16"><span class='ocrx_word' id='word_1_418' title='bbox 1790 2018 1975 2083; x_wconf 79' lang='lat' dir='ltr'><strong>habeo,</strong></span> <span class='ocrx_word' id='word_1_419' title='bbox 2001 2019 2090 2085; x_wconf 85' lang='lat' dir='ltr'><strong>qui</strong></span> <span class='ocrx_word' id='word_1_420' title='bbox 2118 2030 2342 2084; x_wconf 87' lang='lat' dir='ltr'><strong>paterna</strong></span> <span class='ocrx_word' id='word_1_421' title='bbox 2377 2032 2504 2085; x_wconf 85' lang='lat' dir='ltr'><strong>erga</strong></span> <span class='ocrx_word' id='word_1_422' title='bbox 2532 2033 2608 2069; x_wconf 87' lang='lat' dir='ltr'><strong>me</strong></span> <span class='ocrx_word' id='word_1_423' title='bbox 2638 2016 2837 2069; x_wconf 74' lang='lat' dir='ltr'><strong>viscera</strong></span> <span class='ocrx_word' id='word_1_424' title='bbox 2871 2031 2933 2066; x_wconf 89' lang='lat' dir='ltr'><strong>ac</strong></span> <span class='ocrx_word' id='word_1_425' title='bbox 2969 2015 3220 2083; x_wconf 78' lang='lat' dir='ltr'><strong>genitoris</strong></span> <span class='ocrx_word' id='word_1_426' title='bbox 3243 2028 3364 2079; x_wconf 82' lang='lat' dir='ltr'><strong>pro-</strong></span> 
     </span>
    </p>
   </div>
   <div class='ocr_carea' id='block_1_65' title="bbox 1789 2105 3367 2178">
    <p class='ocr_par' dir='ltr' id='par_1_65' title="bbox 1789 2105 3367 2178">
     <span class='ocr_line' id='line_1_65' title="bbox 1789 2105 3367 2178; baseline -0.004 -14"><span class='ocrx_word' id='word_1_427' title='bbox 1789 2127 2005 2178; x_wconf 84' lang='lat' dir='ltr'><strong>pensum</strong></span> <span class='ocrx_word' id='word_1_428' title='bbox 2058 2112 2296 2163; x_wconf 78' lang='lat' dir='ltr'><strong>animant</strong></span> <span class='ocrx_word' id='word_1_429' title='bbox 2331 2110 2637 2162; x_wconf 85' lang='lat' dir='ltr'><strong>ostenderit.</strong></span> <span class='ocrx_word' id='word_1_430' title='bbox 2665 2135 2672 2141; x_wconf 62' lang='grc' dir='ltr'><strong>ε</strong></span> <span class='ocrx_word' id='word_1_431' title='bbox 2698 2106 2920 2159; x_wconf 87' lang='lat' dir='ltr'><strong>Leonem</strong></span> <span class='ocrx_word' id='word_1_432' title='bbox 2963 2124 3080 2159; x_wconf 83' lang='lat' dir='ltr'><strong>vero</strong></span> <span class='ocrx_word' id='word_1_433' title='bbox 3135 2105 3367 2159; x_wconf 80' lang='lat' dir='ltr'><strong>Phocum</strong></span> 
     </span>
    </p>
   </div>
   <div class='ocr_carea' id='block_1_66' title="bbox 1791 2200 3368 2272">
    <p class='ocr_par' dir='ltr' id='par_1_66' title="bbox 1791 2200 3368 2272">
     <span class='ocr_line' id='line_1_66' title="bbox 1791 2200 3368 2272; baseline -0.005 -14"><span class='ocrx_word' id='word_1_434' title='bbox 1791 2222 1912 2258; x_wconf 83' lang='lat' dir='ltr'><strong>cum</strong></span> <span class='ocrx_word' id='word_1_435' title='bbox 1960 2220 2161 2272; x_wconf 78' lang='lat' dir='ltr'><strong>semper</strong></span> <span class='ocrx_word' id='word_1_436' title='bbox 2206 2204 2528 2257; x_wconf 82' lang='lat' dir='ltr'><strong>insidiarum</strong></span> <span class='ocrx_word' id='word_1_437' title='bbox 2575 2211 2871 2269; x_wconf 85' lang='lat' dir='ltr'><strong>suspectum</strong></span> <span class='ocrx_word' id='word_1_438' title='bbox 2899 2200 3194 2261; x_wconf 79' lang='lat' dir='ltr'><strong>habuerim,</strong></span> <span class='ocrx_word' id='word_1_439' title='bbox 3228 2213 3368 2250; x_wconf 79' lang='lat' dir='ltr'><strong>nunc</strong></span> 
     </span>
    </p>
   </div>
   <div class='ocr_carea' id='block_1_67' title="bbox 1794 2292 3368 2365">
    <p class='ocr_par' dir='ltr' id='par_1_67' title="bbox 1794 2292 3368 2365">
     <span class='ocr_line' id='line_1_67' title="bbox 1794 2292 3368 2365; baseline -0.004 -15"><span class='ocrx_word' id='word_1_440' title='bbox 1794 2314 1848 2351; x_wconf 89' lang='lat' dir='ltr'><strong>re</strong></span> <span class='ocrx_word' id='word_1_441' title='bbox 1871 2298 1986 2365; x_wconf 85' lang='lat' dir='ltr'><strong>ipsa</strong></span> <span class='ocrx_word' id='word_1_442' title='bbox 2014 2297 2355 2350; x_wconf 84' lang='lat' dir='ltr'><strong>insidiantem</strong></span> <span class='ocrx_word' id='word_1_443' title='bbox 2380 2294 2596 2364; x_wconf 73' lang='lat' dir='ltr'><strong>offendi,</strong></span> <span class='ocrx_word' id='word_1_444' title='bbox 2634 2311 2695 2346; x_wconf 88' lang='lat' dir='ltr'><strong>ac</strong></span> <span class='ocrx_word' id='word_1_445' title='bbox 2725 2294 2814 2362; x_wconf 80' lang='lat' dir='ltr'><strong>qui</strong></span> <span class='ocrx_word' id='word_1_446' title='bbox 2857 2292 3070 2361; x_wconf 76' lang='lat' dir='ltr'><strong>tyranni</strong></span> <span class='ocrx_word' id='word_1_447' title='bbox 3112 2300 3368 2356; x_wconf 80' lang='lat' dir='ltr'><strong>potestate</strong></span> 
     </span>
    </p>
   </div>
   <div class='ocr_carea' id='block_1_68' title="bbox 1792 2384 3367 2458">
    <p class='ocr_par' dir='ltr' id='par_1_68' title="bbox 1792 2384 3367 2458">
     <span class='ocr_line' id='line_1_68' title="bbox 1792 2384 3367 2458; baseline -0.007 -14"><span class='ocrx_word' id='word_1_448' title='bbox 1792 2390 2062 2458; x_wconf 87' lang='lat' dir='ltr'><strong>majestati</strong></span> <span class='ocrx_word' id='word_1_449' title='bbox 2085 2406 2212 2442; x_wconf 77' lang='lat' dir='ltr'><strong>mea:</strong></span> <span class='ocrx_word' id='word_1_450' title='bbox 2248 2388 2483 2449; x_wconf 79' lang='lat' dir='ltr'><strong>rebellet.</strong></span> <span class='ocrx_word' id='word_1_451' title='bbox 2523 2387 2875 2452; x_wconf 80' lang='lat' dir='ltr'><strong>Quamobrem</strong></span> <span class='ocrx_word' id='word_1_452' title='bbox 2900 2401 2993 2439; x_wconf 89' lang='lat' dir='ltr'><strong>nec</strong></span> <span class='ocrx_word' id='word_1_453' title='bbox 3023 2384 3367 2437; x_wconf 79' lang='lat' dir='ltr'><strong>domesticum</strong></span> 
     </span>
    </p>
   </div>
   <div class='ocr_carea' id='block_1_69' title="bbox 1792 2474 3369 2546">
    <p class='ocr_par' dir='ltr' id='par_1_69' title="bbox 1792 2474 3369 2546">
     <span class='ocr_line' id='line_1_69' title="bbox 1792 2474 3369 2546; baseline -0.005 -11"><span class='ocrx_word' id='word_1_454' title='bbox 1792 2483 2033 2546; x_wconf 83' lang='lat' dir='ltr'><strong>deinceps</strong></span> <span class='ocrx_word' id='word_1_455' title='bbox 2069 2497 2187 2533; x_wconf 89' lang='lat' dir='ltr'><strong>eum</strong></span> <span class='ocrx_word' id='word_1_456' title='bbox 2213 2496 2321 2532; x_wconf 85' lang='lat' dir='ltr'><strong>esse</strong></span> <span class='ocrx_word' id='word_1_457' title='bbox 2346 2481 2483 2532; x_wconf 76' lang='lat' dir='ltr'><strong>volo.</strong></span> <span class='ocrx_word' id='word_1_458' title='bbox 2545 2477 2721 2546; x_wconf 77' lang='lat' dir='ltr'><strong>Neque</strong></span> <span class='ocrx_word' id='word_1_459' title='bbox 2749 2478 2885 2530; x_wconf 85' lang='lat' dir='ltr'><strong>enim</strong></span> <span class='ocrx_word' id='word_1_460' title='bbox 2919 2477 3056 2528; x_wconf 76' lang='lat' dir='ltr'><strong>hanc</strong></span> <span class='ocrx_word' id='word_1_461' title='bbox 3086 2490 3197 2528; x_wconf 85' lang='lat' dir='ltr'><strong>meo</strong></span> <span class='ocrx_word' id='word_1_462' title='bbox 3221 2474 3369 2536; x_wconf 73' lang='lat' dir='ltr'><strong>iussu</strong></span> 
     </span>
    </p>
   </div>
   <div class='ocr_carea' id='block_1_70' title="bbox 1792 2563 3368 2639">
    <p class='ocr_par' dir='ltr' id='par_1_70' title="bbox 1792 2563 3368 2639">
     <span class='ocr_line' id='line_1_70' title="bbox 1792 2563 3368 2639; baseline -0.006 -12"><span class='ocrx_word' id='word_1_463' title='bbox 1792 2575 2024 2627; x_wconf 89' lang='lat' dir='ltr'><strong>orditum</strong></span> <span class='ocrx_word' id='word_1_464' title='bbox 2076 2572 2234 2625; x_wconf 87' lang='lat' dir='ltr'><strong>telam</strong></span> <span class='ocrx_word' id='word_1_465' title='bbox 2266 2586 2512 2639; x_wconf 81' lang='lat' dir='ltr'><strong>agnosco,</strong></span> <span class='ocrx_word' id='word_1_466' title='bbox 2553 2569 2640 2621; x_wconf 86' lang='lat' dir='ltr'><strong>sed</strong></span> <span class='ocrx_word' id='word_1_467' title='bbox 2676 2569 2848 2636; x_wconf 79' lang='lat' dir='ltr'><strong>ipsum</strong></span> <span class='ocrx_word' id='word_1_468' title='bbox 2877 2584 2907 2619; x_wconf 90' lang='lat' dir='ltr'><strong>a</strong></span> <span class='ocrx_word' id='word_1_469' title='bbox 2936 2566 3253 2634; x_wconf 60' lang='lat' dir='ltr'><strong>seultroque</strong></span> <span class='ocrx_word' id='word_1_470' title='bbox 3282 2563 3368 2618; x_wconf 83' lang='lat' dir='ltr'><strong>la-</strong></span> 
     </span>
    </p>
   </div>
   <div class='ocr_carea' id='block_1_71' title="bbox 1792 2649 3363 2735">
    <p class='ocr_par' dir='ltr' id='par_1_71' title="bbox 1792 2649 3363 2735">
     <span class='ocr_line' id='line_1_71' title="bbox 1792 2649 3363 2735; baseline -0.007 -14"><span class='ocrx_word' id='word_1_471' title='bbox 1792 2683 1993 2721; x_wconf 85' lang='lat' dir='ltr'><strong>cessere</strong></span> <span class='ocrx_word' id='word_1_472' title='bbox 2036 2682 2098 2717; x_wconf 82' lang='lat' dir='ltr'><strong>nc</strong></span> <span class='ocrx_word' id='word_1_473' title='bbox 2129 2664 2386 2735; x_wconf 82' lang='lat' dir='ltr'><strong>grassari,</strong></span> <span class='ocrx_word' id='word_1_474' title='bbox 2430 2673 2487 2715; x_wconf 87' lang='lat' dir='ltr'><strong>ut</strong></span> <span class='ocrx_word' id='word_1_475' title='bbox 2529 2665 2582 2714; x_wconf 90' lang='lat' dir='ltr'><strong>in</strong></span> <span class='ocrx_word' id='word_1_476' title='bbox 2628 2649 2682 2715; x_wconf 82' lang='lat' dir='ltr'><strong>se</strong></span> <span class='ocrx_word' id='word_1_477' title='bbox 2730 2661 3007 2728; x_wconf 86' lang='lat' dir='ltr'><strong>imperium</strong></span> <span class='ocrx_word' id='word_1_478' title='bbox 3052 2658 3363 2726; x_wconf 81' lang='lat' dir='ltr'><strong>transferat.</strong></span> 
     </span>
    </p>
   </div>
   <div class='ocr_carea' id='block_1_72' title="bbox 1792 2751 3367 2827">
    <p class='ocr_par' dir='ltr' id='par_1_72' title="bbox 1792 2751 3367 2827">
     <span class='ocr_line' id='line_1_72' title="bbox 1792 2751 3367 2827; baseline -0.004 -17"><span class='ocrx_word' id='word_1_479' title='bbox 1792 2759 2099 2827; x_wconf 82' lang='lat' dir='ltr'><strong>pronuntio.</strong></span> <span class='ocrx_word' id='word_1_480' title='bbox 2151 2756 2329 2811; x_wconf 84' lang='lat' dir='ltr'><strong>Lectis</strong></span> <span class='ocrx_word' id='word_1_481' title='bbox 2354 2758 2535 2821; x_wconf 82' lang='lat' dir='ltr'><strong>itaque</strong></span> <span class='ocrx_word' id='word_1_482' title='bbox 2572 2755 2826 2808; x_wconf 85' lang='lat' dir='ltr'><strong>audiente</strong></span> <span class='ocrx_word' id='word_1_483' title='bbox 2870 2752 3114 2806; x_wconf 77' lang='lat' dir='ltr'><strong>exercitu</strong></span> <span class='ocrx_word' id='word_1_484' title='bbox 3151 2751 3367 2814; x_wconf 87' lang='lat' dir='ltr'><strong>litteris,</strong></span> 
     </span>
    </p>
   </div>
   <div class='ocr_carea' id='block_1_73' title="bbox 1794 2842 3368 2918">
    <p class='ocr_par' dir='ltr' id='par_1_73' title="bbox 1794 2842 3368 2918">
     <span class='ocr_line' id='line_1_73' title="bbox 1794 2842 3368 2918; baseline -0.006 -13"><span class='ocrx_word' id='word_1_485' title='bbox 1794 2859 2081 2918; x_wconf 59' lang='lat' dir='ltr'><strong>coeperunt</strong></span> <span class='ocrx_word' id='word_1_486' title='bbox 2108 2864 2300 2902; x_wconf 88' lang='lat' dir='ltr'><strong>omnes</strong></span> <span class='ocrx_word' id='word_1_487' title='bbox 2324 2864 2349 2900; x_wconf 88' lang='lat' dir='ltr'><strong>a</strong></span> <span class='ocrx_word' id='word_1_488' title='bbox 2373 2848 2550 2901; x_wconf 81' lang='lat' dir='ltr'><strong>Leone</strong></span> <span class='ocrx_word' id='word_1_489' title='bbox 2577 2846 2641 2899; x_wconf 88' lang='lat' dir='ltr'><strong>ad</strong></span> <span class='ocrx_word' id='word_1_490' title='bbox 2677 2848 2984 2899; x_wconf 74' lang='lat' dir='ltr'><strong>Romanum</strong></span> <span class='ocrx_word' id='word_1_491' title='bbox 3017 2842 3368 2912; x_wconf 83' lang='lat' dir='ltr'><strong>imperatoris</strong></span> 
     </span>
    </p>
   </div>
   <div class='ocr_carea' id='block_1_74' title="bbox 1794 2934 3371 3011">
    <p class='ocr_par' dir='ltr' id='par_1_74' title="bbox 1794 2934 3371 3011">
     <span class='ocr_line' id='line_1_74' title="bbox 1794 2934 3371 3011; baseline -0.006 -17"><span class='ocrx_word' id='word_1_492' title='bbox 1794 2951 2003 3011; x_wconf 84' lang='lat' dir='ltr'><strong>patrem</strong></span> <span class='ocrx_word' id='word_1_493' title='bbox 2061 2941 2392 2994; x_wconf 86' lang='lat' dir='ltr'><strong>desciscere.</strong></span> <span class='ocrx_word' id='word_1_494' title='bbox 2459 2938 2565 2991; x_wconf 85' lang='lat' dir='ltr'><strong>Leo</strong></span> <span class='ocrx_word' id='word_1_495' title='bbox 2604 2937 2818 2990; x_wconf 80' lang='lat' dir='ltr'><strong>consilii</strong></span> <span class='ocrx_word' id='word_1_496' title='bbox 2877 2936 3036 3003; x_wconf 86' lang='lat' dir='ltr'><strong>inops</strong></span> <span class='ocrx_word' id='word_1_497' title='bbox 3094 2934 3371 3001; x_wconf 85' lang='lat' dir='ltr'><strong>rebusque</strong></span> 
     </span>
    </p>
   </div>
   <div class='ocr_carea' id='block_1_75' title="bbox 1796 3026 3372 3108">
    <p class='ocr_par' dir='ltr' id='par_1_75' title="bbox 1796 3026 3372 3108">
     <span class='ocr_line' id='line_1_75' title="bbox 1796 3026 3372 3108; baseline -0.01 -20"><span class='ocrx_word' id='word_1_498' title='bbox 1796 3036 2121 3108; x_wconf 68' lang='lat' dir='ltr'><strong>desperatis,</strong></span> <span class='ocrx_word' id='word_1_499' title='bbox 2155 3034 2243 3085; x_wconf 87' lang='lat' dir='ltr'><strong>eui</strong></span> <span class='ocrx_word' id='word_1_500' title='bbox 2278 3032 2411 3085; x_wconf 85' lang='lat' dir='ltr'><strong>nihil</strong></span> <span class='ocrx_word' id='word_1_501' title='bbox 2443 3040 2641 3100; x_wconf 72' lang='lat' dir='ltr'><strong>pt‘a&#39;sto</strong></span> <span class='ocrx_word' id='word_1_502' title='bbox 2672 3029 2740 3083; x_wconf 86' lang='lat' dir='ltr'><strong>ad</strong></span> <span class='ocrx_word' id='word_1_503' title='bbox 2772 3043 2859 3081; x_wconf 90' lang='lat' dir='ltr'><strong>res</strong></span> <span class='ocrx_word' id='word_1_504' title='bbox 2894 3026 3211 3081; x_wconf 85' lang='lat' dir='ltr'><strong>sarciendas</strong></span> <span class='ocrx_word' id='word_1_505' title='bbox 3242 3039 3372 3091; x_wconf 90' lang='lat' dir='ltr'><strong>snp-</strong></span> 
     </span>
    </p>
   </div>
   <div class='ocr_carea' id='block_1_76' title="bbox 1798 3120 3367 3198">
    <p class='ocr_par' dir='ltr' id='par_1_76' title="bbox 1798 3120 3367 3198">
     <span class='ocr_line' id='line_1_76' title="bbox 1798 3120 3367 3198; baseline -0.01 -17"><span class='ocrx_word' id='word_1_506' title='bbox 1798 3135 2022 3198; x_wconf 79' lang='lat' dir='ltr'><strong>peteret.</strong></span> <span class='ocrx_word' id='word_1_507' title='bbox 2068 3128 2299 3181; x_wconf 89' lang='lat' dir='ltr'><strong>salutem</strong></span> <span class='ocrx_word' id='word_1_508' title='bbox 2360 3123 2485 3191; x_wconf 78' lang='lat' dir='ltr'><strong>fuga</strong></span> <span class='ocrx_word' id='word_1_509' title='bbox 2525 3137 2777 3192; x_wconf 71' lang='lat' dir='ltr'><strong>qua-rens</strong></span> <span class='ocrx_word' id='word_1_510' title='bbox 2820 3120 2885 3174; x_wconf 89' lang='lat' dir='ltr'><strong>ad</strong></span> <span class='ocrx_word' id='word_1_511' title='bbox 2928 3120 3096 3173; x_wconf 79' lang='lat' dir='ltr'><strong>Ateus</strong></span> <span class='ocrx_word' id='word_1_512' title='bbox 3125 3124 3367 3170; x_wconf 87' lang='lat' dir='ltr'><strong>castrum</strong></span> 
     </span>
    </p>
   </div>
   <div class='ocr_carea' id='block_1_77' title="bbox 1798 3208 3371 3289">
    <p class='ocr_par' dir='ltr' id='par_1_77' title="bbox 1798 3208 3371 3289">
     <span class='ocr_line' id='line_1_77' title="bbox 1798 3208 3371 3289; baseline -0.009 -17"><span class='ocrx_word' id='word_1_513' title='bbox 1798 3220 2077 3289; x_wconf 76' lang='lat' dir='ltr'><strong>pervenit;</strong></span> <span class='ocrx_word' id='word_1_514' title='bbox 2114 3232 2287 3284; x_wconf 85' lang='lat' dir='ltr'><strong>eoque</strong></span> <span class='ocrx_word' id='word_1_515' title='bbox 2324 3216 2597 3285; x_wconf 83' lang='lat' dir='ltr'><strong>repulsus,</strong></span> <span class='ocrx_word' id='word_1_516' title='bbox 2638 3214 2691 3266; x_wconf 91' lang='lat' dir='ltr'><strong>in</strong></span> <span class='ocrx_word' id='word_1_517' title='bbox 2736 3213 2858 3266; x_wconf 83' lang='lat' dir='ltr'><strong>vico</strong></span> <span class='ocrx_word' id='word_1_518' title='bbox 2905 3212 3104 3265; x_wconf 66' lang='grc' dir='ltr'>(ἰοειεο</span> <span class='ocrx_word' id='word_1_519' title='bbox 3146 3208 3371 3262; x_wconf 87' lang='lat' dir='ltr'><strong>nomine</strong></span> 
     </span>
    </p>
   </div>
   <div class='ocr_carea' id='block_1_78' title="bbox 1788 3298 3375 3377">
    <p class='ocr_par' dir='ltr' id='par_1_78' title="bbox 1788 3298 3375 3377">
     <span class='ocr_line' id='line_1_78' title="bbox 1788 3298 3375 3377; baseline -0.009 -11"><span class='ocrx_word' id='word_1_520' title='bbox 1788 3311 2124 3366; x_wconf 88' lang='lat' dir='ltr'><strong>constitutus</strong></span> <span class='ocrx_word' id='word_1_521' title='bbox 2154 3310 2389 3377; x_wconf 86' lang='lat' dir='ltr'><strong>capitur.</strong></span> <span class='ocrx_word' id='word_1_522' title='bbox 2444 3307 2593 3360; x_wconf 75' lang='lat' dir='ltr'><strong>Missi</strong></span> <span class='ocrx_word' id='word_1_523' title='bbox 2627 3306 2823 3359; x_wconf 86' lang='lat' dir='ltr'><strong>deinde</strong></span> <span class='ocrx_word' id='word_1_524' title='bbox 2860 3318 2891 3356; x_wconf 82' lang='lat' dir='ltr'><strong>a</strong></span> <span class='ocrx_word' id='word_1_525' title='bbox 2923 3302 3173 3356; x_wconf 82' lang='lat' dir='ltr'><strong>Romano</strong></span> <span class='ocrx_word' id='word_1_526' title='bbox 3201 3298 3375 3353; x_wconf 77' lang='lat' dir='ltr'><strong>Joan-</strong></span> 
     </span>
    </p>
   </div>
   <div class='ocr_carea' id='block_1_79' title="bbox 1789 3389 3366 3466">
    <p class='ocr_par' dir='ltr' id='par_1_79' title="bbox 1789 3389 3366 3466">
     <span class='ocr_line' id='line_1_79' title="bbox 1789 3389 3366 3466; baseline -0.01 -9"><span class='ocrx_word' id='word_1_527' title='bbox 1789 3419 1886 3458; x_wconf 90' lang='lat' dir='ltr'><strong>nes</strong></span> <span class='ocrx_word' id='word_1_528' title='bbox 1936 3400 2185 3455; x_wconf 85' lang='lat' dir='ltr'><strong>Tnhaces</strong></span> <span class='ocrx_word' id='word_1_529' title='bbox 2237 3409 2289 3453; x_wconf 89' lang='lat' dir='ltr'><strong>et</strong></span> <span class='ocrx_word' id='word_1_530' title='bbox 2334 3399 2441 3451; x_wconf 85' lang='lat' dir='ltr'><strong>Leo</strong></span> <span class='ocrx_word' id='word_1_531' title='bbox 2488 3398 2607 3466; x_wconf 90' lang='lat' dir='ltr'><strong>ejus</strong></span> <span class='ocrx_word' id='word_1_532' title='bbox 2650 3404 2938 3466; x_wconf 84' lang='lat' dir='ltr'><strong>cognatus,</strong></span> <span class='ocrx_word' id='word_1_533' title='bbox 2997 3394 3092 3462; x_wconf 92' lang='lat' dir='ltr'><strong>qui</strong></span> <span class='ocrx_word' id='word_1_534' title='bbox 3138 3405 3260 3444; x_wconf 88' lang='lat' dir='ltr'><strong>cum</strong></span> <span class='ocrx_word' id='word_1_535' title='bbox 3314 3389 3366 3442; x_wconf 90' lang='lat' dir='ltr'><strong>iu</strong></span> 
     </span>
    </p>
   </div>
   <div class='ocr_carea' id='block_1_80' title="bbox 1791 3483 3372 3563">
    <p class='ocr_par' dir='ltr' id='par_1_80' title="bbox 1791 3483 3372 3563">
     <span class='ocr_line' id='line_1_80' title="bbox 1791 3483 3372 3563; baseline -0.011 -14"><span class='ocrx_word' id='word_1_536' title='bbox 1791 3496 1977 3549; x_wconf 84' lang='lat' dir='ltr'><strong>urbem</strong></span> <span class='ocrx_word' id='word_1_537' title='bbox 2011 3493 2170 3563; x_wconf 83' lang='lat'><strong>397</strong></span> <span class='ocrx_word' id='word_1_538' title='bbox 2211 3494 2549 3545; x_wconf 83' lang='lat' dir='ltr'><strong>inducerent.</strong></span> <span class='ocrx_word' id='word_1_539' title='bbox 2607 3489 2684 3541; x_wconf 89' lang='lat' dir='ltr'><strong>illi</strong></span> <span class='ocrx_word' id='word_1_540' title='bbox 2728 3502 2861 3540; x_wconf 71' lang='lat' dir='ltr'><strong>vero</strong></span> <span class='ocrx_word' id='word_1_541' title='bbox 2916 3499 3042 3540; x_wconf 87' lang='lat' dir='ltr'><strong>cum</strong></span> <span class='ocrx_word' id='word_1_542' title='bbox 3079 3483 3372 3552; x_wconf 75' lang='lat' dir='ltr'><strong>cepissent,</strong></span> 
     </span>
    </p>
   </div>
   <div class='ocr_carea' id='block_1_81' title="bbox 1791 3574 3375 3654">
    <p class='ocr_par' dir='ltr' id='par_1_81' title="bbox 1791 3574 3375 3654">
     <span class='ocr_line' id='line_1_81' title="bbox 1791 3574 3375 3654; baseline -0.013 -11"><span class='ocrx_word' id='word_1_543' title='bbox 1791 3589 1967 3644; x_wconf 88' lang='lat' dir='ltr'><strong>oculis</strong></span> <span class='ocrx_word' id='word_1_544' title='bbox 1991 3590 2283 3648; x_wconf 68' lang='lat' dir='ltr'><strong>orbat-unt,</strong></span> <span class='ocrx_word' id='word_1_545' title='bbox 2316 3598 2629 3654; x_wconf 87' lang='lat' dir='ltr'><strong>quanquam</strong></span> <span class='ocrx_word' id='word_1_546' title='bbox 2663 3581 2813 3635; x_wconf 90' lang='lat' dir='ltr'><strong>nullo</strong></span> <span class='ocrx_word' id='word_1_547' title='bbox 2854 3578 2973 3649; x_wconf 76' lang='lat' dir='ltr'><strong>ejus</strong></span> <span class='ocrx_word' id='word_1_548' title='bbox 3010 3576 3086 3631; x_wconf 89' lang='lat' dir='ltr'><strong>rei</strong></span> <span class='ocrx_word' id='word_1_549' title='bbox 3116 3574 3375 3629; x_wconf 81' lang='lat' dir='ltr'><strong>mandato</strong></span> 
     </span>
    </p>
   </div>
   <div class='ocr_carea' id='block_1_82' title="bbox 1792 3672 3377 3747">
    <p class='ocr_par' dir='ltr' id='par_1_82' title="bbox 1792 3672 3377 3747">
     <span class='ocr_line' id='line_1_82' title="bbox 1792 3672 3377 3747; baseline -0.011 -11"><span class='ocrx_word' id='word_1_550' title='bbox 1792 3692 2040 3747; x_wconf 88' lang='lat' dir='ltr'><strong>accepto,</strong></span> <span class='ocrx_word' id='word_1_551' title='bbox 2104 3679 2196 3733; x_wconf 91' lang='lat' dir='ltr'><strong>sed</strong></span> <span class='ocrx_word' id='word_1_552' title='bbox 2251 3693 2349 3731; x_wconf 88' lang='lat' dir='ltr'><strong>sua</strong></span> <span class='ocrx_word' id='word_1_553' title='bbox 2407 3676 2509 3744; x_wconf 89' lang='lat' dir='ltr'><strong>ipsi</strong></span> <span class='ocrx_word' id='word_1_554' title='bbox 2565 3674 2811 3728; x_wconf 85' lang='lat' dir='ltr'><strong>instincti</strong></span> <span class='ocrx_word' id='word_1_555' title='bbox 2863 3672 3162 3732; x_wconf 87' lang='lat' dir='ltr'><strong>voluntate,</strong></span> <span class='ocrx_word' id='word_1_556' title='bbox 3212 3676 3282 3720; x_wconf 83' lang='lat' dir='ltr'><strong>ut&#39;</strong></span> <span class='ocrx_word' id='word_1_557' title='bbox 3323 3674 3377 3718; x_wconf 87' lang='lat' dir='ltr'><strong>et</strong></span> 
     </span>
    </p>
   </div>
   <div class='ocr_carea' id='block_1_83' title="bbox 1796 3760 3157 3844">
    <p class='ocr_par' dir='ltr' id='par_1_83' title="bbox 1796 3760 3157 3844">
     <span class='ocr_line' id='line_1_83' title="bbox 1796 3760 3157 3844; baseline -0.01 -17"><span class='ocrx_word' id='word_1_558' title='bbox 1796 3772 2145 3844; x_wconf 81' lang='lat' dir='ltr'><strong>imperatoris</strong></span> <span class='ocrx_word' id='word_1_559' title='bbox 2182 3780 2335 3838; x_wconf 85' lang='lat' dir='ltr'><strong>pater</strong></span> <span class='ocrx_word' id='word_1_560' title='bbox 2363 3784 2427 3823; x_wconf 89' lang='lat' dir='ltr'><strong>eo</strong></span> <span class='ocrx_word' id='word_1_561' title='bbox 2458 3766 2678 3821; x_wconf 90' lang='lat' dir='ltr'><strong>nomine</strong></span> <span class='ocrx_word' id='word_1_562' title='bbox 2719 3764 3035 3834; x_wconf 76' lang='lat' dir='ltr'><strong>indignatus</strong></span> <span class='ocrx_word' id='word_1_563' title='bbox 3064 3760 3157 3815; x_wconf 90' lang='lat' dir='ltr'><strong>sit.</strong></span> 
     </span>
    </p>
   </div>
   <div class='ocr_carea' id='block_1_84' title="bbox 1873 4016 3379 4099">
    <p class='ocr_par' dir='ltr' id='par_1_84' title="bbox 1873 4016 3379 4099">
     <span class='ocr_line' id='line_1_84' title="bbox 1873 4016 3379 4099; baseline -0.013 -10"><span class='ocrx_word' id='word_1_564' title='bbox 1873 4035 2062 4089; x_wconf 72' lang='grc'><strong>14-15.</strong></span> <span class='ocrx_word' id='word_1_565' title='bbox 2108 4032 2291 4087; x_wconf 77' lang='lat' dir='ltr'><strong>Mense</strong></span> <span class='ocrx_word' id='word_1_566' title='bbox 2327 4031 2572 4099; x_wconf 80' lang='lat' dir='ltr'><strong>Augusto</strong></span> <span class='ocrx_word' id='word_1_567' title='bbox 2607 4027 2831 4081; x_wconf 68' lang='lat' dir='ltr'><strong>detectae</strong></span> <span class='ocrx_word' id='word_1_568' title='bbox 2872 4017 3220 4077; x_wconf 87' lang='lat' dir='ltr'><strong>Constantini</strong></span> <span class='ocrx_word' id='word_1_569' title='bbox 3254 4016 3379 4071; x_wconf 84' lang='lat' dir='ltr'><strong>Cte-</strong></span> 
     </span>
    </p>
   </div>
   <div class='ocr_carea' id='block_1_85' title="bbox 1801 4114 3379 4186">
    <p class='ocr_par' dir='ltr' id='par_1_85' title="bbox 1801 4114 3379 4186">
     <span class='ocr_line' id='line_1_85' title="bbox 1801 4114 3379 4186; baseline -0.013 -6"><span class='ocrx_word' id='word_1_570' title='bbox 1801 4126 2012 4186; x_wconf 89' lang='lat' dir='ltr'><strong>matini,</strong></span> <span class='ocrx_word' id='word_1_571' title='bbox 2048 4124 2267 4177; x_wconf 85' lang='lat' dir='ltr'><strong>Davidis</strong></span> <span class='ocrx_word' id='word_1_572' title='bbox 2310 4119 2616 4175; x_wconf 84' lang='lat' dir='ltr'><strong>Cantuliaui</strong></span> <span class='ocrx_word' id='word_1_573' title='bbox 2669 4128 2722 4171; x_wconf 92' lang='lat' dir='ltr'><strong>ct</strong></span> <span class='ocrx_word' id='word_1_574' title='bbox 2767 4114 3047 4169; x_wconf 80' lang='lat' dir='ltr'><strong>Michaelis</strong></span> <span class='ocrx_word' id='word_1_575' title='bbox 3079 4123 3379 4179; x_wconf 82' lang='lat' dir='ltr'><strong>mangano-</strong></span> 
     </span>
    </p>
   </div>
   <div class='ocr_carea' id='block_1_86' title="bbox 1802 4206 3379 4278">
    <p class='ocr_par' dir='ltr' id='par_1_86' title="bbox 1802 4206 3379 4278">
     <span class='ocr_line' id='line_1_86' title="bbox 1802 4206 3379 4278; baseline -0.013 -5"><span class='ocrx_word' id='word_1_576' title='bbox 1802 4235 1922 4273; x_wconf 90' lang='lat' dir='ltr'><strong>rum</strong></span> <span class='ocrx_word' id='word_1_577' title='bbox 1954 4216 2225 4271; x_wconf 83' lang='lat' dir='ltr'><strong>curatoris</strong></span> <span class='ocrx_word' id='word_1_578' title='bbox 2262 4214 2494 4267; x_wconf 63' lang='lat' dir='ltr'><strong>insidiae.</strong></span> <span class='ocrx_word' id='word_1_579' title='bbox 2547 4210 2891 4278; x_wconf 83' lang='lat' dir='ltr'><strong>Quapropter</strong></span> <span class='ocrx_word' id='word_1_580' title='bbox 2929 4206 2981 4259; x_wconf 88' lang='lat' dir='ltr'><strong>hi</strong></span> <span class='ocrx_word' id='word_1_581' title='bbox 3014 4218 3240 4274; x_wconf 81' lang='lat' dir='ltr'><strong>quoque</strong></span> <span class='ocrx_word' id='word_1_582' title='bbox 3272 4215 3379 4255; x_wconf 67' lang='lat' dir='ltr'><strong>cae-</strong></span> 
     </span>
    </p>
   </div>
   <div class='ocr_carea' id='block_1_87' title="bbox 1805 4292 3379 4375">
    <p class='ocr_par' dir='ltr' id='par_1_87' title="bbox 1805 4292 3379 4375">
     <span class='ocr_line' id='line_1_87' title="bbox 1805 4292 3379 4375; baseline -0.015 -8"><span class='ocrx_word' id='word_1_583' title='bbox 1805 4314 1943 4367; x_wconf 91' lang='lat' dir='ltr'><strong>catis</strong></span> <span class='ocrx_word' id='word_1_584' title='bbox 1983 4310 2302 4373; x_wconf 82' lang='lat' dir='ltr'><strong>luminibus,</strong></span> <span class='ocrx_word' id='word_1_585' title='bbox 2362 4322 2457 4375; x_wconf 91' lang='lat' dir='ltr'><strong>per</strong></span> <span class='ocrx_word' id='word_1_586' title='bbox 2505 4304 2736 4358; x_wconf 84' lang='lat' dir='ltr'><strong>mediam</strong></span> <span class='ocrx_word' id='word_1_587' title='bbox 2789 4300 2975 4354; x_wconf 91' lang='lat' dir='ltr'><strong>urbem</strong></span> <span class='ocrx_word' id='word_1_588' title='bbox 3017 4294 3275 4359; x_wconf 87' lang='lat' dir='ltr'><strong>traducti,</strong></span> <span class='ocrx_word' id='word_1_589' title='bbox 3326 4292 3379 4345; x_wconf 92' lang='lat' dir='ltr'><strong>in</strong></span> 
     </span>
    </p>
   </div>
   <div class='ocr_carea' id='block_1_88' title="bbox 1804 4386 3384 4458">
    <p class='ocr_par' dir='ltr' id='par_1_88' title="bbox 1804 4386 3384 4458">
     <span class='ocr_line' id='line_1_88' title="bbox 1804 4386 3384 4458; baseline -0.014 0"><span class='ocrx_word' id='word_1_590' title='bbox 1804 4403 2057 4458; x_wconf 81' lang='lat' dir='ltr'><strong>exsilium</strong></span> <span class='ocrx_word' id='word_1_591' title='bbox 2088 4400 2241 4454; x_wconf 91' lang='lat' dir='ltr'><strong>missi</strong></span> <span class='ocrx_word' id='word_1_592' title='bbox 2277 4406 2426 4453; x_wconf 89' lang='lat' dir='ltr'><strong>sunt.</strong></span> <span class='ocrx_word' id='word_1_593' title='bbox 2477 4396 2761 4450; x_wconf 83' lang='lat' dir='ltr'><strong>Adductus</strong></span> <span class='ocrx_word' id='word_1_594' title='bbox 2801 4399 2854 4445; x_wconf 89' lang='lat' dir='ltr'><strong>et</strong></span> <span class='ocrx_word' id='word_1_595' title='bbox 2899 4390 3006 4445; x_wconf 87' lang='lat' dir='ltr'><strong>Leo</strong></span> <span class='ocrx_word' id='word_1_596' title='bbox 3041 4386 3299 4455; x_wconf 79' lang='lat' dir='ltr'><strong>magister</strong></span> <span class='ocrx_word' id='word_1_597' title='bbox 3327 4390 3384 4438; x_wconf 86' lang='lat' dir='ltr'><strong>et</strong></span> 
     </span>
    </p>
   </div>
   <div class='ocr_carea' id='block_1_89' title="bbox 1807 4473 3384 4555">
    <p class='ocr_par' dir='ltr' id='par_1_89' title="bbox 1807 4473 3384 4555">
     <span class='ocr_line' id='line_1_89' title="bbox 1807 4473 3384 4555; baseline -0.013 -6"><span class='ocrx_word' id='word_1_598' title='bbox 1807 4497 2119 4550; x_wconf 82' lang='lat' dir='ltr'><strong>scholarum</strong></span> <span class='ocrx_word' id='word_1_599' title='bbox 2167 4491 2520 4551; x_wconf 87' lang='lat' dir='ltr'><strong>domesticus,</strong></span> <span class='ocrx_word' id='word_1_600' title='bbox 2574 4486 2829 4555; x_wconf 87' lang='lat' dir='ltr'><strong>muloque</strong></span> <span class='ocrx_word' id='word_1_601' title='bbox 2872 4480 3117 4537; x_wconf 76' lang='lat' dir='ltr'><strong>insidens</strong></span> <span class='ocrx_word' id='word_1_602' title='bbox 3148 4473 3384 4549; x_wconf 72' lang='lat' dir='ltr'><strong>ignomi-</strong></span> 
     </span>
    </p>
   </div>
   <div class='ocr_carea' id='block_1_90' title="bbox 86 4574 1695 4654">
    <p class='ocr_par' dir='ltr' id='par_1_90' title="bbox 86 4574 1695 4649">
     <span class='ocr_line' id='line_1_90' title="bbox 86 4574 1695 4649; baseline -0.007 -16"><span class='ocrx_word' id='word_1_603' title='bbox 86 4586 169 4649; x_wconf 80' lang='grc' dir='ltr'><strong>τῇ</strong></span> <span class='ocrx_word' id='word_1_604' title='bbox 206 4580 393 4641; x_wconf 78' lang='grc' dir='ltr'>πόλει,</span> <span class='ocrx_word' id='word_1_605' title='bbox 458 4577 555 4630; x_wconf 69' lang='grc' dir='ltr'><strong>καὶ</strong></span> <span class='ocrx_word' id='word_1_606' title='bbox 599 4577 814 4647; x_wconf 81' lang='grc' dir='ltr'>διῆλθεν</span> <span class='ocrx_word' id='word_1_607' title='bbox 852 4575 912 4627; x_wconf 66' lang='grc' dir='ltr'>ὲν</span> <span class='ocrx_word' id='word_1_608' title='bbox 962 4574 1101 4644; x_wconf 80' lang='grc' dir='ltr'>μέσῃ</span> <span class='ocrx_word' id='word_1_609' title='bbox 1147 4575 1211 4643; x_wconf 80' lang='grc' dir='ltr'><strong>τῇ</strong></span> <span class='ocrx_word' id='word_1_610' title='bbox 1263 4576 1440 4643; x_wconf 77' lang='grc' dir='ltr'>ἀγορᾷ</span> <span class='ocrx_word' id='word_1_611' title='bbox 1495 4574 1695 4642; x_wconf 73' lang='grc' dir='ltr'>ἡμιόνῳ</span> 
     </span>
    </p>
   </div>
   <div class='ocr_carea' id='block_1_91' title="bbox 1797 4574 3064 4654">
    <p class='ocr_par' dir='ltr' id='par_1_91' title="bbox 1811 4576 3064 4654">
     <span class='ocr_line' id='line_1_91' title="bbox 1811 4576 3064 4654; baseline -0.014 -11"><span class='ocrx_word' id='word_1_612' title='bbox 1811 4589 1914 4643; x_wconf 71' lang='lat' dir='ltr'><strong>nite</strong></span> <span class='ocrx_word' id='word_1_613' title='bbox 1937 4602 2100 4643; x_wconf 87' lang='lat' dir='ltr'><strong>causa</strong></span> <span class='ocrx_word' id='word_1_614' title='bbox 2136 4600 2230 4654; x_wconf 89' lang='lat' dir='ltr'><strong>per</strong></span> <span class='ocrx_word' id='word_1_615' title='bbox 2265 4583 2503 4637; x_wconf 87' lang='lat' dir='ltr'><strong>mediutn</strong></span> <span class='ocrx_word' id='word_1_616' title='bbox 2539 4579 2717 4635; x_wconf 75' lang='lat' dir='ltr'><strong>forum</strong></span> <span class='ocrx_word' id='word_1_617' title='bbox 2756 4576 3064 4631; x_wconf 86' lang='lat' dir='ltr'><strong>traductus.</strong></span> 
     </span>
    </p>
   </div>
   <div class='ocr_carea' id='block_1_92' title="bbox 84 4669 507 4739">
    <p class='ocr_par' dir='ltr' id='par_1_92' title="bbox 84 4669 507 4739">
     <span class='ocr_line' id='line_1_92' title="bbox 84 4669 507 4739; baseline 0 -16"><span class='ocrx_word' id='word_1_618' title='bbox 84 4669 507 4739; x_wconf 71' lang='grc' dir='ltr'>καθεζόμενος.</span> 
     </span>
    </p>
   </div>
   <div class='ocr_carea' id='block_1_93' title="bbox 179 4755 1708 4831">
    <p class='ocr_par' dir='ltr' id='par_1_93' title="bbox 179 4755 1708 4831">
     <span class='ocr_line' id='line_1_93' title="bbox 179 4755 1708 4831; baseline -0.009 -14"><span class='ocrx_word' id='word_1_619' title='bbox 179 4771 282 4829; x_wconf 76' lang='grc' dir='ltr'><strong>ις’.</strong></span> <span class='ocrx_word' id='word_1_620' title='bbox 352 4761 648 4831; x_wconf 81' lang='grc' dir='ltr'>Ἐφωράθη</span> <span class='ocrx_word' id='word_1_621' title='bbox 695 4760 752 4812; x_wconf 83' lang='grc' dir='ltr'>δὲ</span> <span class='ocrx_word' id='word_1_622' title='bbox 816 4759 912 4811; x_wconf 79' lang='grc' dir='ltr'><strong>καὶ</strong></span> <span class='ocrx_word' id='word_1_623' title='bbox 958 4758 1080 4828; x_wconf 83' lang='grc' dir='ltr'><strong>Ζωὴ</strong></span> <span class='ocrx_word' id='word_1_624' title='bbox 1144 4756 1430 4825; x_wconf 77' lang='grc' dir='ltr'>Αὐγούστα</span> <span class='ocrx_word' id='word_1_625' title='bbox 1491 4755 1708 4808; x_wconf 75' lang='grc' dir='ltr'>ὲπιόου-</span> 
     </span>
    </p>
   </div>
   <div class='ocr_carea' id='block_1_94' title="bbox 78 4850 1706 4924">
    <p class='ocr_par' dir='ltr' id='par_1_94' title="bbox 78 4850 1706 4924">
     <span class='ocr_line' id='line_1_94' title="bbox 78 4850 1706 4924; baseline -0.009 -12"><span class='ocrx_word' id='word_1_626' title='bbox 78 4859 349 4912; x_wconf 70' lang='grc' dir='ltr'>λεύουσα</span> <span class='ocrx_word' id='word_1_627' title='bbox 418 4852 684 4924; x_wconf 87' lang='grc' dir='ltr'>Ῥωμανῷ</span> <span class='ocrx_word' id='word_1_628' title='bbox 730 4853 816 4906; x_wconf 68' lang='grc' dir='ltr'>διὰ</span> <span class='ocrx_word' id='word_1_629' title='bbox 860 4851 1345 4920; x_wconf 81' lang='grc' dir='ltr'>πεφαρμαγμὲνων</span> <span class='ocrx_word' id='word_1_630' title='bbox 1384 4850 1706 4919; x_wconf 67' lang='grc' dir='ltr'>βρωμάτων,</span> 
     </span>
    </p>
   </div>
   <div class='ocr_carea' id='block_1_95' title="bbox 78 4942 1709 5017">
    <p class='ocr_par' dir='ltr' id='par_1_95' title="bbox 78 4942 1709 5017">
     <span class='ocr_line' id='line_1_95' title="bbox 78 4942 1709 5017; baseline -0.007 -13"><span class='ocrx_word' id='word_1_631' title='bbox 78 4952 213 5004; x_wconf 76' lang='grc' dir='ltr'><strong>ὑπὸ</strong></span> <span class='ocrx_word' id='word_1_632' title='bbox 272 4948 582 5017; x_wconf 79' lang='grc' dir='ltr'>Θεοκλήτου</span> <span class='ocrx_word' id='word_1_633' title='bbox 662 4946 906 5014; x_wconf 82' lang='grc' dir='ltr'>νοταρίου</span> <span class='ocrx_word' id='word_1_634' title='bbox 968 4944 1069 5013; x_wconf 81' lang='grc' dir='ltr'><strong>τῆς</strong></span> <span class='ocrx_word' id='word_1_635' title='bbox 1132 4942 1433 5012; x_wconf 78' lang='grc' dir='ltr'>ὑπουργίας</span> <span class='ocrx_word' id='word_1_636' title='bbox 1512 4959 1709 4994; x_wconf 85' lang='grc' dir='ltr'>σκευα-</span> 
     </span>
    </p>
   </div>
   <div class='ocr_carea' id='block_1_96' title="bbox 82 5034 1711 5108">
    <p class='ocr_par' dir='ltr' id='par_1_96' title="bbox 82 5034 1711 5108">
     <span class='ocr_line' id='line_1_96' title="bbox 82 5034 1711 5108; baseline -0.006 -11"><span class='ocrx_word' id='word_1_637' title='bbox 82 5043 361 5097; x_wconf 73' lang='grc' dir='ltr'>σθὲντων</span> <span class='ocrx_word' id='word_1_638' title='bbox 385 5057 398 5071; x_wconf 90' lang='grc'><strong>·</strong></span> <span class='ocrx_word' id='word_1_639' title='bbox 426 5039 523 5092; x_wconf 75' lang='grc' dir='ltr'><strong>καί</strong></span> <span class='ocrx_word' id='word_1_640' title='bbox 539 5038 743 5108; x_wconf 81' lang='grc' dir='ltr'>ταύτην</span> <span class='ocrx_word' id='word_1_641' title='bbox 773 5036 866 5089; x_wconf 78' lang='grc' dir='ltr'>τοῦ</span> <span class='ocrx_word' id='word_1_642' title='bbox 895 5035 1152 5090; x_wconf 82' lang='grc' dir='ltr'>παλατίου</span> <span class='ocrx_word' id='word_1_643' title='bbox 1170 5034 1593 5097; x_wconf 74' lang='grc' dir='ltr'>καταόιόάζουσι</span> <span class='ocrx_word' id='word_1_644' title='bbox 1618 5034 1711 5088; x_wconf 73' lang='grc' dir='ltr'><strong>καὶ</strong></span> 
     </span>
    </p>
   </div>
   <div class='ocr_carea' id='block_1_97' title="bbox 80 5126 1710 5201">
    <p class='ocr_par' dir='ltr' id='par_1_97' title="bbox 80 5126 1710 5201">
     <span class='ocr_line' id='line_1_97' title="bbox 80 5126 1710 5201; baseline -0.007 -12"><span class='ocrx_word' id='word_1_645' title='bbox 80 5139 188 5197; x_wconf 73' lang='grc' dir='ltr'>εἰς</span> <span class='ocrx_word' id='word_1_646' title='bbox 235 5135 300 5186; x_wconf 69' lang='grc' dir='ltr'>τὸ</span> <span class='ocrx_word' id='word_1_647' title='bbox 324 5132 559 5201; x_wconf 79' lang='grc' dir='ltr'>Πετρίον</span> <span class='ocrx_word' id='word_1_648' title='bbox 584 5130 889 5197; x_wconf 80' lang='grc' dir='ltr'>ἀπάγουσιν</span> <span class='ocrx_word' id='word_1_649' title='bbox 918 5131 976 5180; x_wconf 85' lang='grc' dir='ltr'>ὲν</span> <span class='ocrx_word' id='word_1_650' title='bbox 1006 5130 1071 5197; x_wconf 82' lang='grc' dir='ltr'>τῇ</span> <span class='ocrx_word' id='word_1_651' title='bbox 1093 5126 1191 5196; x_wconf 81' lang='grc' dir='ltr'><strong>τῆς</strong></span> <span class='ocrx_word' id='word_1_652' title='bbox 1232 5127 1391 5194; x_wconf 79' lang='grc' dir='ltr'>ἁγίας</span> <span class='ocrx_word' id='word_1_653' title='bbox 1423 5127 1710 5197; x_wconf 51' lang='grc' dir='ltr'>Εὐρημίας</span> 
     </span>
    </p>
   </div>
   <div class='ocr_carea' id='block_1_98' title="bbox 82 5217 1709 5299">
    <p class='ocr_par' dir='ltr' id='par_1_98' title="bbox 82 5217 1709 5299">
     <span class='ocr_line' id='line_1_98' title="bbox 82 5217 1709 5299; baseline -0.005 -20"><span class='ocrx_word' id='word_1_654' title='bbox 82 5229 253 5299; x_wconf 69' lang='grc' dir='ltr'>μονῇ</span> <span class='ocrx_word' id='word_1_655' title='bbox 294 5223 715 5292; x_wconf 74' lang='grc' dir='ltr'>ἀτωκείραπες.</span> <span class='ocrx_word' id='word_1_656' title='bbox 743 5219 1099 5291; x_wconf 81' lang='grc' dir='ltr'>Προσεκλήθη</span> <span class='ocrx_word' id='word_1_657' title='bbox 1135 5219 1193 5272; x_wconf 79' lang='grc' dir='ltr'>δὲ</span> <span class='ocrx_word' id='word_1_658' title='bbox 1228 5217 1379 5287; x_wconf 76' lang='grc' dir='ltr'>παρὰ</span> <span class='ocrx_word' id='word_1_659' title='bbox 1436 5218 1709 5287; x_wconf 80' lang='grc' dir='ltr'>Θεοφυλά-</span> 
     </span>
    </p>
   </div>
   <div class='ocr_carea' id='block_1_99' title="bbox 82 5310 1709 5385">
    <p class='ocr_par' dir='ltr' id='par_1_99' title="bbox 82 5310 1709 5385">
     <span class='ocr_line' id='line_1_99' title="bbox 82 5310 1709 5385; baseline -0.006 -14"><span class='ocrx_word' id='word_1_660' title='bbox 82 5335 248 5371; x_wconf 79' lang='grc' dir='ltr'>κτου</span> <span class='ocrx_word' id='word_1_661' title='bbox 293 5314 591 5385; x_wconf 84' lang='grc' dir='ltr'>πατρικίου</span> <span class='ocrx_word' id='word_1_662' title='bbox 618 5314 713 5365; x_wconf 78' lang='grc' dir='ltr'><strong>καὶ</strong></span> <span class='ocrx_word' id='word_1_663' title='bbox 741 5313 977 5383; x_wconf 85' lang='grc' dir='ltr'>κόμητος</span> <span class='ocrx_word' id='word_1_664' title='bbox 1023 5311 1119 5364; x_wconf 78' lang='grc' dir='ltr'><strong>τοῦ</strong></span> <span class='ocrx_word' id='word_1_665' title='bbox 1172 5310 1404 5364; x_wconf 66' lang='grc' dir='ltr'>πάὸλου</span> <span class='ocrx_word' id='word_1_666' title='bbox 1457 5311 1537 5373; x_wconf 83' lang='grc' dir='ltr'><strong>εἰς</strong></span> <span class='ocrx_word' id='word_1_667' title='bbox 1584 5311 1709 5378; x_wconf 82' lang='grc' dir='ltr'>ἄρι-</span> 
     </span>
    </p>
   </div>
   <div class='ocr_carea' id='block_1_100' title="bbox 82 5401 1712 5474">
    <p class='ocr_par' dir='ltr' id='par_1_100' title="bbox 82 5401 1712 5474">
     <span class='ocr_line' id='line_1_100' title="bbox 82 5401 1712 5474; baseline -0.007 -9"><span class='ocrx_word' id='word_1_668' title='bbox 82 5427 248 5464; x_wconf 66' lang='grc' dir='ltr'>στον</span> <span class='ocrx_word' id='word_1_669' title='bbox 275 5410 305 5462; x_wconf 81' lang='grc' dir='ltr'><strong>ό</strong></span> <span class='ocrx_word' id='word_1_670' title='bbox 347 5406 706 5474; x_wconf 78' lang='grc' dir='ltr'>παιδαγωγὸς</span> <span class='ocrx_word' id='word_1_671' title='bbox 749 5405 1162 5457; x_wconf 85' lang='grc' dir='ltr'>Κωνσταντίνου</span> <span class='ocrx_word' id='word_1_672' title='bbox 1195 5402 1460 5474; x_wconf 75' lang='grc' dir='ltr'>βασιλέως</span> <span class='ocrx_word' id='word_1_673' title='bbox 1504 5401 1712 5455; x_wconf 81' lang='grc' dir='ltr'>Θεόδω-</span> 
     </span>
    </p>
   </div>
   <div class='ocr_carea' id='block_1_101' title="bbox 84 5496 1711 5577">
    <p class='ocr_par' dir='ltr' id='par_1_101' title="bbox 84 5496 1711 5577">
     <span class='ocr_line' id='line_1_101' title="bbox 84 5496 1711 5577; baseline -0.005 -20"><span class='ocrx_word' id='word_1_674' title='bbox 84 5521 211 5577; x_wconf 74' lang='grc' dir='ltr'><strong>ρος</strong></span> <span class='ocrx_word' id='word_1_675' title='bbox 244 5505 340 5557; x_wconf 69' lang='grc' dir='ltr'><strong>καὶ</strong></span> <span class='ocrx_word' id='word_1_676' title='bbox 388 5498 615 5568; x_wconf 81' lang='grc' dir='ltr'>Συμεὼν</span> <span class='ocrx_word' id='word_1_677' title='bbox 652 5501 681 5552; x_wconf 87' lang='grc' dir='ltr'><strong>ό</strong></span> <span class='ocrx_word' id='word_1_678' title='bbox 713 5497 876 5551; x_wconf 80' lang='grc' dir='ltr'>αὑτοῦ</span> <span class='ocrx_word' id='word_1_679' title='bbox 900 5498 1126 5568; x_wconf 80' lang='grc' dir='ltr'>ἁδελφός</span> <span class='ocrx_word' id='word_1_680' title='bbox 1151 5513 1165 5527; x_wconf 88' lang='grc'>⁶</span> <span class='ocrx_word' id='word_1_681' title='bbox 1196 5498 1485 5551; x_wconf 64' lang='grc' dir='ltr'>ἐσθιόντων</span> <span class='ocrx_word' id='word_1_682' title='bbox 1525 5496 1581 5549; x_wconf 76' lang='grc' dir='ltr'>δὲ</span> <span class='ocrx_word' id='word_1_683' title='bbox 1615 5497 1711 5550; x_wconf 86' lang='grc' dir='ltr'><strong>αὐ-</strong></span> 
     </span>
    </p>
   </div>
   <div class='ocr_carea' id='block_1_102' title="bbox 76 5591 1712 5667">
    <p class='ocr_par' dir='ltr' id='par_1_102' title="bbox 76 5591 1712 5667">
     <span class='ocr_line' id='line_1_102' title="bbox 76 5591 1712 5667; baseline -0.004 -15"><span class='ocrx_word' id='word_1_684' title='bbox 76 5600 225 5652; x_wconf 71' lang='grc' dir='ltr'><strong>τῶν</strong></span> <span class='ocrx_word' id='word_1_685' title='bbox 270 5596 531 5667; x_wconf 78' lang='grc' dir='ltr'>εἰσῆλθεν</span> <span class='ocrx_word' id='word_1_686' title='bbox 606 5597 862 5666; x_wconf 79' lang='grc' dir='ltr'>Ἰωάννης</span> <span class='ocrx_word' id='word_1_687' title='bbox 910 5594 1270 5665; x_wconf 83' lang='grc' dir='ltr'>δρουγγάριος</span> <span class='ocrx_word' id='word_1_688' title='bbox 1316 5594 1414 5662; x_wconf 85' lang='grc' dir='ltr'><strong>τῆς</strong></span> <span class='ocrx_word' id='word_1_689' title='bbox 1463 5591 1650 5663; x_wconf 81' lang='grc' dir='ltr'>βίγλης</span> <span class='ocrx_word' id='word_1_690' title='bbox 1684 5594 1712 5645; x_wconf 89' lang='grc' dir='ltr'><strong>ό</strong></span> 
     </span>
    </p>
   </div>
   <div class='ocr_carea' id='block_1_103' title="bbox 80 5684 1711 5761">
    <p class='ocr_par' dir='ltr' id='par_1_103' title="bbox 80 5684 1711 5761">
     <span class='ocr_line' id='line_1_103' title="bbox 80 5684 1711 5761; baseline -0.005 -16"><span class='ocrx_word' id='word_1_691' title='bbox 80 5690 446 5761; x_wconf 69' lang='grc' dir='ltr'>Κουριωύας</span> <span class='ocrx_word' id='word_1_692' title='bbox 489 5690 781 5759; x_wconf 77' lang='grc' dir='ltr'>λεγόμενος</span> <span class='ocrx_word' id='word_1_693' title='bbox 824 5689 961 5758; x_wconf 83' lang='grc' dir='ltr'>μετά</span> <span class='ocrx_word' id='word_1_694' title='bbox 993 5688 1244 5740; x_wconf 86' lang='grc' dir='ltr'>πλείστου</span> <span class='ocrx_word' id='word_1_695' title='bbox 1270 5684 1432 5749; x_wconf 80' lang='grc' dir='ltr'>λαοῦ,</span> <span class='ocrx_word' id='word_1_696' title='bbox 1465 5686 1557 5738; x_wconf 61' lang='grc' dir='ltr'><strong>καὶ¹</strong></span> <span class='ocrx_word' id='word_1_697' title='bbox 1585 5685 1711 5738; x_wconf 69' lang='grc' dir='ltr'>τούς</span> 
     </span>
    </p>
   </div>
   <div class='ocr_carea' id='block_1_104' title="bbox 76 5777 1711 5850">
    <p class='ocr_par' dir='ltr' id='par_1_104' title="bbox 76 5777 1711 5850">
     <span class='ocr_line' id='line_1_104' title="bbox 76 5777 1711 5850; baseline -0.002 -15"><span class='ocrx_word' id='word_1_698' title='bbox 76 5798 241 5842; x_wconf 69' lang='grc' dir='ltr'>τους</span> <span class='ocrx_word' id='word_1_699' title='bbox 313 5781 645 5850; x_wconf 66' lang='grc' dir='ltr'>ἀναρπάσας</span> <span class='ocrx_word' id='word_1_700' title='bbox 700 5782 778 5844; x_wconf 72' lang='grc' dir='ltr'><strong>εἰς</strong></span> <span class='ocrx_word' id='word_1_701' title='bbox 812 5780 874 5832; x_wconf 76' lang='grc' dir='ltr'>τὸ</span> <span class='ocrx_word' id='word_1_702' title='bbox 919 5779 1161 5850; x_wconf 77' lang='grc' dir='ltr'>Ὀῲίκιον</span> <span class='ocrx_word' id='word_1_703' title='bbox 1200 5777 1459 5849; x_wconf 78' lang='grc' dir='ltr'>ἐξώρισεν</span> <span class='ocrx_word' id='word_1_704' title='bbox 1509 5781 1566 5832; x_wconf 86' lang='grc' dir='ltr'>ὲν</span> <span class='ocrx_word' id='word_1_705' title='bbox 1601 5780 1711 5842; x_wconf 69' lang='grc' dir='ltr'>τοῖς</span> 
     </span>
    </p>
   </div>
   <div class='ocr_carea' id='block_1_105' title="bbox 84 5872 1704 5946">
    <p class='ocr_par' dir='ltr' id='par_1_105' title="bbox 84 5872 1704 5946">
     <span class='ocr_line' id='line_1_105' title="bbox 84 5872 1704 5946; baseline -0.003 -16"><span class='ocrx_word' id='word_1_706' title='bbox 84 5878 131 5930; x_wconf 69' lang='grc' dir='ltr'>ὲ</span> <span class='ocrx_word' id='word_1_707' title='bbox 152 5875 328 5929; x_wconf 64' lang='grc' dir='ltr'>λυπῶν</span> <span class='ocrx_word' id='word_1_708' title='bbox 356 5875 705 5946; x_wconf 69' lang='grc' dir='ltr'>προαστείοις</span> <span class='ocrx_word' id='word_1_709' title='bbox 734 5874 807 5939; x_wconf 79' lang='grc' dir='ltr'>ὡς</span> <span class='ocrx_word' id='word_1_710' title='bbox 839 5875 980 5929; x_wconf 81' lang='grc' dir='ltr'>κατὰ</span> <span class='ocrx_word' id='word_1_711' title='bbox 1022 5873 1299 5944; x_wconf 77' lang='grc' dir='ltr'>Ῥωμανοῦ</span> <span class='ocrx_word' id='word_1_712' title='bbox 1343 5872 1704 5942; x_wconf 73' lang='grc' dir='ltr'>μελετῶντας.</span> 
     </span>
    </p>
   </div>
   <div class='ocr_carea' id='block_1_106' title="bbox 1883 4752 3382 4833">
    <p class='ocr_par' dir='ltr' id='par_1_106' title="bbox 1883 4752 3382 4833">
     <span class='ocr_line' id='line_1_106' title="bbox 1883 4752 3382 4833; baseline -0.013 -13"><span class='ocrx_word' id='word_1_713' title='bbox 1883 4768 1967 4820; x_wconf 70' lang='lat' dir='ltr'><strong>hi.</strong></span> <span class='ocrx_word' id='word_1_714' title='bbox 2009 4766 2118 4818; x_wconf 84' lang='lat' dir='ltr'><strong>Zoe</strong></span> <span class='ocrx_word' id='word_1_715' title='bbox 2164 4779 2382 4833; x_wconf 89' lang='lat' dir='ltr'><strong>quoque</strong></span> <span class='ocrx_word' id='word_1_716' title='bbox 2412 4760 2745 4831; x_wconf 81' lang='lat' dir='ltr'><strong>deprehensa</strong></span> <span class='ocrx_word' id='word_1_717' title='bbox 2798 4752 3101 4810; x_wconf 84' lang='lat' dir='ltr'><strong>machinari</strong></span> <span class='ocrx_word' id='word_1_718' title='bbox 3152 4758 3382 4804; x_wconf 82' lang='lat' dir='ltr'><strong>mortem</strong></span> 
     </span>
    </p>
   </div>
   <div class='ocr_carea' id='block_1_107' title="bbox 1816 4842 3383 4926">
    <p class='ocr_par' dir='ltr' id='par_1_107' title="bbox 1816 4842 3383 4926">
     <span class='ocr_line' id='line_1_107' title="bbox 1816 4842 3383 4926; baseline -0.011 -13"><span class='ocrx_word' id='word_1_719' title='bbox 1816 4860 2062 4913; x_wconf 80' lang='lat' dir='ltr'><strong>Romano</strong></span> <span class='ocrx_word' id='word_1_720' title='bbox 2112 4872 2206 4926; x_wconf 91' lang='lat' dir='ltr'><strong>per</strong></span> <span class='ocrx_word' id='word_1_721' title='bbox 2261 4856 2412 4911; x_wconf 85' lang='lat' dir='ltr'><strong>cibos</strong></span> <span class='ocrx_word' id='word_1_722' title='bbox 2464 4854 2784 4915; x_wconf 88' lang='lat' dir='ltr'><strong>medicatos,</strong></span> <span class='ocrx_word' id='word_1_723' title='bbox 2847 4850 3152 4903; x_wconf 89' lang='lat' dir='ltr'><strong>instruente</strong></span> <span class='ocrx_word' id='word_1_724' title='bbox 3213 4842 3383 4910; x_wconf 88' lang='lat' dir='ltr'><strong>dapes</strong></span> 
     </span>
    </p>
   </div>
   <div class='ocr_carea' id='block_1_108' title="bbox 1813 4933 3380 5010">
    <p class='ocr_par' dir='ltr' id='par_1_108' title="bbox 1813 4933 3380 5010">
     <span class='ocr_line' id='line_1_108' title="bbox 1813 4933 3380 5010; baseline -0.013 -4"><span class='ocrx_word' id='word_1_725' title='bbox 1813 4951 2108 5006; x_wconf 85' lang='lat' dir='ltr'><strong>&#39;l‘heoeleto</strong></span> <span class='ocrx_word' id='word_1_726' title='bbox 2143 4949 2300 5003; x_wconf 73' lang='lat' dir='ltr'><strong>oliicii</strong></span> <span class='ocrx_word' id='word_1_727' title='bbox 2352 4949 2588 5001; x_wconf 85' lang='lat' dir='ltr'><strong>notario.</strong></span> <span class='ocrx_word' id='word_1_728' title='bbox 2638 4945 2819 5010; x_wconf 87' lang='lat' dir='ltr'><strong>Quare</strong></span> <span class='ocrx_word' id='word_1_729' title='bbox 2868 4942 3007 4994; x_wconf 88' lang='lat' dir='ltr'><strong>hanc</strong></span> <span class='ocrx_word' id='word_1_730' title='bbox 3053 4938 3215 4991; x_wconf 88' lang='lat' dir='ltr'><strong>etiam</strong></span> <span class='ocrx_word' id='word_1_731' title='bbox 3261 4933 3380 4987; x_wconf 88' lang='lat' dir='ltr'><strong>aula</strong></span> 
     </span>
    </p>
   </div>
   <div class='ocr_carea' id='block_1_109' title="bbox 1813 5021 3386 5113">
    <p class='ocr_par' dir='ltr' id='par_1_109' title="bbox 1813 5021 3386 5113">
     <span class='ocr_line' id='line_1_109' title="bbox 1813 5021 3386 5113; baseline -0.015 -16"><span class='ocrx_word' id='word_1_732' title='bbox 1813 5043 2042 5113; x_wconf 86' lang='lat' dir='ltr'><strong>ejectam</strong></span> <span class='ocrx_word' id='word_1_733' title='bbox 2076 5042 2241 5109; x_wconf 87' lang='lat' dir='ltr'><strong>inque</strong></span> <span class='ocrx_word' id='word_1_734' title='bbox 2272 5038 2511 5092; x_wconf 85' lang='lat' dir='ltr'><strong>Petrium</strong></span> <span class='ocrx_word' id='word_1_735' title='bbox 2548 5035 2839 5089; x_wconf 88' lang='lat' dir='ltr'><strong>abductam</strong></span> <span class='ocrx_word' id='word_1_736' title='bbox 2885 5031 2937 5084; x_wconf 91' lang='lat' dir='ltr'><strong>iu</strong></span> <span class='ocrx_word' id='word_1_737' title='bbox 2972 5026 3029 5081; x_wconf 92' lang='lat' dir='ltr'><strong>S.</strong></span> <span class='ocrx_word' id='word_1_738' title='bbox 3069 5021 3386 5093; x_wconf 69' lang='lat' dir='ltr'><strong>Euphemiaa</strong></span> 
     </span>
    </p>
   </div>
   <div class='ocr_carea' id='block_1_110' title="bbox 1814 5118 3385 5190">
    <p class='ocr_par' dir='ltr' id='par_1_110' title="bbox 1814 5118 3385 5190">
     <span class='ocr_line' id='line_1_110' title="bbox 1814 5118 3385 5190; baseline -0.015 0"><span class='ocrx_word' id='word_1_739' title='bbox 1814 5134 2148 5190; x_wconf 87' lang='lat' dir='ltr'><strong>monasterio</strong></span> <span class='ocrx_word' id='word_1_740' title='bbox 2200 5132 2577 5186; x_wconf 87' lang='lat' dir='ltr'><strong>totonderunt.</strong></span> <span class='ocrx_word' id='word_1_741' title='bbox 2628 5125 2877 5179; x_wconf 80' lang='lat' dir='ltr'><strong>invitatis</strong></span> <span class='ocrx_word' id='word_1_742' title='bbox 2930 5135 3060 5181; x_wconf 80' lang='lat' dir='ltr'><strong>vero</strong></span> <span class='ocrx_word' id='word_1_743' title='bbox 3104 5118 3172 5171; x_wconf 88' lang='lat' dir='ltr'><strong>ad</strong></span> <span class='ocrx_word' id='word_1_744' title='bbox 3221 5130 3385 5186; x_wconf 84' lang='lat' dir='ltr'><strong>pran-</strong></span> 
     </span>
    </p>
   </div>
   <div class='ocr_carea' id='block_1_111' title="bbox 1812 5210 3386 5295">
    <p class='ocr_par' dir='ltr' id='par_1_111' title="bbox 1812 5210 3386 5295">
     <span class='ocr_line' id='line_1_111' title="bbox 1812 5210 3386 5295; baseline -0.014 -12"><span class='ocrx_word' id='word_1_745' title='bbox 1812 5230 1958 5283; x_wconf 85' lang='lat' dir='ltr'><strong>dium</strong></span> <span class='ocrx_word' id='word_1_746' title='bbox 2008 5243 2036 5281; x_wconf 90' lang='lat' dir='ltr'><strong>a</strong></span> <span class='ocrx_word' id='word_1_747' title='bbox 2083 5226 2493 5295; x_wconf 86' lang='lat' dir='ltr'><strong>Thcophylacto</strong></span> <span class='ocrx_word' id='word_1_748' title='bbox 2551 5221 2782 5291; x_wconf 90' lang='lat' dir='ltr'><strong>patricio</strong></span> <span class='ocrx_word' id='word_1_749' title='bbox 2840 5232 2903 5271; x_wconf 88' lang='lat' dir='ltr'><strong>ac</strong></span> <span class='ocrx_word' id='word_1_750' title='bbox 2944 5213 3145 5269; x_wconf 84' lang='lat' dir='ltr'><strong>stabuli</strong></span> <span class='ocrx_word' id='word_1_751' title='bbox 3186 5210 3386 5265; x_wconf 90' lang='lat' dir='ltr'><strong>comite</strong></span> 
     </span>
    </p>
   </div>
   <div class='ocr_carea' id='block_1_112' title="bbox 1813 5300 3387 5382">
    <p class='ocr_par' dir='ltr' id='par_1_112' title="bbox 1813 5300 3387 5382">
     <span class='ocr_line' id='line_1_112' title="bbox 1813 5300 3387 5382; baseline -0.013 -8"><span class='ocrx_word' id='word_1_752' title='bbox 1813 5319 2102 5374; x_wconf 86' lang='lat' dir='ltr'><strong>Theodoro</strong></span> <span class='ocrx_word' id='word_1_753' title='bbox 2137 5315 2489 5371; x_wconf 87' lang='lat' dir='ltr'><strong>Constantini</strong></span> <span class='ocrx_word' id='word_1_754' title='bbox 2536 5309 2883 5382; x_wconf 87' lang='lat' dir='ltr'><strong>imperatoris</strong></span> <span class='ocrx_word' id='word_1_755' title='bbox 2914 5305 3207 5376; x_wconf 66' lang='lat' dir='ltr'><strong>paedagogo</strong></span> <span class='ocrx_word' id='word_1_756' title='bbox 3236 5300 3387 5372; x_wconf 87' lang='lat' dir='ltr'><strong>ejus-</strong></span> 
     </span>
    </p>
   </div>
   <div class='ocr_carea' id='block_1_113' title="bbox 1812 5392 3385 5483">
    <p class='ocr_par' dir='ltr' id='par_1_113' title="bbox 1812 5392 3385 5483">
     <span class='ocr_line' id='line_1_113' title="bbox 1812 5392 3385 5483; baseline -0.015 -16"><span class='ocrx_word' id='word_1_757' title='bbox 1812 5428 1920 5483; x_wconf 90' lang='lat' dir='ltr'><strong>que</strong></span> <span class='ocrx_word' id='word_1_758' title='bbox 1964 5412 2131 5465; x_wconf 66' lang='lat' dir='ltr'><strong>fritre</strong></span> <span class='ocrx_word' id='word_1_759' title='bbox 2179 5410 2470 5480; x_wconf 83' lang='lat' dir='ltr'><strong>Symeone,</strong></span> <span class='ocrx_word' id='word_1_760' title='bbox 2508 5406 2651 5459; x_wconf 90' lang='lat' dir='ltr'><strong>inter</strong></span> <span class='ocrx_word' id='word_1_761' title='bbox 2690 5402 2879 5473; x_wconf 83' lang='lat' dir='ltr'><strong>epulas</strong></span> <span class='ocrx_word' id='word_1_762' title='bbox 2909 5401 3187 5468; x_wconf 75' lang='lat' dir='ltr'><strong>ingressus</strong></span> <span class='ocrx_word' id='word_1_763' title='bbox 3218 5392 3385 5447; x_wconf 74' lang='lat' dir='ltr'><strong>Joan-</strong></span> 
     </span>
    </p>
   </div>
   <div class='ocr_carea' id='block_1_114' title="bbox 1814 5489 3383 5565">
    <p class='ocr_par' dir='ltr' id='par_1_114' title="bbox 1814 5489 3383 5565">
     <span class='ocr_line' id='line_1_114' title="bbox 1814 5489 3383 5565; baseline -0.015 -5"><span class='ocrx_word' id='word_1_764' title='bbox 1814 5522 1911 5561; x_wconf 90' lang='lat' dir='ltr'><strong>nes</strong></span> <span class='ocrx_word' id='word_1_765' title='bbox 1950 5503 2302 5559; x_wconf 80' lang='lat' dir='ltr'><strong>escnbiarmn</strong></span> <span class='ocrx_word' id='word_1_766' title='bbox 2358 5498 2689 5565; x_wconf 82' lang='lat' dir='ltr'><strong>drungarins</strong></span> <span class='ocrx_word' id='word_1_767' title='bbox 2745 5495 2923 5550; x_wconf 88' lang='lat' dir='ltr'><strong>dictus</strong></span> <span class='ocrx_word' id='word_1_768' title='bbox 2970 5489 3219 5544; x_wconf 87' lang='lat' dir='ltr'><strong>Curcuas</strong></span> <span class='ocrx_word' id='word_1_769' title='bbox 3259 5497 3383 5539; x_wconf 79' lang='lat' dir='ltr'><strong>cum</strong></span> 
     </span>
    </p>
   </div>
   <div class='ocr_carea' id='block_1_115' title="bbox 1815 5580 3388 5664">
    <p class='ocr_par' dir='ltr' id='par_1_115' title="bbox 1815 5580 3388 5664">
     <span class='ocr_line' id='line_1_115' title="bbox 1815 5580 3388 5664; baseline -0.014 -11"><span class='ocrx_word' id='word_1_770' title='bbox 1815 5599 1985 5654; x_wconf 92' lang='lat' dir='ltr'><strong>multo</strong></span> <span class='ocrx_word' id='word_1_771' title='bbox 2014 5597 2295 5652; x_wconf 84' lang='lat' dir='ltr'><strong>&#39;satellitio</strong></span> <span class='ocrx_word' id='word_1_772' title='bbox 2323 5636 2338 5658; x_wconf 87' lang='lat'><strong>,</strong></span> <span class='ocrx_word' id='word_1_773' title='bbox 2390 5603 2639 5664; x_wconf 86' lang='lat' dir='ltr'><strong>arreptos</strong></span> <span class='ocrx_word' id='word_1_774' title='bbox 2670 5591 2802 5659; x_wconf 90' lang='lat' dir='ltr'><strong>illos</strong></span> <span class='ocrx_word' id='word_1_775' title='bbox 2827 5629 2842 5652; x_wconf 89' lang='lat'><strong>,</strong></span> <span class='ocrx_word' id='word_1_776' title='bbox 2891 5596 3153 5655; x_wconf 86' lang='lat' dir='ltr'><strong>tauquam</strong></span> <span class='ocrx_word' id='word_1_777' title='bbox 3194 5580 3388 5635; x_wconf 51' lang='lat' dir='ltr'><strong>adverv</strong></span> 
     </span>
    </p>
   </div>
   <div class='ocr_carea' id='block_1_116' title="bbox 1814 5673 3389 5751">
    <p class='ocr_par' dir='ltr' id='par_1_116' title="bbox 1814 5673 3389 5751">
     <span class='ocr_line' id='line_1_116' title="bbox 1814 5673 3389 5751; baseline -0.015 -2"><span class='ocrx_word' id='word_1_778' title='bbox 1814 5710 1909 5749; x_wconf 86' lang='lat' dir='ltr'><strong>sus</strong></span> <span class='ocrx_word' id='word_1_779' title='bbox 1960 5692 2267 5746; x_wconf 75' lang='lat' dir='ltr'><strong>Romanum</strong></span> <span class='ocrx_word' id='word_1_780' title='bbox 2333 5690 2698 5751; x_wconf 79' lang='lat' dir='ltr'><strong>machinatus,</strong></span> <span class='ocrx_word' id='word_1_781' title='bbox 2744 5685 2810 5739; x_wconf 88' lang='lat' dir='ltr'><strong>ad</strong></span> <span class='ocrx_word' id='word_1_782' title='bbox 2848 5681 3128 5751; x_wconf 82' lang='lat' dir='ltr'><strong>Opsicium</strong></span> <span class='ocrx_word' id='word_1_783' title='bbox 3177 5675 3230 5731; x_wconf 88' lang='lat' dir='ltr'><strong>in</strong></span> <span class='ocrx_word' id='word_1_784' title='bbox 3273 5673 3389 5730; x_wconf 73' lang='lat' dir='ltr'><strong>suis</strong></span> 
     </span>
    </p>
   </div>
   <div class='ocr_carea' id='block_1_117' title="bbox 1817 5773 3068 5856">
    <p class='ocr_par' dir='ltr' id='par_1_117' title="bbox 1817 5773 3068 5856">
     <span class='ocr_line' id='line_1_117' title="bbox 1817 5773 3068 5856; baseline -0.01 -17"><span class='ocrx_word' id='word_1_785' title='bbox 1817 5786 2058 5856; x_wconf 87' lang='lat' dir='ltr'><strong>ipsorum</strong></span> <span class='ocrx_word' id='word_1_786' title='bbox 2094 5783 2420 5841; x_wconf 85' lang='lat' dir='ltr'><strong>suburbanis</strong></span> <span class='ocrx_word' id='word_1_787' title='bbox 2455 5795 2549 5837; x_wconf 87' lang='lat' dir='ltr'><strong>eos</strong></span> <span class='ocrx_word' id='word_1_788' title='bbox 2597 5778 2847 5835; x_wconf 78' lang='lat' dir='ltr'><strong>exsulare</strong></span> <span class='ocrx_word' id='word_1_789' title='bbox 2872 5773 3068 5845; x_wconf 77' lang='lat' dir='ltr'><strong>coegit.</strong></span> 
     </span>
    </p>
   </div>
  </div>
