4154 6450
1908 370 2414 430 THEOPHANES
2452 372 3010 433 CONTINUATUS.
3963 363 4064 426 lib

926 485 977 537 7.
1021 481 1221 536 Mensis
1268 479 1606 550 Septembris
1635 481 1720 534 ilic
1767 482 2029 552 vigesima
2062 493 2255 551 quarta
2286 482 2367 539 Ro

2572 483 2657 549 ιζ’.
2689 483 2878 538 Είκάδι
2907 484 2964 536 δὲ
2988 482 3224 552 τετάρτῃ
3253 480 3630 550 Σεπτεμϐρίου
3657 479 3825 550 μηνὸς
3846 482 4060 547 τιμᾶται

820 590 1014 631 manus
1043 574 1276 629 Caesaris
1314 586 1506 630 auctus
1545 584 1628 630 est
1670 575 1970 645 dignitate;
2018 577 2223 630 mensis
2267 593 2369 630 veri

2509 577 2786 647 Ῥωμανὸς
2827 578 2894 647 τῇ
2959 575 3052 628 τοῦ
3107 574 3384 640 Καίσαρος
3433 573 3561 642 ἀξίᾳ
3587 588 3599 600 ⁸
3625 572 3717 623 καὶ
3755 570 4067 638 Δεκεμϐρίῳ

819 667 1130 721 Decembris
1155 667 1242 719 die
1269 667 1483 721 decimo
1509 667 1759 737 septimo,
1791 683 1897 737 qua
1929 667 2201 722 dominica
2231 668 2369 738 39f

2498 670 2650 738 μηνὶ,
2677 665 2855 731 ιζ’τοῦ
2885 664 3073 735 μηνὸς,
3118 667 3185 734 τῇ
3238 663 3347 716 τῶν
3397 663 3762 732 προπατόρων
3793 662 4057 731 κυριακῇ,

817 760 1017 819 Christi
1050 759 1451 829 progenitorum
1486 759 1750 813 solemnis
1779 759 2040 813 memoria
2073 759 2362 828 agitur,im

2493 756 2570 827 τῷ
2611 760 2711 827 τῆς
2754 755 3033 826 βασιλείας
3078 753 3333 820 στέφεται
3377 751 3671 819 διαδήματι
3713 752 3862 819 παρὰ
3918 751 4065 801 Κων-

817 852 1006 920 periali
1051 861 1335 904 stemmate
1363 867 1390 903 a
1437 851 1797 904 Constantino
1838 849 2166 920 imperatore
2213 859 2267 904 et
2303 848 2365 902 Ni

2494 848 2776 901 σταντίνου
2809 845 3074 916 βασιλέως
3101 845 3193 897 καὶ
3225 841 3492 895 Νικολάου
3520 841 3880 913 πατριάρχου.

815 943 969 1007 colae
1007 944 1314 1012 patriarcha
1355 941 1614 996 donatur.

817 369 922 431 415

1872 1131 4052 1159 W

824 1149 1345 1162 -——-————_————.~o

1871 1274 2370 1362 ΒΑΣΙΛΕΙΑ
2447 1273 3014 1362 ΡΩΜΑΝΟΥ.

1724 1630 2267 1725 ROMANI
2371 1626 3149 1717 IMPERIUM.

877 1993 930 2047 Ι.
998 1990 1158 2046 Anno
1207 1987 1375 2053 6528,
1430 1983 1727 2040 indictione
1769 1992 1963 2037 octava
2019 1995 2084 2036 ac
2129 1979 2369 2035 Januarii

2559 1977 2647 2050 [P.
2684 1977 2814 2050 246]
2853 1973 2923 2031 α’.
2964 1977 3055 2030 Ἐν
3109 1975 3222 2029 ἔτει
3261 1974 3461 2050 ,ςυκηζ
3510 1975 3837 2038 ίνδικτιῶνος
3890 1976 3942 2047 η’
3967 1982 4063 2032 καὶ

803 2093 976 2146 sexta,
1034 2090 1347 2134 sanctorum
1393 2075 1686 2129 Luminum
1743 2075 1830 2128 die
1879 2074 2038 2137 festo,
2092 2071 2374 2126 Romanus

803 2187 1028 2225 uxorem
1058 2184 1212 2223 suam
1245 2165 1590 2221 Theodoram
1624 2163 1912 2231 Augustali
1949 2178 2149 2216 corona
2184 2163 2374 2232 donat,

802 2279 1038 2330 moxque
1064 2260 1188 2313 Maii
1219 2258 1430 2311 decima
1459 2254 1685 2323 septima
1730 2253 1900 2306 lilium
1937 2269 2094 2307 suum
2126 2251 2375 2305 Christo-

801 2353 1030 2421 phorum
1085 2353 1308 2403 coronat
1365 2357 1458 2410 per
1516 2342 1900 2409 imperatorem
1964 2355 2124 2394 sacro
2178 2340 2376 2394 Pente-

799 2453 980 2496 costes
1037 2440 1154 2504 die;
1211 2437 1481 2503 amhoqne
1522 2432 1624 2486 soli
1659 2447 1723 2485 ea
1766 2430 1819 2484 in
1862 2445 2057 2499 pompa
2090 2445 2374 2498 processe-

799 2542 945 2586 runt.
984 2529 1164 2584 Mense
1188 2527 1352 2590 Julio,
1385 2525 1681 2579 indiCtione
1706 2531 1920 2582 octava,
1944 2521 2031 2574 die
2065 2519 2371 2587 Dominica,

799 2624 1053 2680 Ecclesiae
1081 2638 1174 2690 per
1201 2623 1506 2672 Romanum
1541 2615 1844 2684 composita
1876 2617 2006 2667 unio
2033 2623 2135 2678 est,
2159 2615 2372 2668 cunctis

798 2717 1163 2784 metropolitis
1200 2712 1524 2778 clericisquc
1556 2709 1746 2773 unitis,
1794 2723 1933 2776 quos
1961 2705 2170 2760 Nicolai
2207 2707 2372 2774 patri-

795 2811 974 2865 arclnc
1025 2817 1079 2862 et
1143 2804 1418 2874 liuthymii
1479 2819 1643 2857 causa
1703 2802 1965 2855 hactenus
2019 2798 2222 2852 scisses
2275 2801 2371 2853 ha-

798 2904 1009 2957 buerat.

863 2993 919 3047 2.
961 2991 1163 3048 Octava
1214 2988 1520 3056 Februarii,
1576 2987 1873 3044 indictione
1924 3006 2088 3056 nona,
2147 2990 2368 3044 mittens

795 3086 1075 3138 liomanus
1117 3083 1454 3151 Stephanum
1484 3079 1808 3134 Calomarize
1838 3080 2007 3136 [ilium
2047 3083 2098 3134 i'n
2143 3083 2370 3149 Antigo-

794 3176 941 3228 niam
981 3174 1216 3227 insulam
1253 3173 1305 3225 in
1348 3171 1600 3224 exsilium
1643 3171 1832 3234 mittit,
1868 3172 2175 3239 majestatis
2204 3187 2367 3225 accu-

795 3277 996 3330 satum,
1035 3268 1196 3335 inque
1235 3267 1563 3318 monachum
1589 3265 1847 3318 detondet
1879 3280 2002 3318 cum
2032 3264 2365 3334 Theophane

795 3360 1046 3416 TichiOte
1067 3368 1118 3414 et
1141 3359 1309 3413 Paulo
1341 3359 1828 3428 OrphanotrOpho,
1856 3358 2004 3412 illius
2024 3359 2361 3412 domesticis.

863 3533 918 3586 5.
964 3533 1246 3586 Romanus
1276 3533 1593 3601 imperator.
1632 3532 1759 3585 dum
1810 3533 2108 3588 solenmem
2148 3547 2370 3602 proces-

791 3643 912 3681 sum
942 3629 1008 3680 ad
1038 3628 1396 3681 tribunalium
1440 3628 1624 3689 habet,
1662 3627 1876 3682 cunctis
1913 3628 2022 3681 illic
2049 3627 2368 3681 cohortihus

789 3733 914 3771 cum
941 3719 1111 3770 armis
1133 3718 1476 3787 congregatis
1509 3717 1891 3785 recensitoque
1914 3716 2181 3780 exercitu,
2206 3716 2370 3786 399

789 3826 956 3878 qnam
1004 3810 1288 3863 celerrime
1319 3825 1377 3862 se
1405 3810 1520 3878 ipse
1562 3809 1764 3876 pariter
1792 3825 1855 3862 ac
1888 3809 2281 3863 Constantinus
2314 3811 2365 3862 in

790 3901 1053 3968 palatium
1126 3911 1468 3968 receperunt.
1537 3899 1760 3954 Delatus
1817 3902 1960 3953 enim
2020 3901 2288 3954 Arsenius
2337 3915 2368 3954 a

794 3993 973 4044 Leone
1005 3991 1127 4060 ejus
1161 3989 1389 4053 famulo,
1424 3999 1474 4044 et
1506 3989 1710 4044 Paulus
1740 3991 2092 4059 manglabita,
2141 3992 2372 4046 insidias

791 4091 1025 4137 struere.
1083 4081 1222 4134 Hine
1264 4082 1584 4135 verberibus
1629 4083 1862 4146 subacti,
1902 4097 1966 4136 ac
2005 4082 2164 4137 bonis
2199 4085 2373 4152 publi-

787 4174 968 4237 catis,
1025 4174 1219 4227 exsilio
1271 4175 1488 4242 relegati
1554 4183 1704 4228 sunt.
1765 4175 1890 4228 Erat
1952 4186 2081 4229 tunc
2134 4177 2373 4229 admini-

791 4264 1027 4320 stranda:
1064 4265 1380 4332 reipublicae
1427 4265 1646 4331 adjutor
1685 4281 1748 4319 ac
1787 4267 2091 4336 subadjnva
2130 4266 2372 4323 Joannes

791 4358 1078 4426 presbyter
1108 4368 1308 4410 rector.
1370 4358 1419 4410 ls
1454 4357 1690 4411 Leonem
1753 4361 1963 4413 Arsenii
2012 4361 2372 4416 domesticum

793 4449 1278 4502 hebdomadarium
1321 4451 1470 4514 fecit,
1505 4452 1557 4503 in
1593 4452 1943 4515 imperatoris
1977 4455 2208 4522 gratiam
2246 4472 2372 4510 eum

2501 2072 2818 2142 Ἰανουαρίῳ
2851 2069 2926 2137 ς’,
2964 2073 3030 2143 τῇ
3071 2070 3177 2123 τῶν
3212 2071 3384 2138 ἁγίων
3407 2069 3608 2122 Φὼτων
3641 2071 3824 2141 ἡμέρᾳ
3875 2072 4063 2138 στέφει

2477 2167 2763 2236 Θεοδώραν
2788 2165 2885 2236 τὴν
2909 2168 3143 2233 γυναῖκα
3173 2164 3362 2217 αὐτοῦ.
3390 2165 3553 2232 Μαΐῳ
3581 2164 3636 2216 δὲ
3670 2167 3796 2234 μηνὶ⁵
3826 2163 3889 2227 ιζ’
3943 2164 4063 2216 στέ-

2477 2277 2567 2327 φει
2603 2259 2975 2328 Χριστοφόρον
2992 2256 3084 2308 τὸν
3124 2256 3239 2308 υἱὸν
3266 2255 3431 2307 αὑτοῦ
3466 2256 3555 2307 διὰ
3587 2255 3847 2325 βασιλέως
3867 2259 3931 2325 τῇ
3959 2258 4063 2323 τῆς

2474 2351 2641 2419 ἁγίας
2673 2347 3054 2419 Πεντηκοστῆς
3083 2347 3290 2417 ἡμέρᾳ,
3321 2347 3415 2398 καὶ
3450 2346 3599 2414 μόνοι
3625 2346 3719 2398 δύο
3739 2347 3783 2378 ⁸⁸
3800 2349 3858 2398 ὲν
3874 2350 3937 2416 τῇ
3962 2348 4066 2399 αὐ-

2487 2445 2553 2513 τῇ
2580 2441 2898 2512 προελεύσει
2930 2439 3222 2510 προῆλθον.
3271 2438 3475 2508 Ἰουλίῳ
3505 2437 3560 2491 δὲ
3591 2439 3743 2508 μηνὶ,
3793 2441 4066 2492 ίνδικτιῶ-

2473 2552 2564 2598 νος
2583 2542 2655 2605 η’,
2688 2535 2876 2605 ἡμέρα
2901 2534 3227 2603 Κυριακῇ,ή
3259 2532 3358 2601 τῆς
3389 2532 3721 2600 Ἐκκλησίας
3737 2533 3890 2601 παρὰ
3931 2533 4068 2584 Ῥω-

2475 2627 2646 2697 μανοῦ
2677 2627 2900 2694 γέγονεν
2952 2625 3146 2686 ἔνωσις
3169 2663 3182 2686 ,
3210 2621 3466 2675 ἁπάντων
3510 2623 3818 2675 ἑνωθέντων
3859 2640 4068 2691 μητρο-

2473 2719 2706 2772 πολιτῶν
2733 2735 2792 2769 τε
2813 2717 2907 2769 καὶ
2946 2715 3225 2786 κληρικῶν
3255 2714 3364 2768 τῶν
3401 2714 3509 2768 ἀπὸ
3539 2714 3811 2769 Νικολάου
3865 2731 4070 2783 πατρι-

2472 2815 2641 2884 άρχου
2681 2812 2773 2865 καὶ
2799 2809 3072 2879 Εὑθυμίου
3108 2806 3519 2877 διεσχισμένων.

2545 2994 2611 3065 β’,
2653 2993 2846 3065 ὀγδόῃ
2874 2990 2932 3043 δὲ
2975 2987 3344 3059 Φεῦρουαρίου
3378 2985 3565 3056 μηνὸς,
3613 2983 3945 3046 ἰνδικτιῶνος
4000 2983 4070 3044 θ’.

2471 3085 2800 3146 ἀποστείλας
2849 3083 3129 3151 Ῥωμανὸς
3157 3077 3475 3149 ὑπερορίζει
3528 3078 3798 3144 Στέφανον
3822 3077 3920 3144 τῆς
3948 3078 4072 3129 Ka-

2469 3179 2735 3248 λομαρίας
2762 3178 2805 3208 ⁸⁸
2828 3178 2909 3238 εἰς
2936 3175 3036 3244 τὴν
3079 3171 3384 3238 Ἀντιγόνου
3425 3170 3608 3238 νῆσον,
3654 3170 3728 3230 ὠς
3755 3169 3853 3236 τῆς
3901 3168 4070 3238 βασι-

2469 3271 2620 3331 λείας
2643 3267 2891 3336 ἐφίεσθαι
2913 3263 3388 3333 κατηγορηθέντα,
3450 3261 3684 3332 μοναχὸν
3722 3261 3888 3313 αὑτὸν
3928 3262 4072 3314 ἀπο-

2388 3320 2434 3385 C
2681 3320 2796 3429 ἃμα
2831 3320 3092 3425 Θεοφάνει
3116 3320 3388 3426 ’ἐειχιώτῄ
3416 3320 3512 3406 καὶ
3545 3320 3740 3422 Παύλῳ
3795 3352 4071 3421 ὐρςρεινο.

2466 3457 2653 3528 τρόφῳ
2687 3450 2993 3522 ἀνθρώποις
3021 3447 3210 3503 αὐτοῦ.

2537 3545 2606 3614 γ’.
2625 3544 2914 3613 Ἐποίησεν
2939 3542 2995 3593 δὲ
3013 3539 3289 3608 Ῥωμανὸς
3314 3539 3567 3608 βασιλεὺς
3582 3539 3885 3607 πρόκενσον
3911 3538 3976 3591 ὲν
3993 3539 4076 3608 τῷ

2481 3636 2858 3709 τριῦουναλίῳ,
2884 3631 3242 3704 συνηγμένων
3265 3630 3521 3683 ἁπάντων
3560 3631 3676 3699 μεθ’
3708 3629 3893 3683 ὅπλων
3925 3633 4077 3682 ἐκεῖ·

2472 3747 2555 3783 σε.
2607 3725 2920 3793 Ἀδνουμίου
2954 3724 3010 3776 δὲ
3052 3722 3347 3791 γενομένου
3422 3722 3690 3789 αἰφνίδιον
3779 3722 4079 3790 Ῥωμανος

2471 3822 2557 3895 [Ρ.
2582 3819 2715 3890 2471
2764 3820 2859 3870 καὶ
2922 3817 3327 3878 Κωνσταντῖνος
3357 3816 3512 3882 τάχει
3562 3813 3742 3883 πολλῷ
3768 3815 3847 3875 εἰς
3871 3813 3937 3865 τὸ
3969 3830 4076 3865 πα.

2473 3914 2660 3968 λάτιον
2696 3911 3057 3980 ὑποστρέφει.
3102 3907 3379 3977 Ἑμηνύθη
3414 3906 3523 3975 γὰρ
3550 3907 3697 3975 παρὰ
3720 3906 3953 3966 Λέοντος
3976 3909 4076 3960 ἀν-

2473 4005 2692 4076 θρώπου
2725 4002 2819 4056 τοῦ
2850 3999 3356 4072 ’Δρσενὶουὴαὺτοῦ
3388 3998 3660 4067 Ἀρσενίου
3691 3998 3960 4065 ἐπιϐουλὴ
3982 3998 4081 4050 καὶ

2477 4097 2691 4151 Παύλου
2737 4094 3144 4165 μαγγλαὸἰτου·
3176 4093 3226 4145 οἳ
3277 4091 3571 4159 τυφθέντες
3611 4092 3707 4144 καὶ
3758 4091 4080 4158 δημευθέν-

2474 4207 2563 4250 te;
2623 4186 3017 4256 ὲξωρίσθησαν.
3065 4180 3174 4236 Ἧν
3222 4183 3278 4236 δὲ
3327 4185 3449 4234 τότε
3506 4180 4018 4249 παραδυναστεύων
4056 4185 4083 4231 ὀ

2476 4278 2849 4349 πρεσσύτερος
2920 4275 3167 4342 Ἰωάννης
3205 4275 3232 4325 ὁ
3270 4273 3537 4340 ραίκτωρ,
3592 4271 3648 4333 ὃς
3712 4271 3927 4323 Λέοντα
3981 4272 4081 4321 τὸν

2479 4373 2574 4424 το]
2648 4369 2924 4439 ’Δρσενίου
2956 4367 3210 4436 ἐποίησεν
3267 4364 3693 4433 ἑϐδομαδάριον,
3737 4361 3816 4428 τῷ
3854 4360 4085 4428 βασιλεῖ

2477 4462 2668 4514 τοῦτον
2721 4457 3174 4529 προσοικειώσας.
3215 4454 3495 4523 Ῥωμανὸν
3524 4454 3579 4505 δὲ
3614 4453 3706 4505 τδν
3739 4453 3860 4504 υἱὸν
3899 4453 4081 4505 Λέον-

793 4539 1104 4593 insinuans.
1146 4539 1454 4594 Romanum
1487 4557 1614 4594 vero
1638 4539 1840 4595 Leonis
1869 4541 2064 4606 ﬁlium,
2110 4545 2184 4597 uti
2212 4561 2369 4614 supe-

2478 4568 2592 4616 ττς,
2633 4550 2707 4610 ὼς
2754 4547 2923 4616 ἔφθην
2985 4545 3173 4610 εἰπὼν,
3223 4544 3318 4596 τοῦ
3386 4542 3679 4611 Ἀργυροῠ,
3726 4541 4026 4610 Ῥωμανὸς
4057 4545 4084 4594 ὁ

791 4632 907 4684 rius
961 4631 1233 4696 dicebam,
1297 4633 1471 4684 virum
1537 4633 1662 4686 altis
1717 4633 1961 4687 humeris
2007 4649 2070 4688 ac
2124 4638 2369 4705 corporis

2482 4641 2739 4711 βασιλεὺς
2805 4637 3055 4707 γαμϐρὸν
3108 4639 3421 4704 ἐποιήσατο,
3485 4634 3652 4703 ἄνδρα
3709 4633 3842 4685 ὄντα
3891 4635 4082 4700 ὑπερ-

791 4725 1204 4793 pulchritudine
1248 4726 1535 4794 specieque
1570 4735 1624 4779 et
1661 4727 1972 4793 prudentia,
2023 4743 2145 4780 cum
2174 4729 2367 4795 primis

789 4833 922 4872 vero
951 4818 1424 4889 eleemosynarum
1455 4820 1637 4872 studio
1663 4829 1716 4873 et
1744 4819 1993 4888 largitate
2027 4831 2076 4874 el
2119 4821 2366 4891 benigni-

791 4918 900 4963 tate
947 4924 1012 4963 ac
1060 4910 1411 4979 simplicitate
1456 4910 1674 4980 egregie
1735 4920 2013 4975 ornatum,
2079 4911 2363 4968 Romanus

791 5001 1091 5072 imperator
1119 5002 1327 5071 Agatha
1357 5004 1463 5057 lilia
1492 5004 1542 5057 ei
1564 5001 1746 5058 locata
1777 5020 1944 5059 uxore
1967 5006 2071 5061 sibi
2099 5022 2359 5077 generum

791 5093 1070 5150 adsciscit.

861 5187 914 5240 4.
959 5185 1084 5240 Fuit
1137 5186 1435 5242 Rentacius
1475 5188 1696 5258 quidam
1733 5190 1818 5243 vir
1854 5189 2033 5244 Attica
2070 5191 2363 5258 oriundus,

789 5277 992 5332 Nieeta:
1011 5278 1241 5347 patricio
1269 5279 1554 5348 sanguinis
1579 5280 1988 5335 necessitudine
2015 5282 2366 5351 conjunctus,

794 5372 962 5424 homo
994 5370 1241 5425 insolens
1268 5380 1322 5424 et
1354 5371 1648 5440 parricida.
1687 5371 1738 5425 ls
1774 5386 1897 5426 cum
1951 5382 2153 5440 patrem
2184 5389 2368 5436 suum,

792 5479 979 5517 necem
1019 5463 1068 5518 ei
1105 5463 1378 5526 illaturus,
1431 5475 1871 5533 persequeretur,
1922 5478 1986 5518 ac
2028 5474 2180 5535 pater
2228 5467 2373 5520 illius

796 5553 903 5607 vim
934 5553 1287 5626 furoremque
1324 5556 1538 5627 fugiens
1569 5571 1869 5612 censcensa
1913 5560 2036 5612 navi
2079 5573 2112 5612 a
2141 5557 2372 5613 Sarace—

2475 4736 2666 4804 ώμιον,
2700 4732 2792 4784 καὶ
2825 4730 3010 4783 κάλλει
3046 4728 3295 4796 σώματος
3328 4727 3421 4779 καὶ
3453 4727 3564 4796 ἰδέᾳ
3585 4727 3677 4779 καὶ
3705 4726 3928 4778 συνέσει
3985 4729 4086 4778 καὶ

2476 4828 2718 4897 μάλιστα
2754 4825 2818 4892 τῇ
2873 4810 3216 4890 ἑλέημοσύνῃ
3266 4820 3362 4871 καὶ
3407 4819 3648 4870 ἐπιδόσει
3694 4819 3789 4869 καὶ
3825 4821 3893 4886 τῇ
3938 4818 4088 4884 ἀγαο

2471 4921 2654 4990 θότητι
2708 4918 2800 4968 καὶ
2847 4913 3109 4983 ἁπλότητι
3159 4912 3554 4982 κοσμούμενον,
3583 4911 3706 4972 δοὺς
3756 4911 3915 4980 αὑτῷ
3979 4913 4088 4979 τὴν

2469 5007 2748 5078 θυγατέρα
2771 5005 2934 5059 αὑτοῦ
2995 5003 3254 5073 Ἀγὰθην.
3339 5052 3344 5062 ,

2536 5194 2598 5248 δ’.
2649 5193 2899 5259 Ἐγένετὸ
2924 5209 3010 5254 τις
3060 5190 3370 5251 Ῥεντάκιος
3414 5186 3720 5248 Ἐλλαδικδς
3750 5229 3762 5247 ,
3795 5187 4086 5254 συγγενὴς

2483 5288 2558 5339 ὢν
2605 5288 2818 5356 Νικήτα
2846 5285 2940 5339 τοῦ
2975 5285 3266 5353 πατρικίου
3289 5324 3302 5344 ,
3338 5281 3662 5342 ἀπαίδευτος
3719 5279 3778 5332 δὲ
3805 5281 3909 5332 καὶ
3973 5298 4059 5331 ττα

2479 5378 2734 5448 τραλοίας
2755 5395 2768 5409 ⁸
2801 5378 2860 5440 ὃς
2887 5377 2977 5429 τὸν
3006 5373 3435 5444 ὲαυτοῦτπατέρα
3473 5370 3833 5424 καταδιώκων
3871 5370 4086 5440 φονεῦ-

2479 5489 2592 5535 σαι,
2637 5456 3178 5541 ἐπειδήπεριὶκείνος
3217 5467 3437 5535 φεύγων
3466 5463 3631 5518 αὐτοῦ
3673 5463 3773 5530 τὴν
3817 5461 4088 5514 ἐπίθεσιν

2484 5564 2542 5614 ἐν
2600 5563 2773 5634 πλοίῳ
2825 5560 3083 5617 εἰσελθὼν
3129 5558 3345 5626 ἐξέπλει
3388 5558 3484 5612 ναὶ
3530 5559 3679 5625 παρὶ
3721 5556 4086 5625 Σαρακηνιρπι

2115 5720 2347 5774 ΥΛΙΗᾹ]
2396 5721 2792 5781 LECTIONES.

869 5806 910 5834 η
941 5806 1089 5874 μόνοι
1118 5808 1164 5859 οἱ
1204 5808 1332 5861 δύοῖ
1406 5810 1447 5841 ⁵³
1480 5811 1839 5879 Καλαμϋρίας
1884 5810 1941 5874 l‘,
1983 5812 2342 5883 Καλοξιαρίας
2375 5829 2578 5885 margo.
