  <div class='ocr_page' id='page_1' title='image "/cluster/home/n/w/nwhite01/storage/ocr_20150623/109/nnc1.0046979867/217.png"; bbox 0 0 4154 6450; ppageno 0'>
   <div class='ocr_carea' id='block_1_1' title="bbox 773 398 880 460">
    <p class='ocr_par' dir='ltr' id='par_1_1' title="bbox 773 398 880 460">
     <span class='ocr_line' id='line_1_1' title="bbox 773 398 880 460; baseline 0.009 -2"><span class='ocrx_word' id='word_1_1' title='bbox 773 398 880 460; x_wconf 67' lang='grc' dir='ltr'><strong>άῖῑ)</strong></span> 
     </span>
    </p>
   </div>
   <div class='ocr_carea' id='block_1_2' title="bbox 1899 389 2998 452">
    <p class='ocr_par' dir='ltr' id='par_1_2' title="bbox 1899 389 2998 452">
     <span class='ocr_line' id='line_1_2' title="bbox 1899 389 2998 452; baseline -0.001 -1"><span class='ocrx_word' id='word_1_2' title='bbox 1899 389 2407 451; x_wconf 77' lang='lat' dir='ltr'><strong>&#39;I&#39;HEOPIIANES</strong></span> <span class='ocrx_word' id='word_1_3' title='bbox 2445 390 2998 452; x_wconf 72' lang='lat' dir='ltr'><strong>CONTINUATUS.</strong></span> 
     </span>
    </p>
   </div>
   <div class='ocr_carea' id='block_1_3' title="bbox 3943 389 4053 448">
    <p class='ocr_par' dir='ltr' id='par_1_3' title="bbox 3943 389 4053 448">
     <span class='ocr_line' id='line_1_3' title="bbox 3943 389 4053 448; baseline -0.073 1"><span class='ocrx_word' id='word_1_4' title='bbox 3943 389 3970 448; x_wconf 71' lang='grc'><strong>4</strong></span> <span class='ocrx_word' id='word_1_5' title='bbox 3986 390 4053 446; x_wconf 71' lang='grc' dir='ltr'><strong>,ξη</strong></span> 
     </span>
    </p>
   </div>
   <div class='ocr_carea' id='block_1_4' title="bbox 776 499 2367 576">
    <p class='ocr_par' dir='ltr' id='par_1_4' title="bbox 776 502 2367 576">
     <span class='ocr_line' id='line_1_4' title="bbox 776 502 2367 576; baseline -0.006 -13"><span class='ocrx_word' id='word_1_6' title='bbox 776 508 1046 563; x_wconf 78' lang='lat' dir='ltr'><strong>Photinus</strong></span> <span class='ocrx_word' id='word_1_7' title='bbox 1097 504 1408 576; x_wconf 71' lang='lat' dir='ltr'><strong>Platypodis</strong></span> <span class='ocrx_word' id='word_1_8' title='bbox 1449 502 1592 557; x_wconf 75' lang='lat' dir='ltr'><strong>[ilius</strong></span> <span class='ocrx_word' id='word_1_9' title='bbox 1623 502 1746 572; x_wconf 85' lang='lat' dir='ltr'><strong>ejus</strong></span> <span class='ocrx_word' id='word_1_10' title='bbox 1793 502 1980 556; x_wconf 89' lang='lat' dir='ltr'><strong>tuendi</strong></span> <span class='ocrx_word' id='word_1_11' title='bbox 2027 516 2198 556; x_wconf 90' lang='lat' dir='ltr'><strong>causa</strong></span> <span class='ocrx_word' id='word_1_12' title='bbox 2239 517 2367 555; x_wconf 85' lang='lat' dir='ltr'><strong>ron-</strong></span> 
     </span>
    </p>
   </div>
   <div class='ocr_carea' id='block_1_5' title="bbox 2468 499 4053 576">
    <p class='ocr_par' dir='ltr' id='par_1_5' title="bbox 2477 499 4053 573">
     <span class='ocr_line' id='line_1_5' title="bbox 2477 499 4053 573; baseline -0.002 -18"><span class='ocrx_word' id='word_1_13' title='bbox 2477 521 2644 573; x_wconf 84' lang='grc' dir='ltr'>κτωρ,</span> <span class='ocrx_word' id='word_1_14' title='bbox 2673 506 2967 571; x_wconf 68' lang='grc' dir='ltr'>σφάττεται</span> <span class='ocrx_word' id='word_1_15' title='bbox 2995 503 3052 557; x_wconf 80' lang='grc' dir='ltr'><strong>δὲ</strong></span> <span class='ocrx_word' id='word_1_16' title='bbox 3092 502 3233 570; x_wconf 82' lang='grc' dir='ltr'>ὑπὲρ</span> <span class='ocrx_word' id='word_1_17' title='bbox 3263 501 3454 554; x_wconf 74' lang='grc' dir='ltr'>τούτου</span> <span class='ocrx_word' id='word_1_18' title='bbox 3479 499 3881 569; x_wconf 70' lang='grc' dir='ltr'>ἀγωνιζόμενος</span> <span class='ocrx_word' id='word_1_19' title='bbox 3925 499 4053 552; x_wconf 72' lang='grc' dir='ltr'><strong>Φω-</strong></span> 
     </span>
    </p>
   </div>
   <div class='ocr_carea' id='block_1_6' title="bbox 780 592 2367 665">
    <p class='ocr_par' dir='ltr' id='par_1_6' title="bbox 780 592 2367 665">
     <span class='ocr_line' id='line_1_6' title="bbox 780 592 2367 665; baseline -0.006 -11"><span class='ocrx_word' id='word_1_20' title='bbox 780 599 1042 654; x_wconf 83' lang='lat' dir='ltr'><strong>certando</strong></span> <span class='ocrx_word' id='word_1_21' title='bbox 1076 606 1324 660; x_wconf 86' lang='lat' dir='ltr'><strong>necatur,</strong></span> <span class='ocrx_word' id='word_1_22' title='bbox 1365 596 1568 665; x_wconf 94' lang='lat' dir='ltr'><strong>aliique</strong></span> <span class='ocrx_word' id='word_1_23' title='bbox 1599 595 1776 647; x_wconf 82' lang='lat' dir='ltr'><strong>nnilii.</strong></span> <span class='ocrx_word' id='word_1_24' title='bbox 1815 593 2014 646; x_wconf 81' lang='lat' dir='ltr'><strong>lteetor</strong></span> <span class='ocrx_word' id='word_1_25' title='bbox 2039 592 2203 660; x_wconf 82' lang='lat' dir='ltr'><strong>igitur</strong></span> <span class='ocrx_word' id='word_1_26' title='bbox 2226 605 2367 660; x_wconf 65' lang='lat' dir='ltr'><strong>aegre</strong></span> 
     </span>
    </p>
   </div>
   <div class='ocr_carea' id='block_1_7' title="bbox 776 682 2366 751">
    <p class='ocr_par' dir='ltr' id='par_1_7' title="bbox 776 682 2366 751">
     <span class='ocr_line' id='line_1_7' title="bbox 776 682 2366 751; baseline -0.007 -6"><span class='ocrx_word' id='word_1_27' title='bbox 776 699 1025 745; x_wconf 88' lang='lat' dir='ltr'><strong>servatus</strong></span> <span class='ocrx_word' id='word_1_28' title='bbox 1061 689 1110 741; x_wconf 92' lang='lat' dir='ltr'><strong>in</strong></span> <span class='ocrx_word' id='word_1_29' title='bbox 1143 688 1380 742; x_wconf 88' lang='lat' dir='ltr'><strong>celocem</strong></span> <span class='ocrx_word' id='word_1_30' title='bbox 1414 688 1616 740; x_wconf 90' lang='lat' dir='ltr'><strong>evadit.</strong></span> <span class='ocrx_word' id='word_1_31' title='bbox 1659 683 1818 737; x_wconf 78' lang='lat' dir='ltr'><strong>Venit</strong></span> <span class='ocrx_word' id='word_1_32' title='bbox 1857 697 1983 738; x_wconf 85' lang='lat' dir='ltr'><strong>vero</strong></span> <span class='ocrx_word' id='word_1_33' title='bbox 2012 691 2066 736; x_wconf 89' lang='lat' dir='ltr'><strong>et</strong></span> <span class='ocrx_word' id='word_1_34' title='bbox 2097 683 2213 750; x_wconf 91' lang='lat' dir='ltr'><strong>ipse</strong></span> <span class='ocrx_word' id='word_1_35' title='bbox 2243 682 2366 751; x_wconf 78' lang='lat' dir='ltr'><strong>fuga</strong></span> 
     </span>
    </p>
   </div>
   <div class='ocr_carea' id='block_1_8' title="bbox 777 773 2364 850">
    <p class='ocr_par' dir='ltr' id='par_1_8' title="bbox 777 773 2364 850">
     <span class='ocr_line' id='line_1_8' title="bbox 777 773 2364 850; baseline -0.007 -13"><span class='ocrx_word' id='word_1_36' title='bbox 777 784 1024 850; x_wconf 80' lang='lat' dir='ltr'><strong>dilapsus</strong></span> <span class='ocrx_word' id='word_1_37' title='bbox 1057 780 1228 834; x_wconf 86' lang='lat' dir='ltr'><strong>armis</strong></span> <span class='ocrx_word' id='word_1_38' title='bbox 1262 779 1442 847; x_wconf 77' lang='lat' dir='ltr'><strong>gravis</strong></span> <span class='ocrx_word' id='word_1_39' title='bbox 1501 776 1726 830; x_wconf 81' lang='lat' dir='ltr'><strong>Alexius</strong></span> <span class='ocrx_word' id='word_1_40' title='bbox 1769 775 2106 844; x_wconf 82' lang='lat' dir='ltr'><strong>drungarius</strong></span> <span class='ocrx_word' id='word_1_41' title='bbox 2139 773 2364 827; x_wconf 62' lang='lat' dir='ltr'><strong>Musele»</strong></span> 
     </span>
    </p>
   </div>
   <div class='ocr_carea' id='block_1_9' title="bbox 781 867 2366 928">
    <p class='ocr_par' dir='ltr' id='par_1_9' title="bbox 781 867 2366 928">
     <span class='ocr_line' id='line_1_9' title="bbox 781 867 2366 928; baseline -0.005 -2"><span class='ocrx_word' id='word_1_42' title='bbox 781 891 877 928; x_wconf 77' lang='lat' dir='ltr'><strong>nec</strong></span> <span class='ocrx_word' id='word_1_43' title='bbox 934 889 1057 924; x_wconf 85' lang='lat' dir='ltr'><strong>cum</strong></span> <span class='ocrx_word' id='word_1_44' title='bbox 1093 871 1173 924; x_wconf 84' lang='lat' dir='ltr'><strong>eis</strong></span> <span class='ocrx_word' id='word_1_45' title='bbox 1217 870 1416 924; x_wconf 77' lang='lat' dir='ltr'><strong>relocis</strong></span> <span class='ocrx_word' id='word_1_46' title='bbox 1451 869 1653 922; x_wconf 91' lang='lat' dir='ltr'><strong>scalam</strong></span> <span class='ocrx_word' id='word_1_47' title='bbox 1689 869 1974 921; x_wconf 82' lang='lat' dir='ltr'><strong>commode</strong></span> <span class='ocrx_word' id='word_1_48' title='bbox 2025 867 2159 920; x_wconf 89' lang='lat' dir='ltr'><strong>satis</strong></span> <span class='ocrx_word' id='word_1_49' title='bbox 2203 881 2366 918; x_wconf 81' lang='lat' dir='ltr'><strong>scan-</strong></span> 
     </span>
    </p>
   </div>
   <div class='ocr_carea' id='block_1_10' title="bbox 776 958 2368 1027">
    <p class='ocr_par' dir='ltr' id='par_1_10' title="bbox 776 958 2368 1027">
     <span class='ocr_line' id='line_1_10' title="bbox 776 958 2368 1027; baseline -0.006 -11"><span class='ocrx_word' id='word_1_50' title='bbox 776 968 904 1016; x_wconf 82' lang='lat' dir='ltr'><strong>dere</strong></span> <span class='ocrx_word' id='word_1_51' title='bbox 929 966 1134 1026; x_wconf 80' lang='lat' dir='ltr'><strong>valens,</strong></span> <span class='ocrx_word' id='word_1_52' title='bbox 1167 978 1271 1014; x_wconf 88' lang='lat' dir='ltr'><strong>una</strong></span> <span class='ocrx_word' id='word_1_53' title='bbox 1298 975 1421 1014; x_wconf 89' lang='lat' dir='ltr'><strong>cum</strong></span> <span class='ocrx_word' id='word_1_54' title='bbox 1455 973 1556 1013; x_wconf 89' lang='lat' dir='ltr'><strong>suo</strong></span> <span class='ocrx_word' id='word_1_55' title='bbox 1591 958 2097 1027; x_wconf 80' lang='lat' dir='ltr'><strong>protomandatore,</strong></span> <span class='ocrx_word' id='word_1_56' title='bbox 2127 970 2368 1024; x_wconf 66' lang='lat' dir='ltr'><strong>praeceps</strong></span> 
     </span>
    </p>
   </div>
   <div class='ocr_carea' id='block_1_11' title="bbox 778 1046 2364 1119">
    <p class='ocr_par' dir='ltr' id='par_1_11' title="bbox 778 1046 2364 1119">
     <span class='ocr_line' id='line_1_11' title="bbox 778 1046 2364 1119; baseline -0.008 -10"><span class='ocrx_word' id='word_1_57' title='bbox 778 1057 832 1109; x_wconf 89' lang='lat' dir='ltr'><strong>in</strong></span> <span class='ocrx_word' id='word_1_58' title='bbox 871 1071 1017 1108; x_wconf 88' lang='lat' dir='ltr'><strong>:nare</strong></span> <span class='ocrx_word' id='word_1_59' title='bbox 1045 1064 1224 1114; x_wconf 90' lang='lat' dir='ltr'><strong>actus,</strong></span> <span class='ocrx_word' id='word_1_60' title='bbox 1256 1052 1415 1119; x_wconf 83' lang='lat' dir='ltr'><strong>aquis</strong></span> <span class='ocrx_word' id='word_1_61' title='bbox 1451 1050 1750 1103; x_wconf 63' lang='lat' dir='ltr'><strong>sutl‘ocatus</strong></span> <span class='ocrx_word' id='word_1_62' title='bbox 1778 1058 1883 1102; x_wconf 89' lang='lat' dir='ltr'><strong>est.</strong></span> <span class='ocrx_word' id='word_1_63' title='bbox 1936 1048 2112 1100; x_wconf 83' lang='lat' dir='ltr'><strong>Ambo</strong></span> <span class='ocrx_word' id='word_1_64' title='bbox 2150 1046 2364 1115; x_wconf 77' lang='lat' dir='ltr'><strong>Argyri,</strong></span> 
     </span>
    </p>
   </div>
   <div class='ocr_carea' id='block_1_12' title="bbox 775 1137 2364 1209">
    <p class='ocr_par' dir='ltr' id='par_1_12' title="bbox 775 1137 2364 1209">
     <span class='ocr_line' id='line_1_12' title="bbox 775 1137 2364 1209; baseline -0.005 -12"><span class='ocrx_word' id='word_1_65' title='bbox 775 1164 898 1200; x_wconf 84' lang='lat' dir='ltr'><strong>rum</strong></span> <span class='ocrx_word' id='word_1_66' title='bbox 933 1147 1143 1198; x_wconf 74' lang='lat' dir='ltr'><strong>scilicet</strong></span> <span class='ocrx_word' id='word_1_67' title='bbox 1176 1141 1384 1195; x_wconf 86' lang='lat' dir='ltr'><strong>Pollius</strong></span> <span class='ocrx_word' id='word_1_68' title='bbox 1419 1151 1527 1193; x_wconf 91' lang='lat' dir='ltr'><strong>tum</strong></span> <span class='ocrx_word' id='word_1_69' title='bbox 1566 1139 1672 1194; x_wconf 84' lang='lat' dir='ltr'><strong>Leo</strong></span> <span class='ocrx_word' id='word_1_70' title='bbox 1698 1139 1860 1209; x_wconf 51' lang='lat'><strong>[‘02</strong></span> <span class='ocrx_word' id='word_1_71' title='bbox 1913 1138 2196 1203; x_wconf 73' lang='lat' dir='ltr'><strong>patricius,</strong></span> <span class='ocrx_word' id='word_1_72' title='bbox 2241 1137 2364 1204; x_wconf 82' lang='lat' dir='ltr'><strong>l&#39;uga</strong></span> 
     </span>
    </p>
   </div>
   <div class='ocr_carea' id='block_1_13' title="bbox 777 1220 2367 1301">
    <p class='ocr_par' dir='ltr' id='par_1_13' title="bbox 777 1220 2367 1301">
     <span class='ocr_line' id='line_1_13' title="bbox 777 1220 2367 1301; baseline -0.006 -8"><span class='ocrx_word' id='word_1_73' title='bbox 777 1220 829 1293; x_wconf 84' lang='lat' dir='ltr'><strong>in</strong></span> <span class='ocrx_word' id='word_1_74' title='bbox 867 1239 1149 1293; x_wconf 78' lang='lat' dir='ltr'><strong>castellum</strong></span> <span class='ocrx_word' id='word_1_75' title='bbox 1185 1242 1495 1290; x_wconf 76' lang='lat' dir='ltr'><strong>evaserunt.</strong></span> <span class='ocrx_word' id='word_1_76' title='bbox 1537 1228 1767 1286; x_wconf 79' lang='lat' dir='ltr'><strong>Navalcs</strong></span> <span class='ocrx_word' id='word_1_77' title='bbox 1815 1248 1877 1284; x_wconf 79' lang='lat' dir='ltr'><strong>ac</strong></span> <span class='ocrx_word' id='word_1_78' title='bbox 1910 1232 2132 1301; x_wconf 72' lang='lat' dir='ltr'><strong>reliqum</strong></span> <span class='ocrx_word' id='word_1_79' title='bbox 2175 1246 2367 1284; x_wconf 85' lang='lat' dir='ltr'><strong>omnes</strong></span> 
     </span>
    </p>
   </div>
   <div class='ocr_carea' id='block_1_14' title="bbox 776 1323 2365 1401">
    <p class='ocr_par' dir='ltr' id='par_1_14' title="bbox 776 1323 2365 1401">
     <span class='ocr_line' id='line_1_14' title="bbox 776 1323 2365 1401; baseline -0.007 -14"><span class='ocrx_word' id='word_1_80' title='bbox 776 1335 945 1401; x_wconf 76' lang='lat' dir='ltr'><strong>cupi-.c</strong></span> <span class='ocrx_word' id='word_1_81' title='bbox 1015 1333 1209 1399; x_wconf 88' lang='lat' dir='ltr'><strong>partim</strong></span> <span class='ocrx_word' id='word_1_82' title='bbox 1273 1327 1510 1380; x_wconf 88' lang='lat' dir='ltr'><strong>hostium</strong></span> <span class='ocrx_word' id='word_1_83' title='bbox 1556 1339 1752 1378; x_wconf 89' lang='lat' dir='ltr'><strong>manus</strong></span> <span class='ocrx_word' id='word_1_84' title='bbox 1815 1323 2053 1392; x_wconf 71' lang='lat' dir='ltr'><strong>effugere</strong></span> <span class='ocrx_word' id='word_1_85' title='bbox 2085 1323 2365 1377; x_wconf 90' lang='lat' dir='ltr'><strong>studentes</strong></span> 
     </span>
    </p>
   </div>
   <div class='ocr_carea' id='block_1_15' title="bbox 779 1416 2362 1487">
    <p class='ocr_par' dir='ltr' id='par_1_15' title="bbox 779 1416 2362 1487">
     <span class='ocr_line' id='line_1_15' title="bbox 779 1416 2362 1487; baseline -0.007 -10"><span class='ocrx_word' id='word_1_86' title='bbox 779 1427 832 1478; x_wconf 94' lang='lat' dir='ltr'><strong>in</strong></span> <span class='ocrx_word' id='word_1_87' title='bbox 886 1426 1020 1476; x_wconf 89' lang='lat' dir='ltr'><strong>mari</strong></span> <span class='ocrx_word' id='word_1_88' title='bbox 1073 1421 1359 1475; x_wconf 67' lang='lat' dir='ltr'><strong>exstincta:</strong></span> <span class='ocrx_word' id='word_1_89' title='bbox 1406 1425 1554 1481; x_wconf 91' lang='lat' dir='ltr'><strong>sunt,</strong></span> <span class='ocrx_word' id='word_1_90' title='bbox 1598 1419 1793 1487; x_wconf 86' lang='lat' dir='ltr'><strong>partim</strong></span> <span class='ocrx_word' id='word_1_91' title='bbox 1857 1417 1998 1469; x_wconf 76' lang='lat' dir='ltr'><strong>ferro</strong></span> <span class='ocrx_word' id='word_1_92' title='bbox 2049 1416 2362 1484; x_wconf 85' lang='lat' dir='ltr'><strong>perierunt,</strong></span> 
     </span>
    </p>
   </div>
   <div class='ocr_carea' id='block_1_16' title="bbox 776 1506 2364 1586">
    <p class='ocr_par' dir='ltr' id='par_1_16' title="bbox 776 1506 2364 1586">
     <span class='ocr_line' id='line_1_16' title="bbox 776 1506 2364 1586; baseline -0.006 -16"><span class='ocrx_word' id='word_1_93' title='bbox 776 1518 972 1586; x_wconf 81' lang='lat' dir='ltr'><strong>partim</strong></span> <span class='ocrx_word' id='word_1_94' title='bbox 1041 1515 1184 1583; x_wconf 84' lang='lat' dir='ltr'><strong>capti</strong></span> <span class='ocrx_word' id='word_1_95' title='bbox 1240 1529 1267 1566; x_wconf 88' lang='lat' dir='ltr'><strong>a</strong></span> <span class='ocrx_word' id='word_1_96' title='bbox 1325 1511 1572 1580; x_wconf 83' lang='lat' dir='ltr'><strong>Bulgaris</strong></span> <span class='ocrx_word' id='word_1_97' title='bbox 1646 1519 1794 1564; x_wconf 90' lang='lat' dir='ltr'><strong>sunt.</strong></span> <span class='ocrx_word' id='word_1_98' title='bbox 1861 1509 2085 1561; x_wconf 86' lang='lat' dir='ltr'><strong>Dernnm</strong></span> <span class='ocrx_word' id='word_1_99' title='bbox 2143 1506 2364 1577; x_wconf 81' lang='lat' dir='ltr'><strong>Bulgari</strong></span> 
     </span>
    </p>
   </div>
   <div class='ocr_carea' id='block_1_17' title="bbox 777 1599 2370 1673">
    <p class='ocr_par' dir='ltr' id='par_1_17' title="bbox 777 1599 2370 1673">
     <span class='ocr_line' id='line_1_17' title="bbox 777 1599 2370 1673; baseline -0.007 -10"><span class='ocrx_word' id='word_1_100' title='bbox 777 1611 995 1664; x_wconf 89' lang='lat' dir='ltr'><strong>nemine</strong></span> <span class='ocrx_word' id='word_1_101' title='bbox 1019 1609 1123 1662; x_wconf 92' lang='lat' dir='ltr'><strong>illis</strong></span> <span class='ocrx_word' id='word_1_102' title='bbox 1147 1607 1442 1662; x_wconf 86' lang='lat' dir='ltr'><strong>obsistente</strong></span> <span class='ocrx_word' id='word_1_103' title='bbox 1461 1605 1636 1673; x_wconf 87' lang='lat' dir='ltr'><strong>regias</strong></span> <span class='ocrx_word' id='word_1_104' title='bbox 1652 1601 1913 1671; x_wconf 85' lang='lat' dir='ltr'><strong>charnm</strong></span> <span class='ocrx_word' id='word_1_105' title='bbox 1941 1603 2083 1655; x_wconf 71' lang='lat' dir='ltr'><strong>mdes</strong></span> <span class='ocrx_word' id='word_1_106' title='bbox 2112 1599 2370 1654; x_wconf 82' lang='lat' dir='ltr'><strong>incende-</strong></span> 
     </span>
    </p>
   </div>
   <div class='ocr_carea' id='block_1_18' title="bbox 778 1690 2367 1767">
    <p class='ocr_par' dir='ltr' id='par_1_18' title="bbox 778 1690 2367 1767">
     <span class='ocr_line' id='line_1_18' title="bbox 778 1690 2367 1767; baseline -0.009 -11"><span class='ocrx_word' id='word_1_107' title='bbox 778 1711 906 1756; x_wconf 86' lang='lat' dir='ltr'><strong>runt</strong></span> <span class='ocrx_word' id='word_1_108' title='bbox 952 1710 1234 1767; x_wconf 86' lang='lat' dir='ltr'><strong>totumque</strong></span> <span class='ocrx_word' id='word_1_109' title='bbox 1264 1696 1487 1750; x_wconf 87' lang='lat' dir='ltr'><strong>Stenum</strong></span> <span class='ocrx_word' id='word_1_110' title='bbox 1522 1694 1628 1763; x_wconf 85' lang='lat' dir='ltr'><strong>igni</strong></span> <span class='ocrx_word' id='word_1_111' title='bbox 1663 1701 2035 1746; x_wconf 87' lang='lat' dir='ltr'><strong>vastaverunt.</strong></span> <span class='ocrx_word' id='word_1_112' title='bbox 2075 1690 2164 1745; x_wconf 85' lang='lat' dir='ltr'><strong>Sic</strong></span> <span class='ocrx_word' id='word_1_113' title='bbox 2206 1690 2367 1744; x_wconf 90' lang='lat' dir='ltr'><strong>nimi-</strong></span> 
     </span>
    </p>
   </div>
   <div class='ocr_carea' id='block_1_19' title="bbox 779 1787 2364 1866">
    <p class='ocr_par' dir='ltr' id='par_1_19' title="bbox 779 1787 2364 1866">
     <span class='ocr_line' id='line_1_19' title="bbox 779 1787 2364 1866; baseline -0.008 -16"><span class='ocrx_word' id='word_1_114' title='bbox 779 1812 898 1850; x_wconf 86' lang='lat' dir='ltr'><strong>rum</strong></span> <span class='ocrx_word' id='word_1_115' title='bbox 919 1794 1122 1866; x_wconf 80' lang='lat' dir='ltr'><strong>grande</strong></span> <span class='ocrx_word' id='word_1_116' title='bbox 1149 1793 1347 1845; x_wconf 87' lang='lat' dir='ltr'><strong>malum</strong></span> <span class='ocrx_word' id='word_1_117' title='bbox 1367 1790 1578 1846; x_wconf 90' lang='lat' dir='ltr'><strong>consilii</strong></span> <span class='ocrx_word' id='word_1_118' title='bbox 1614 1788 1793 1858; x_wconf 80' lang='lat' dir='ltr'><strong>inopia</strong></span> <span class='ocrx_word' id='word_1_119' title='bbox 1823 1803 2114 1855; x_wconf 84' lang='lat' dir='ltr'><strong>rerumque</strong></span> <span class='ocrx_word' id='word_1_120' title='bbox 2144 1787 2364 1855; x_wconf 88' lang='lat' dir='ltr'><strong>imperi-</strong></span> 
     </span>
    </p>
   </div>
   <div class='ocr_carea' id='block_1_20' title="bbox 779 1877 2278 1949">
    <p class='ocr_par' dir='ltr' id='par_1_20' title="bbox 779 1877 2278 1949">
     <span class='ocr_line' id='line_1_20' title="bbox 779 1877 2278 1949; baseline -0.007 -8"><span class='ocrx_word' id='word_1_121' title='bbox 779 1888 876 1949; x_wconf 90' lang='lat' dir='ltr'><strong>tia,</strong></span> <span class='ocrx_word' id='word_1_122' title='bbox 900 1888 986 1940; x_wconf 91' lang='lat' dir='ltr'><strong>cui</strong></span> <span class='ocrx_word' id='word_1_123' title='bbox 1011 1885 1236 1939; x_wconf 81' lang='lat' dir='ltr'><strong>audacia</strong></span> <span class='ocrx_word' id='word_1_124' title='bbox 1263 1899 1323 1936; x_wconf 90' lang='lat' dir='ltr'><strong>ac</strong></span> <span class='ocrx_word' id='word_1_125' title='bbox 1347 1884 1624 1936; x_wconf 84' lang='lat' dir='ltr'><strong>temeritas</strong></span> <span class='ocrx_word' id='word_1_126' title='bbox 1663 1887 1862 1948; x_wconf 65' lang='lat' dir='ltr'><strong>prmslo</strong></span> <span class='ocrx_word' id='word_1_127' title='bbox 1897 1891 1980 1932; x_wconf 82' lang='lat' dir='ltr'><strong>est</strong></span> <span class='ocrx_word' id='word_1_128' title='bbox 2021 1894 2086 1932; x_wconf 89' lang='lat' dir='ltr'><strong>ac</strong></span> <span class='ocrx_word' id='word_1_129' title='bbox 2116 1877 2278 1930; x_wconf 77' lang='lat' dir='ltr'><strong>favet.</strong></span> 
     </span>
    </p>
   </div>
   <div class='ocr_carea' id='block_1_21' title="bbox 850 1970 2369 2035">
    <p class='ocr_par' dir='ltr' id='par_1_21' title="bbox 850 1970 2369 2035">
     <span class='ocr_line' id='line_1_21' title="bbox 850 1970 2369 2035; baseline -0.009 -1"><span class='ocrx_word' id='word_1_130' title='bbox 850 1982 900 2034; x_wconf 91' lang='lat'><strong>9.</strong></span> <span class='ocrx_word' id='word_1_131' title='bbox 964 1978 1166 2032; x_wconf 76' lang='lat' dir='ltr'><strong>Mensis</strong></span> <span class='ocrx_word' id='word_1_132' title='bbox 1227 1976 1515 2028; x_wconf 76' lang='lat' dir='ltr'><strong>Februarii</strong></span> <span class='ocrx_word' id='word_1_133' title='bbox 1580 1973 1668 2027; x_wconf 86' lang='lat' dir='ltr'><strong>die</strong></span> <span class='ocrx_word' id='word_1_134' title='bbox 1729 1971 2013 2035; x_wconf 76' lang='lat' dir='ltr'><strong>vicesimo,</strong></span> <span class='ocrx_word' id='word_1_135' title='bbox 2073 1970 2369 2022; x_wconf 75' lang='lat' dir='ltr'><strong>inilietioiie</strong></span> 
     </span>
    </p>
   </div>
   <div class='ocr_carea' id='block_1_22' title="bbox 778 2061 2369 2133">
    <p class='ocr_par' dir='ltr' id='par_1_22' title="bbox 778 2061 2369 2133">
     <span class='ocr_line' id='line_1_22' title="bbox 778 2061 2369 2133; baseline -0.006 -9"><span class='ocrx_word' id='word_1_136' title='bbox 778 2073 1017 2133; x_wconf 84' lang='lat' dir='ltr'><strong>decima,</strong></span> <span class='ocrx_word' id='word_1_137' title='bbox 1068 2067 1360 2122; x_wconf 84' lang='lat' dir='ltr'><strong>Theodora</strong></span> <span class='ocrx_word' id='word_1_138' title='bbox 1413 2065 1648 2119; x_wconf 79' lang='lat' dir='ltr'><strong>Romani</strong></span> <span class='ocrx_word' id='word_1_139' title='bbox 1699 2065 1896 2132; x_wconf 70' lang='lat' dir='ltr'><strong>eonjux</strong></span> <span class='ocrx_word' id='word_1_140' title='bbox 1952 2063 2203 2116; x_wconf 84' lang='lat' dir='ltr'><strong>moritur.</strong></span> <span class='ocrx_word' id='word_1_141' title='bbox 2239 2061 2369 2130; x_wconf 80' lang='lat' dir='ltr'><strong>Ejus</strong></span> 
     </span>
    </p>
   </div>
   <div class='ocr_carea' id='block_1_23' title="bbox 778 2157 2368 2228">
    <p class='ocr_par' dir='ltr' id='par_1_23' title="bbox 778 2157 2368 2228">
     <span class='ocr_line' id='line_1_23' title="bbox 778 2157 2368 2228; baseline -0.006 -10"><span class='ocrx_word' id='word_1_142' title='bbox 778 2164 1010 2218; x_wconf 80' lang='lat' dir='ltr'><strong>cadaver</strong></span> <span class='ocrx_word' id='word_1_143' title='bbox 1046 2163 1097 2213; x_wconf 88' lang='lat' dir='ltr'><strong>in</strong></span> <span class='ocrx_word' id='word_1_144' title='bbox 1132 2161 1362 2214; x_wconf 73' lang='lat' dir='ltr'><strong>Romani</strong></span> <span class='ocrx_word' id='word_1_145' title='bbox 1415 2159 1592 2228; x_wconf 86' lang='lat' dir='ltr'><strong>ipsius</strong></span> <span class='ocrx_word' id='word_1_146' title='bbox 1635 2160 1818 2220; x_wconf 85' lang='lat' dir='ltr'><strong>domo,</strong></span> <span class='ocrx_word' id='word_1_147' title='bbox 1862 2172 2026 2225; x_wconf 86' lang='lat' dir='ltr'><strong>quam</strong></span> <span class='ocrx_word' id='word_1_148' title='bbox 2075 2157 2128 2209; x_wconf 92' lang='lat' dir='ltr'><strong>in</strong></span> <span class='ocrx_word' id='word_1_149' title='bbox 2179 2170 2368 2210; x_wconf 87' lang='lat' dir='ltr'><strong>mona-</strong></span> 
     </span>
    </p>
   </div>
   <div class='ocr_carea' id='block_1_24' title="bbox 780 2247 2370 2319">
    <p class='ocr_par' dir='ltr' id='par_1_24' title="bbox 780 2247 2370 2319">
     <span class='ocr_line' id='line_1_24' title="bbox 780 2247 2370 2319; baseline -0.006 -10"><span class='ocrx_word' id='word_1_150' title='bbox 780 2256 1004 2310; x_wconf 89' lang='lat' dir='ltr'><strong>sterium</strong></span> <span class='ocrx_word' id='word_1_151' title='bbox 1068 2262 1328 2312; x_wconf 88' lang='lat' dir='ltr'><strong>mutarat,</strong></span> <span class='ocrx_word' id='word_1_152' title='bbox 1386 2250 1696 2319; x_wconf 69' lang='lat' dir='ltr'><strong>depositum</strong></span> <span class='ocrx_word' id='word_1_153' title='bbox 1749 2258 1853 2302; x_wconf 88' lang='lat' dir='ltr'><strong>est.</strong></span> <span class='ocrx_word' id='word_1_154' title='bbox 1922 2247 2125 2300; x_wconf 86' lang='lat' dir='ltr'><strong>Eodem</strong></span> <span class='ocrx_word' id='word_1_155' title='bbox 2183 2262 2370 2300; x_wconf 87' lang='lat' dir='ltr'><strong>mense</strong></span> 
     </span>
    </p>
   </div>
   <div class='ocr_carea' id='block_1_25' title="bbox 779 2339 2366 2412">
    <p class='ocr_par' dir='ltr' id='par_1_25' title="bbox 779 2339 2366 2412">
     <span class='ocr_line' id='line_1_25' title="bbox 779 2339 2366 2412; baseline -0.007 -9"><span class='ocrx_word' id='word_1_156' title='bbox 779 2357 1078 2403; x_wconf 83' lang='lat' dir='ltr'><strong>eoronatur</strong></span> <span class='ocrx_word' id='word_1_157' title='bbox 1134 2345 1334 2412; x_wconf 75' lang='lat' dir='ltr'><strong>Sophia</strong></span> <span class='ocrx_word' id='word_1_158' title='bbox 1370 2341 1751 2410; x_wconf 77' lang='lat' dir='ltr'><strong>Cliristopliori</strong></span> <span class='ocrx_word' id='word_1_159' title='bbox 1804 2339 2155 2408; x_wconf 80' lang='lat' dir='ltr'><strong>imperatoris</strong></span> <span class='ocrx_word' id='word_1_160' title='bbox 2205 2354 2366 2392; x_wconf 70' lang='lat' dir='ltr'><strong>uxor.</strong></span> 
     </span>
    </p>
   </div>
   <div class='ocr_carea' id='block_1_26' title="bbox 781 2430 2365 2503">
    <p class='ocr_par' dir='ltr' id='par_1_26' title="bbox 781 2430 2365 2503">
     <span class='ocr_line' id='line_1_26' title="bbox 781 2430 2365 2503; baseline -0.007 -10"><span class='ocrx_word' id='word_1_161' title='bbox 781 2439 984 2493; x_wconf 77' lang='lat' dir='ltr'><strong>Eodem</strong></span> <span class='ocrx_word' id='word_1_162' title='bbox 1043 2447 1286 2503; x_wconf 62' lang='lat' dir='ltr'><strong>tempore</strong></span> <span class='ocrx_word' id='word_1_163' title='bbox 1336 2434 1454 2485; x_wconf 88' lang='lat' dir='ltr'><strong>lber</strong></span> <span class='ocrx_word' id='word_1_164' title='bbox 1494 2433 1810 2500; x_wconf 83' lang='lat' dir='ltr'><strong>curopalata</strong></span> <span class='ocrx_word' id='word_1_165' title='bbox 1871 2432 1923 2483; x_wconf 89' lang='lat' dir='ltr'><strong>in</strong></span> <span class='ocrx_word' id='word_1_166' title='bbox 1977 2431 2164 2484; x_wconf 83' lang='lat' dir='ltr'><strong>urbem</strong></span> <span class='ocrx_word' id='word_1_167' title='bbox 2199 2430 2365 2488; x_wconf 81' lang='lat' dir='ltr'><strong>venit.</strong></span> 
     </span>
    </p>
   </div>
   <div class='ocr_carea' id='block_1_27' title="bbox 779 2523 2367 2600">
    <p class='ocr_par' dir='ltr' id='par_1_27' title="bbox 779 2523 2367 2600">
     <span class='ocr_line' id='line_1_27' title="bbox 779 2523 2367 2600; baseline -0.005 -18"><span class='ocrx_word' id='word_1_168' title='bbox 779 2547 980 2600; x_wconf 72' lang='lat' dir='ltr'><strong>pri-que</strong></span> <span class='ocrx_word' id='word_1_169' title='bbox 1014 2529 1252 2581; x_wconf 65' lang='lat' dir='ltr'><strong>medium</strong></span> <span class='ocrx_word' id='word_1_170' title='bbox 1285 2525 1462 2579; x_wconf 79' lang='lat' dir='ltr'><strong>[orum</strong></span> <span class='ocrx_word' id='word_1_171' title='bbox 1487 2524 1754 2577; x_wconf 88' lang='lat' dir='ltr'><strong>deductus</strong></span> <span class='ocrx_word' id='word_1_172' title='bbox 1788 2523 2077 2593; x_wconf 79' lang='lat' dir='ltr'><strong>magniﬁco</strong></span> <span class='ocrx_word' id='word_1_173' title='bbox 2105 2533 2367 2590; x_wconf 79' lang='lat' dir='ltr'><strong>apparatu</strong></span> 
     </span>
    </p>
   </div>
   <div class='ocr_carea' id='block_1_28' title="bbox 779 2615 2368 2686">
    <p class='ocr_par' dir='ltr' id='par_1_28' title="bbox 779 2615 2368 2686">
     <span class='ocr_line' id='line_1_28' title="bbox 779 2615 2368 2686; baseline -0.007 -8"><span class='ocrx_word' id='word_1_174' title='bbox 779 2632 1032 2678; x_wconf 78' lang='lat' dir='ltr'><strong>oi-natuni</strong></span> <span class='ocrx_word' id='word_1_175' title='bbox 1064 2635 1189 2674; x_wconf 90' lang='lat' dir='ltr'><strong>cum</strong></span> <span class='ocrx_word' id='word_1_176' title='bbox 1222 2633 1417 2686; x_wconf 86' lang='lat' dir='ltr'><strong>magna</strong></span> <span class='ocrx_word' id='word_1_177' title='bbox 1452 2617 1699 2671; x_wconf 86' lang='lat' dir='ltr'><strong>claritate</strong></span> <span class='ocrx_word' id='word_1_178' title='bbox 1740 2623 1793 2667; x_wconf 87' lang='lat' dir='ltr'><strong>et</strong></span> <span class='ocrx_word' id='word_1_179' title='bbox 1836 2615 2042 2668; x_wconf 83' lang='lat' dir='ltr'><strong>honore</strong></span> <span class='ocrx_word' id='word_1_180' title='bbox 2081 2624 2368 2680; x_wconf 75' lang='lat' dir='ltr'><strong>susceptus</strong></span> 
     </span>
    </p>
   </div>
   <div class='ocr_carea' id='block_1_29' title="bbox 778 2704 2364 2775">
    <p class='ocr_par' dir='ltr' id='par_1_29' title="bbox 778 2704 2364 2775">
     <span class='ocr_line' id='line_1_29' title="bbox 778 2704 2364 2775; baseline -0.005 -7"><span class='ocrx_word' id='word_1_181' title='bbox 778 2724 882 2769; x_wconf 85' lang='lat' dir='ltr'><strong>est.</strong></span> <span class='ocrx_word' id='word_1_182' title='bbox 907 2713 1242 2765; x_wconf 83' lang='lat' dir='ltr'><strong>Iinluxerunt</strong></span> <span class='ocrx_word' id='word_1_183' title='bbox 1260 2709 1422 2763; x_wconf 88' lang='lat' dir='ltr'><strong>etiam</strong></span> <span class='ocrx_word' id='word_1_184' title='bbox 1458 2709 1612 2760; x_wconf 91' lang='lat' dir='ltr'><strong>illum</strong></span> <span class='ocrx_word' id='word_1_185' title='bbox 1648 2709 1700 2760; x_wconf 90' lang='lat' dir='ltr'><strong>in</strong></span> <span class='ocrx_word' id='word_1_186' title='bbox 1736 2704 1793 2760; x_wconf 89' lang='lat' dir='ltr'><strong>S.</strong></span> <span class='ocrx_word' id='word_1_187' title='bbox 1825 2705 2066 2775; x_wconf 60' lang='lat' dir='ltr'><strong>Sophim,</strong></span> <span class='ocrx_word' id='word_1_188' title='bbox 2099 2717 2158 2761; x_wconf 89' lang='lat' dir='ltr'><strong>ut</strong></span> <span class='ocrx_word' id='word_1_189' title='bbox 2192 2723 2364 2760; x_wconf 75' lang='lat' dir='ltr'><strong>sacrm</strong></span> 
     </span>
    </p>
   </div>
   <div class='ocr_carea' id='block_1_30' title="bbox 779 2801 2368 2875">
    <p class='ocr_par' dir='ltr' id='par_1_30' title="bbox 779 2801 2368 2875">
     <span class='ocr_line' id='line_1_30' title="bbox 779 2801 2368 2875; baseline -0.005 -14"><span class='ocrx_word' id='word_1_190' title='bbox 779 2811 901 2875; x_wconf 75' lang='lat' dir='ltr'><strong>ejus</strong></span> <span class='ocrx_word' id='word_1_191' title='bbox 934 2804 1066 2858; x_wconf 66' lang='lat' dir='ltr'><strong>aedis</strong></span> <span class='ocrx_word' id='word_1_192' title='bbox 1097 2801 1560 2872; x_wconf 82' lang='lat' dir='ltr'><strong>pulclirittulinem</strong></span> <span class='ocrx_word' id='word_1_193' title='bbox 1611 2812 1663 2852; x_wconf 88' lang='lat' dir='ltr'><strong>et</strong></span> <span class='ocrx_word' id='word_1_194' title='bbox 1709 2801 2102 2854; x_wconf 80' lang='lat' dir='ltr'><strong>immanitatem</strong></span> <span class='ocrx_word' id='word_1_195' title='bbox 2139 2815 2200 2852; x_wconf 91' lang='lat' dir='ltr'><strong>ac</strong></span> <span class='ocrx_word' id='word_1_196' title='bbox 2247 2815 2368 2869; x_wconf 83' lang='lat' dir='ltr'><strong>pre-</strong></span> 
     </span>
    </p>
   </div>
   <div class='ocr_carea' id='block_1_31' title="bbox 783 2891 2367 2960">
    <p class='ocr_par' dir='ltr' id='par_1_31' title="bbox 783 2891 2367 2960">
     <span class='ocr_line' id='line_1_31' title="bbox 783 2891 2367 2960; baseline -0.004 -10"><span class='ocrx_word' id='word_1_197' title='bbox 783 2895 1150 2950; x_wconf 89' lang='lat' dir='ltr'><strong>tiosissimum</strong></span> <span class='ocrx_word' id='word_1_198' title='bbox 1184 2892 1390 2948; x_wconf 88' lang='lat' dir='ltr'><strong>cultum</strong></span> <span class='ocrx_word' id='word_1_199' title='bbox 1413 2892 1592 2946; x_wconf 90' lang='lat' dir='ltr'><strong>oculis</strong></span> <span class='ocrx_word' id='word_1_200' title='bbox 1618 2892 1733 2960; x_wconf 88' lang='lat' dir='ltr'><strong>ipse</strong></span> <span class='ocrx_word' id='word_1_201' title='bbox 1766 2891 2043 2944; x_wconf 82' lang='lat' dir='ltr'><strong>lustraret.</strong></span> <span class='ocrx_word' id='word_1_202' title='bbox 2076 2891 2367 2959; x_wconf 85' lang='lat' dir='ltr'><strong>Splendide</strong></span> 
     </span>
    </p>
   </div>
   <div class='ocr_carea' id='block_1_32' title="bbox 781 2983 2368 3057">
    <p class='ocr_par' dir='ltr' id='par_1_32' title="bbox 781 2983 2368 3057">
     <span class='ocr_line' id='line_1_32' title="bbox 781 2983 2368 3057; baseline -0.004 -15"><span class='ocrx_word' id='word_1_203' title='bbox 781 3003 1017 3057; x_wconf 88' lang='lat' dir='ltr'><strong>namque</strong></span> <span class='ocrx_word' id='word_1_204' title='bbox 1057 2995 1340 3047; x_wconf 85' lang='lat' dir='ltr'><strong>ornantes,</strong></span> <span class='ocrx_word' id='word_1_205' title='bbox 1393 2998 1637 3051; x_wconf 89' lang='lat' dir='ltr'><strong>auroque</strong></span> <span class='ocrx_word' id='word_1_206' title='bbox 1673 2983 1836 3037; x_wconf 81' lang='lat' dir='ltr'><strong>textis</strong></span> <span class='ocrx_word' id='word_1_207' title='bbox 1891 2983 2078 3037; x_wconf 70' lang='lat' dir='ltr'><strong>aulaeis</strong></span> <span class='ocrx_word' id='word_1_208' title='bbox 2132 2984 2368 3052; x_wconf 83' lang='lat' dir='ltr'><strong>parietes</strong></span> 
     </span>
    </p>
   </div>
   <div class='ocr_carea' id='block_1_33' title="bbox 780 3073 2365 3144">
    <p class='ocr_par' dir='ltr' id='par_1_33' title="bbox 780 3073 2365 3144">
     <span class='ocr_line' id='line_1_33' title="bbox 780 3073 2365 3144; baseline -0.003 -13"><span class='ocrx_word' id='word_1_209' title='bbox 780 3077 1287 3132; x_wconf 88' lang='lat' dir='ltr'><strong>circnmvestientes</strong></span> <span class='ocrx_word' id='word_1_210' title='bbox 1319 3074 1607 3144; x_wconf 90' lang='lat' dir='ltr'><strong>omnisque</strong></span> <span class='ocrx_word' id='word_1_211' title='bbox 1653 3074 1867 3144; x_wconf 83' lang='lat' dir='ltr'><strong>generis</strong></span> <span class='ocrx_word' id='word_1_212' title='bbox 1909 3073 2059 3127; x_wconf 88' lang='lat' dir='ltr'><strong>cultu</strong></span> <span class='ocrx_word' id='word_1_213' title='bbox 2099 3073 2365 3128; x_wconf 65' lang='lat' dir='ltr'><strong>dtft&#39;Ol‘aﬂ&#39;</strong></span> 
     </span>
    </p>
   </div>
   <div class='ocr_carea' id='block_1_34' title="bbox 779 3165 2363 3238">
    <p class='ocr_par' dir='ltr' id='par_1_34' title="bbox 779 3165 2363 3238">
     <span class='ocr_line' id='line_1_34' title="bbox 779 3165 2363 3238; baseline -0.004 -12"><span class='ocrx_word' id='word_1_214' title='bbox 779 3181 879 3238; x_wconf 86' lang='lat' dir='ltr'><strong>tes,</strong></span> <span class='ocrx_word' id='word_1_215' title='bbox 917 3171 996 3224; x_wconf 87' lang='lat' dir='ltr'><strong>sic</strong></span> <span class='ocrx_word' id='word_1_216' title='bbox 1027 3185 1152 3222; x_wconf 90' lang='lat' dir='ltr'><strong>eum</strong></span> <span class='ocrx_word' id='word_1_217' title='bbox 1201 3168 1563 3222; x_wconf 89' lang='lat' dir='ltr'><strong>admiserunt.</strong></span> <span class='ocrx_word' id='word_1_218' title='bbox 1596 3165 1686 3218; x_wconf 89' lang='lat' dir='ltr'><strong>Ille</strong></span> <span class='ocrx_word' id='word_1_219' title='bbox 1722 3166 2029 3219; x_wconf 88' lang='lat' dir='ltr'><strong>mirandam</strong></span> <span class='ocrx_word' id='word_1_220' title='bbox 2078 3166 2363 3220; x_wconf 85' lang='lat' dir='ltr'><strong>immanis-</strong></span> 
     </span>
    </p>
   </div>
   <div class='ocr_carea' id='block_1_35' title="bbox 779 3233 2434 3330">
    <p class='ocr_par' dir='ltr' id='par_1_35' title="bbox 779 3233 2434 3330">
     <span class='ocr_line' id='line_1_35' title="bbox 779 3233 2434 3330; baseline -0.002 -17"><span class='ocrx_word' id='word_1_221' title='bbox 779 3276 887 3330; x_wconf 90' lang='lat' dir='ltr'><strong>que</strong></span> <span class='ocrx_word' id='word_1_222' title='bbox 958 3260 1121 3313; x_wconf 89' lang='lat' dir='ltr'><strong>niolis</strong></span> <span class='ocrx_word' id='word_1_223' title='bbox 1195 3258 1381 3327; x_wconf 88' lang='lat' dir='ltr'><strong>templi</strong></span> <span class='ocrx_word' id='word_1_224' title='bbox 1448 3255 1711 3310; x_wconf 78' lang='lat' dir='ltr'><strong>fabricam</strong></span> <span class='ocrx_word' id='word_1_225' title='bbox 1781 3264 2028 3324; x_wconf 86' lang='lat' dir='ltr'><strong>stupens,</strong></span> <span class='ocrx_word' id='word_1_226' title='bbox 2093 3233 2434 3325; x_wconf 85' lang='lat' dir='ltr'><strong>snpraqueC</strong></span> 
     </span>
    </p>
   </div>
   <div class='ocr_carea' id='block_1_36' title="bbox 779 3348 2361 3418">
    <p class='ocr_par' dir='ltr' id='par_1_36' title="bbox 779 3348 2361 3418">
     <span class='ocr_line' id='line_1_36' title="bbox 779 3348 2361 3418; baseline -0.004 -12"><span class='ocrx_word' id='word_1_227' title='bbox 779 3351 1002 3406; x_wconf 87' lang='lat' dir='ltr'><strong>modum</strong></span> <span class='ocrx_word' id='word_1_228' title='bbox 1053 3350 1361 3404; x_wconf 83' lang='lat' dir='ltr'><strong>admiratus</strong></span> <span class='ocrx_word' id='word_1_229' title='bbox 1407 3348 1555 3402; x_wconf 89' lang='lat' dir='ltr'><strong>illius</strong></span> <span class='ocrx_word' id='word_1_230' title='bbox 1604 3348 2070 3418; x_wconf 84' lang='lat' dir='ltr'><strong>pretiosissimum</strong></span> <span class='ocrx_word' id='word_1_231' title='bbox 2128 3350 2361 3413; x_wconf 76' lang='lat' dir='ltr'><strong>cultrum,</strong></span> 
     </span>
    </p>
   </div>
   <div class='ocr_carea' id='block_1_37' title="bbox 779 3440 2361 3498">
    <p class='ocr_par' dir='ltr' id='par_1_37' title="bbox 779 3440 2361 3498">
     <span class='ocr_line' id='line_1_37' title="bbox 779 3440 2361 3498; baseline -0.001 -1"><span class='ocrx_word' id='word_1_232' title='bbox 779 3459 844 3498; x_wconf 89' lang='lat' dir='ltr'><strong>ac</strong></span> <span class='ocrx_word' id='word_1_233' title='bbox 892 3461 1016 3498; x_wconf 89' lang='lat' dir='ltr'><strong>cum</strong></span> <span class='ocrx_word' id='word_1_234' title='bbox 1050 3445 1275 3498; x_wconf 83' lang='lat' dir='ltr'><strong>dixisset</strong></span> <span class='ocrx_word' id='word_1_235' title='bbox 1309 3458 1526 3498; x_wconf 89' lang='lat' dir='ltr'><strong>sacrum</strong></span> <span class='ocrx_word' id='word_1_236' title='bbox 1576 3443 1721 3496; x_wconf 87' lang='lat' dir='ltr'><strong>hunc</strong></span> <span class='ocrx_word' id='word_1_237' title='bbox 1762 3443 1940 3495; x_wconf 86' lang='lat' dir='ltr'><strong>locum</strong></span> <span class='ocrx_word' id='word_1_238' title='bbox 1983 3456 2110 3496; x_wconf 83' lang='lat' dir='ltr'><strong>vere</strong></span> <span class='ocrx_word' id='word_1_239' title='bbox 2136 3440 2227 3494; x_wconf 88' lang='lat' dir='ltr'><strong>Dei</strong></span> <span class='ocrx_word' id='word_1_240' title='bbox 2260 3441 2361 3496; x_wconf 86' lang='lat' dir='ltr'><strong>ha-</strong></span> 
     </span>
    </p>
   </div>
   <div class='ocr_carea' id='block_1_38' title="bbox 780 3535 1983 3600">
    <p class='ocr_par' dir='ltr' id='par_1_38' title="bbox 780 3535 1983 3600">
     <span class='ocr_line' id='line_1_38' title="bbox 780 3535 1983 3600; baseline -0.001 -11"><span class='ocrx_word' id='word_1_241' title='bbox 780 3535 1078 3590; x_wconf 90' lang='lat' dir='ltr'><strong>bitaculum</strong></span> <span class='ocrx_word' id='word_1_242' title='bbox 1113 3551 1255 3600; x_wconf 90' lang='lat' dir='ltr'><strong>esse,</strong></span> <span class='ocrx_word' id='word_1_243' title='bbox 1288 3535 1512 3588; x_wconf 89' lang='lat' dir='ltr'><strong>domum</strong></span> <span class='ocrx_word' id='word_1_244' title='bbox 1571 3549 1826 3589; x_wconf 84' lang='lat' dir='ltr'><strong>reversus</strong></span> <span class='ocrx_word' id='word_1_245' title='bbox 1879 3542 1983 3588; x_wconf 91' lang='lat' dir='ltr'><strong>est.</strong></span> 
     </span>
    </p>
   </div>
   <div class='ocr_carea' id='block_1_39' title="bbox 831 3621 2414 3693">
    <p class='ocr_par' dir='ltr' id='par_1_39' title="bbox 831 3621 2414 3693">
     <span class='ocr_line' id='line_1_39' title="bbox 831 3621 2414 3693; baseline 0.001 -16"><span class='ocrx_word' id='word_1_246' title='bbox 831 3624 942 3678; x_wconf 54' lang='lat'><strong>&#39;10.</strong></span> <span class='ocrx_word' id='word_1_247' title='bbox 977 3623 1188 3680; x_wconf 82' lang='lat' dir='ltr'><strong>Rursus</strong></span> <span class='ocrx_word' id='word_1_248' title='bbox 1216 3640 1344 3679; x_wconf 85' lang='lat' dir='ltr'><strong>vero</strong></span> <span class='ocrx_word' id='word_1_249' title='bbox 1374 3638 1405 3677; x_wconf 87' lang='lat' dir='ltr'><strong>a</strong></span> <span class='ocrx_word' id='word_1_250' title='bbox 1440 3623 1690 3693; x_wconf 84' lang='lat' dir='ltr'><strong>Bulgaris</strong></span> <span class='ocrx_word' id='word_1_251' title='bbox 1726 3635 1979 3692; x_wconf 86' lang='lat' dir='ltr'><strong>suscepta</strong></span> <span class='ocrx_word' id='word_1_252' title='bbox 2016 3621 2362 3692; x_wconf 75' lang='lat' dir='ltr'><strong>expeditione</strong></span> <span class='ocrx_word' id='word_1_253' title='bbox 2411 3659 2414 3663; x_wconf 89' lang='lat'><strong><em>-</em></strong></span> 
     </span>
    </p>
   </div>
   <div class='ocr_carea' id='block_1_40' title="bbox 778 3711 2363 3784">
    <p class='ocr_par' dir='ltr' id='par_1_40' title="bbox 778 3711 2363 3784">
     <span class='ocr_line' id='line_1_40' title="bbox 778 3711 2363 3784; baseline -0.004 -14"><span class='ocrx_word' id='word_1_254' title='bbox 778 3727 832 3770; x_wconf 92' lang='lat' dir='ltr'><strong>ct</strong></span> <span class='ocrx_word' id='word_1_255' title='bbox 865 3733 988 3770; x_wconf 91' lang='lat' dir='ltr'><strong>cum</strong></span> <span class='ocrx_word' id='word_1_256' title='bbox 1030 3716 1104 3769; x_wconf 90' lang='lat' dir='ltr'><strong>illi</strong></span> <span class='ocrx_word' id='word_1_257' title='bbox 1135 3715 1382 3784; x_wconf 85' lang='lat' dir='ltr'><strong>aduSque</strong></span> <span class='ocrx_word' id='word_1_258' title='bbox 1414 3711 1472 3766; x_wconf 92' lang='lat' dir='ltr'><strong>S.</strong></span> <span class='ocrx_word' id='word_1_259' title='bbox 1500 3711 1800 3768; x_wconf 59' lang='lat' dir='ltr'><strong>Theodorus</strong></span> <span class='ocrx_word' id='word_1_260' title='bbox 1850 3712 2026 3780; x_wconf 81' lang='lat' dir='ltr'><strong>regias</strong></span> <span class='ocrx_word' id='word_1_261' title='bbox 2075 3713 2219 3765; x_wconf 76' lang='lat' dir='ltr'><strong>a-dcs</strong></span> <span class='ocrx_word' id='word_1_262' title='bbox 2268 3727 2363 3764; x_wconf 87' lang='lat' dir='ltr'><strong>ve-</strong></span> 
     </span>
    </p>
   </div>
   <div class='ocr_carea' id='block_1_41' title="bbox 783 3805 2367 3878">
    <p class='ocr_par' dir='ltr' id='par_1_41' title="bbox 783 3805 2367 3878">
     <span class='ocr_line' id='line_1_41' title="bbox 783 3805 2367 3878; baseline -0.003 -16"><span class='ocrx_word' id='word_1_263' title='bbox 783 3811 993 3863; x_wconf 88' lang='lat' dir='ltr'><strong>nissent</strong></span> <span class='ocrx_word' id='word_1_264' title='bbox 1035 3823 1238 3878; x_wconf 86' lang='lat' dir='ltr'><strong>easque</strong></span> <span class='ocrx_word' id='word_1_265' title='bbox 1266 3807 1376 3878; x_wconf 89' lang='lat' dir='ltr'><strong>igni</strong></span> <span class='ocrx_word' id='word_1_266' title='bbox 1431 3806 1822 3871; x_wconf 87' lang='lat' dir='ltr'><strong>incendissent,</strong></span> <span class='ocrx_word' id='word_1_267' title='bbox 1861 3805 2021 3878; x_wconf 67' lang='grc'><strong>403</strong></span> <span class='ocrx_word' id='word_1_268' title='bbox 2072 3805 2367 3874; x_wconf 89' lang='lat' dir='ltr'><strong>imperator</strong></span> 
     </span>
    </p>
   </div>
   <div class='ocr_carea' id='block_1_42' title="bbox 781 3898 2368 3968">
    <p class='ocr_par' dir='ltr' id='par_1_42' title="bbox 781 3898 2368 3968">
     <span class='ocr_line' id='line_1_42' title="bbox 781 3898 2368 3968; baseline -0.003 -14"><span class='ocrx_word' id='word_1_269' title='bbox 781 3900 1064 3954; x_wconf 77' lang='lat' dir='ltr'><strong>Romanus</strong></span> <span class='ocrx_word' id='word_1_270' title='bbox 1092 3899 1321 3968; x_wconf 85' lang='lat' dir='ltr'><strong>prandio</strong></span> <span class='ocrx_word' id='word_1_271' title='bbox 1345 3899 1490 3952; x_wconf 88' lang='lat' dir='ltr'><strong>laute</strong></span> <span class='ocrx_word' id='word_1_272' title='bbox 1512 3898 1780 3952; x_wconf 88' lang='lat' dir='ltr'><strong>instructo</strong></span> <span class='ocrx_word' id='word_1_273' title='bbox 1809 3899 2083 3966; x_wconf 78' lang='lat' dir='ltr'><strong>agminum</strong></span> <span class='ocrx_word' id='word_1_274' title='bbox 2112 3898 2368 3950; x_wconf 88' lang='lat' dir='ltr'><strong>ductores</strong></span> 
     </span>
    </p>
   </div>
   <div class='ocr_carea' id='block_1_43' title="bbox 784 3988 2368 4059">
    <p class='ocr_par' dir='ltr' id='par_1_43' title="bbox 784 3988 2368 4059">
     <span class='ocr_line' id='line_1_43' title="bbox 784 3988 2368 4059; baseline -0.005 -13"><span class='ocrx_word' id='word_1_275' title='bbox 784 3991 1052 4056; x_wconf 81' lang='lat' dir='ltr'><strong>invitavit,</strong></span> <span class='ocrx_word' id='word_1_276' title='bbox 1098 4005 1222 4044; x_wconf 91' lang='lat' dir='ltr'><strong>cum</strong></span> <span class='ocrx_word' id='word_1_277' title='bbox 1269 3999 1344 4054; x_wconf 91' lang='lat' dir='ltr'><strong>et,</strong></span> <span class='ocrx_word' id='word_1_278' title='bbox 1375 4005 1539 4059; x_wconf 83' lang='lat' dir='ltr'><strong>quem</strong></span> <span class='ocrx_word' id='word_1_279' title='bbox 1585 3997 1801 4051; x_wconf 88' lang='lat' dir='ltr'><strong>vocant,</strong></span> <span class='ocrx_word' id='word_1_280' title='bbox 1844 3988 2088 4044; x_wconf 67' lang='lat' dir='ltr'><strong>Sat-tices</strong></span> <span class='ocrx_word' id='word_1_281' title='bbox 2132 3989 2237 4041; x_wconf 81' lang='lat' dir='ltr'><strong>illis</strong></span> <span class='ocrx_word' id='word_1_282' title='bbox 2275 4004 2368 4041; x_wconf 87' lang='lat' dir='ltr'><strong>co-</strong></span> 
     </span>
    </p>
   </div>
   <div class='ocr_carea' id='block_1_44' title="bbox 781 4079 2368 4152">
    <p class='ocr_par' dir='ltr' id='par_1_44' title="bbox 781 4079 2368 4152">
     <span class='ocr_line' id='line_1_44' title="bbox 781 4079 2368 4152; baseline -0.001 -16"><span class='ocrx_word' id='word_1_283' title='bbox 781 4099 899 4137; x_wconf 90' lang='lat' dir='ltr'><strong>mes</strong></span> <span class='ocrx_word' id='word_1_284' title='bbox 932 4095 1096 4138; x_wconf 85' lang='lat' dir='ltr'><strong>esset.</strong></span> <span class='ocrx_word' id='word_1_285' title='bbox 1121 4082 1382 4136; x_wconf 89' lang='lat' dir='ltr'><strong>Hortatur</strong></span> <span class='ocrx_word' id='word_1_286' title='bbox 1420 4097 1552 4152; x_wconf 88' lang='lat' dir='ltr'><strong>ergo</strong></span> <span class='ocrx_word' id='word_1_287' title='bbox 1579 4079 1847 4148; x_wconf 88' lang='lat' dir='ltr'><strong>jubctque</strong></span> <span class='ocrx_word' id='word_1_288' title='bbox 1885 4079 2148 4134; x_wconf 88' lang='lat' dir='ltr'><strong>adversus</strong></span> <span class='ocrx_word' id='word_1_289' title='bbox 2181 4080 2368 4134; x_wconf 84' lang='lat' dir='ltr'><strong>hostes</strong></span> 
     </span>
    </p>
   </div>
   <div class='ocr_carea' id='block_1_45' title="bbox 779 4172 2368 4244">
    <p class='ocr_par' dir='ltr' id='par_1_45' title="bbox 779 4172 2368 4244">
     <span class='ocr_line' id='line_1_45' title="bbox 779 4172 2368 4244; baseline -0.004 -14"><span class='ocrx_word' id='word_1_290' title='bbox 779 4177 930 4230; x_wconf 74' lang='lat' dir='ltr'><strong>exire</strong></span> <span class='ocrx_word' id='word_1_291' title='bbox 983 4191 1046 4229; x_wconf 85' lang='lat' dir='ltr'><strong>ac</strong></span> <span class='ocrx_word' id='word_1_292' title='bbox 1087 4190 1187 4244; x_wconf 89' lang='lat' dir='ltr'><strong>pro</strong></span> <span class='ocrx_word' id='word_1_293' title='bbox 1225 4174 1415 4243; x_wconf 52' lang='lat' dir='ltr'><strong>patria).</strong></span> <span class='ocrx_word' id='word_1_294' title='bbox 1440 4173 1820 4228; x_wconf 77' lang='lat' dir='ltr'><strong>incolumitate</strong></span> <span class='ocrx_word' id='word_1_295' title='bbox 1868 4189 2131 4244; x_wconf 85' lang='lat' dir='ltr'><strong>pugnare.</strong></span> <span class='ocrx_word' id='word_1_296' title='bbox 2166 4172 2368 4226; x_wconf 79' lang='lat' dir='ltr'><strong>Assen-</strong></span> 
     </span>
    </p>
   </div>
   <div class='ocr_carea' id='block_1_46' title="bbox 780 4264 2362 4335">
    <p class='ocr_par' dir='ltr' id='par_1_46' title="bbox 780 4264 2362 4335">
     <span class='ocr_line' id='line_1_46' title="bbox 780 4264 2362 4335; baseline -0.003 -14"><span class='ocrx_word' id='word_1_297' title='bbox 780 4273 972 4322; x_wconf 88' lang='lat' dir='ltr'><strong>serunt</strong></span> <span class='ocrx_word' id='word_1_298' title='bbox 1007 4266 1107 4328; x_wconf 87' lang='lat' dir='ltr'><strong>illi,</strong></span> <span class='ocrx_word' id='word_1_299' title='bbox 1139 4273 1304 4335; x_wconf 90' lang='lat' dir='ltr'><strong>atque</strong></span> <span class='ocrx_word' id='word_1_300' title='bbox 1341 4265 1554 4319; x_wconf 85' lang='lat' dir='ltr'><strong>alacres</strong></span> <span class='ocrx_word' id='word_1_301' title='bbox 1583 4265 1759 4332; x_wconf 83' lang='lat' dir='ltr'><strong>ipsius</strong></span> <span class='ocrx_word' id='word_1_302' title='bbox 1807 4264 2111 4333; x_wconf 75' lang='lat' dir='ltr'><strong>majestatis</strong></span> <span class='ocrx_word' id='word_1_303' title='bbox 2145 4264 2362 4318; x_wconf 83' lang='lat' dir='ltr'><strong>tuenda:</strong></span> 
     </span>
    </p>
   </div>
   <div class='ocr_carea' id='block_1_47' title="bbox 781 4355 2366 4426">
    <p class='ocr_par' dir='ltr' id='par_1_47' title="bbox 781 4355 2366 4426">
     <span class='ocr_line' id='line_1_47' title="bbox 781 4355 2366 4426; baseline -0.003 -12"><span class='ocrx_word' id='word_1_304' title='bbox 781 4375 944 4414; x_wconf 77' lang='lat' dir='ltr'><strong>causa</strong></span> <span class='ocrx_word' id='word_1_305' title='bbox 969 4375 1034 4413; x_wconf 90' lang='lat' dir='ltr'><strong>ac</strong></span> <span class='ocrx_word' id='word_1_306' title='bbox 1055 4359 1404 4414; x_wconf 84' lang='lat' dir='ltr'><strong>Christianos</strong></span> <span class='ocrx_word' id='word_1_307' title='bbox 1430 4355 1730 4411; x_wconf 79' lang='lat' dir='ltr'><strong>ulciscendi</strong></span> <span class='ocrx_word' id='word_1_308' title='bbox 1761 4357 2104 4426; x_wconf 87' lang='lat' dir='ltr'><strong>oppetituros</strong></span> <span class='ocrx_word' id='word_1_309' title='bbox 2128 4372 2185 4410; x_wconf 88' lang='lat' dir='ltr'><strong>se</strong></span> <span class='ocrx_word' id='word_1_310' title='bbox 2217 4373 2366 4410; x_wconf 84' lang='lat' dir='ltr'><strong>mor-</strong></span> 
     </span>
    </p>
   </div>
   <div class='ocr_carea' id='block_1_48' title="bbox 780 4451 2367 4522">
    <p class='ocr_par' dir='ltr' id='par_1_48' title="bbox 780 4451 2367 4522">
     <span class='ocr_line' id='line_1_48' title="bbox 780 4451 2367 4522; baseline -0.003 -13"><span class='ocrx_word' id='word_1_311' title='bbox 780 4465 887 4510; x_wconf 89' lang='lat' dir='ltr'><strong>tem</strong></span> <span class='ocrx_word' id='word_1_312' title='bbox 920 4455 973 4508; x_wconf 90' lang='lat' dir='ltr'><strong>in</strong></span> <span class='ocrx_word' id='word_1_313' title='bbox 1005 4469 1065 4508; x_wconf 89' lang='lat' dir='ltr'><strong>se</strong></span> <span class='ocrx_word' id='word_1_314' title='bbox 1099 4462 1440 4522; x_wconf 88' lang='lat' dir='ltr'><strong>receperunt.</strong></span> <span class='ocrx_word' id='word_1_315' title='bbox 1478 4451 1746 4506; x_wconf 84' lang='lat' dir='ltr'><strong>Postridie</strong></span> <span class='ocrx_word' id='word_1_316' title='bbox 1793 4456 1976 4522; x_wconf 82' lang='lat' dir='ltr'><strong>igitur,</strong></span> <span class='ocrx_word' id='word_1_317' title='bbox 2027 4467 2188 4521; x_wconf 89' lang='lat' dir='ltr'><strong>quem</strong></span> <span class='ocrx_word' id='word_1_318' title='bbox 2223 4453 2367 4508; x_wconf 75' lang='lat' dir='ltr'><strong>dixi-</strong></span> 
     </span>
    </p>
   </div>
   <div class='ocr_carea' id='block_1_49' title="bbox 783 4544 2359 4612">
    <p class='ocr_par' dir='ltr' id='par_1_49' title="bbox 783 4544 2359 4612">
     <span class='ocr_line' id='line_1_49' title="bbox 783 4544 2359 4612; baseline -0.002 -12"><span class='ocrx_word' id='word_1_319' title='bbox 783 4563 929 4611; x_wconf 87' lang='lat' dir='ltr'><strong>mus,</strong></span> <span class='ocrx_word' id='word_1_320' title='bbox 984 4547 1246 4605; x_wconf 87' lang='lat' dir='ltr'><strong>Sactices,</strong></span> <span class='ocrx_word' id='word_1_321' title='bbox 1303 4546 1371 4598; x_wconf 90' lang='lat' dir='ltr'><strong>ab</strong></span> <span class='ocrx_word' id='word_1_322' title='bbox 1426 4544 1755 4612; x_wconf 85' lang='lat' dir='ltr'><strong>imperatore</strong></span> <span class='ocrx_word' id='word_1_323' title='bbox 1813 4545 1980 4598; x_wconf 88' lang='lat' dir='ltr'><strong>artnis</strong></span> <span class='ocrx_word' id='word_1_324' title='bbox 2039 4545 2359 4606; x_wconf 84' lang='lat' dir='ltr'><strong>instructus,</strong></span> 
     </span>
    </p>
   </div>
   <div class='ocr_carea' id='block_1_50' title="bbox 784 4637 2362 4707">
    <p class='ocr_par' dir='ltr' id='par_1_50' title="bbox 784 4637 2362 4707">
     <span class='ocr_line' id='line_1_50' title="bbox 784 4637 2362 4707; baseline -0.003 -15"><span class='ocrx_word' id='word_1_325' title='bbox 784 4655 968 4694; x_wconf 88' lang='lat' dir='ltr'><strong>veram</strong></span> <span class='ocrx_word' id='word_1_326' title='bbox 1017 4638 1084 4692; x_wconf 88' lang='lat' dir='ltr'><strong>ab</strong></span> <span class='ocrx_word' id='word_1_327' title='bbox 1139 4638 1257 4707; x_wconf 90' lang='lat' dir='ltr'><strong>ipso</strong></span> <span class='ocrx_word' id='word_1_328' title='bbox 1285 4637 1465 4690; x_wconf 87' lang='lat' dir='ltr'><strong>datam</strong></span> <span class='ocrx_word' id='word_1_329' title='bbox 1501 4638 1658 4690; x_wconf 83' lang='lat' dir='ltr'><strong>Iidem</strong></span> <span class='ocrx_word' id='word_1_330' title='bbox 1697 4653 1761 4689; x_wconf 88' lang='lat' dir='ltr'><strong>ac</strong></span> <span class='ocrx_word' id='word_1_331' title='bbox 1790 4653 1955 4705; x_wconf 85' lang='lat' dir='ltr'><strong>quam</strong></span> <span class='ocrx_word' id='word_1_332' title='bbox 1979 4637 2212 4706; x_wconf 68' lang='lat' dir='ltr'><strong>iactarat</strong></span> <span class='ocrx_word' id='word_1_333' title='bbox 2253 4639 2362 4690; x_wconf 84' lang='lat' dir='ltr'><strong>l&#39;or-</strong></span> 
     </span>
    </p>
   </div>
   <div class='ocr_carea' id='block_1_51' title="bbox 784 4728 2365 4812">
    <p class='ocr_par' dir='ltr' id='par_1_51' title="bbox 784 4728 2365 4812">
     <span class='ocr_line' id='line_1_51' title="bbox 784 4728 2365 4812; baseline -0.003 -27"><span class='ocrx_word' id='word_1_334' title='bbox 784 4731 1072 4786; x_wconf 82' lang='lat' dir='ltr'><strong>titudinem</strong></span> <span class='ocrx_word' id='word_1_335' title='bbox 1125 4729 1395 4784; x_wconf 86' lang='lat' dir='ltr'><strong>ostendit:</strong></span> <span class='ocrx_word' id='word_1_336' title='bbox 1444 4728 1953 4812; x_wconf 51' lang='lat' dir='ltr'><strong>Bulgaroslquippe</strong></span> <span class='ocrx_word' id='word_1_337' title='bbox 2005 4744 2034 4782; x_wconf 89' lang='lat' dir='ltr'><strong>a</strong></span> <span class='ocrx_word' id='word_1_338' title='bbox 2075 4739 2223 4797; x_wconf 90' lang='lat' dir='ltr'><strong>tergo</strong></span> <span class='ocrx_word' id='word_1_339' title='bbox 2269 4745 2365 4807; x_wconf 81' lang='lat' dir='ltr'><strong>ag-</strong></span> 
     </span>
    </p>
   </div>
   <div class='ocr_carea' id='block_1_52' title="bbox 784 4822 2364 4891">
    <p class='ocr_par' dir='ltr' id='par_1_52' title="bbox 784 4822 2364 4891">
     <span class='ocr_line' id='line_1_52' title="bbox 784 4822 2364 4891; baseline -0.001 -15"><span class='ocrx_word' id='word_1_340' title='bbox 784 4837 1026 4890; x_wconf 81' lang='lat' dir='ltr'><strong>gressus,</strong></span> <span class='ocrx_word' id='word_1_341' title='bbox 1080 4822 1244 4891; x_wconf 88' lang='lat' dir='ltr'><strong>inqne</strong></span> <span class='ocrx_word' id='word_1_342' title='bbox 1298 4837 1487 4875; x_wconf 87' lang='lat' dir='ltr'><strong>eorum</strong></span> <span class='ocrx_word' id='word_1_343' title='bbox 1541 4831 1722 4876; x_wconf 84' lang='lat' dir='ltr'><strong>castra</strong></span> <span class='ocrx_word' id='word_1_344' title='bbox 1770 4823 2044 4885; x_wconf 88' lang='lat' dir='ltr'><strong>insiliens,</strong></span> <span class='ocrx_word' id='word_1_345' title='bbox 2107 4838 2244 4891; x_wconf 86' lang='lat' dir='ltr'><strong>quos</strong></span> <span class='ocrx_word' id='word_1_346' title='bbox 2293 4823 2364 4877; x_wconf 95' lang='lat' dir='ltr'><strong>ibi</strong></span> 
     </span>
    </p>
   </div>
   <div class='ocr_carea' id='block_1_53' title="bbox 786 4913 2368 4986">
    <p class='ocr_par' dir='ltr' id='par_1_53' title="bbox 786 4913 2368 4986">
     <span class='ocr_line' id='line_1_53' title="bbox 786 4913 2368 4986; baseline 0.001 -18"><span class='ocrx_word' id='word_1_347' title='bbox 786 4915 1025 4984; x_wconf 89' lang='lat' dir='ltr'><strong>reperit,</strong></span> <span class='ocrx_word' id='word_1_348' title='bbox 1059 4929 1252 4968; x_wconf 91' lang='lat' dir='ltr'><strong>omnes</strong></span> <span class='ocrx_word' id='word_1_349' title='bbox 1303 4914 1618 4968; x_wconf 84' lang='lat' dir='ltr'><strong>trucidavit.</strong></span> <span class='ocrx_word' id='word_1_350' title='bbox 1651 4913 1868 4984; x_wconf 77' lang='lat' dir='ltr'><strong>Bulgari</strong></span> <span class='ocrx_word' id='word_1_351' title='bbox 1905 4915 2072 4986; x_wconf 86' lang='lat' dir='ltr'><strong>igitur</strong></span> <span class='ocrx_word' id='word_1_352' title='bbox 2101 4917 2190 4970; x_wconf 92' lang='lat' dir='ltr'><strong>ubi</strong></span> <span class='ocrx_word' id='word_1_353' title='bbox 2224 4918 2368 4970; x_wconf 89' lang='lat' dir='ltr'><strong>didi-</strong></span> 
     </span>
    </p>
   </div>
   <div class='ocr_carea' id='block_1_54' title="bbox 782 5006 2366 5076">
    <p class='ocr_par' dir='ltr' id='par_1_54' title="bbox 782 5006 2366 5076">
     <span class='ocr_line' id='line_1_54' title="bbox 782 5006 2366 5076; baseline 0.003 -16"><span class='ocrx_word' id='word_1_354' title='bbox 782 5021 907 5061; x_wconf 86' lang='lat' dir='ltr'><strong>cere</strong></span> <span class='ocrx_word' id='word_1_355' title='bbox 979 5006 1122 5076; x_wconf 90' lang='lat' dir='ltr'><strong>quod</strong></span> <span class='ocrx_word' id='word_1_356' title='bbox 1189 5006 1264 5060; x_wconf 90' lang='lat' dir='ltr'><strong>ita</strong></span> <span class='ocrx_word' id='word_1_357' title='bbox 1326 5016 1600 5071; x_wconf 83' lang='lat' dir='ltr'><strong>evenerat,</strong></span> <span class='ocrx_word' id='word_1_358' title='bbox 1655 5008 1706 5061; x_wconf 91' lang='lat' dir='ltr'><strong>in</strong></span> <span class='ocrx_word' id='word_1_359' title='bbox 1759 5017 1937 5063; x_wconf 88' lang='lat' dir='ltr'><strong>castra</strong></span> <span class='ocrx_word' id='word_1_360' title='bbox 2014 5020 2366 5064; x_wconf 78' lang='lat' dir='ltr'><strong>revertuntur</strong></span> 
     </span>
    </p>
   </div>
   <div class='ocr_carea' id='block_1_55' title="bbox 783 5097 2365 5169">
    <p class='ocr_par' dir='ltr' id='par_1_55' title="bbox 783 5097 2365 5169">
     <span class='ocr_line' id='line_1_55' title="bbox 783 5097 2365 5169; baseline 0.001 -17"><span class='ocrx_word' id='word_1_361' title='bbox 783 5108 1149 5168; x_wconf 90' lang='lat' dir='ltr'><strong>consertaque</strong></span> <span class='ocrx_word' id='word_1_362' title='bbox 1188 5100 1305 5154; x_wconf 84' lang='lat' dir='ltr'><strong>acie</strong></span> <span class='ocrx_word' id='word_1_363' title='bbox 1353 5097 1620 5154; x_wconf 87' lang='lat' dir='ltr'><strong>Sacticem</strong></span> <span class='ocrx_word' id='word_1_364' title='bbox 1667 5104 1854 5168; x_wconf 86' lang='lat' dir='ltr'><strong>paucis</strong></span> <span class='ocrx_word' id='word_1_365' title='bbox 1901 5101 2159 5169; x_wconf 89' lang='lat' dir='ltr'><strong>stipatum</strong></span> <span class='ocrx_word' id='word_1_366' title='bbox 2217 5110 2365 5168; x_wconf 81' lang='lat' dir='ltr'><strong>terga</strong></span> 
     </span>
    </p>
   </div>
   <div class='ocr_carea' id='block_1_56' title="bbox 785 5187 2362 5260">
    <p class='ocr_par' dir='ltr' id='par_1_56' title="bbox 785 5187 2362 5260">
     <span class='ocr_line' id='line_1_56' title="bbox 785 5187 2362 5260; baseline 0.005 -22"><span class='ocrx_word' id='word_1_367' title='bbox 785 5199 998 5243; x_wconf 84' lang='lat' dir='ltr'><strong>vertere</strong></span> <span class='ocrx_word' id='word_1_368' title='bbox 1029 5199 1250 5259; x_wconf 90' lang='lat' dir='ltr'><strong>cogunt.</strong></span> <span class='ocrx_word' id='word_1_369' title='bbox 1298 5187 1346 5244; x_wconf 87' lang='lat' dir='ltr'><strong>Is</strong></span> <span class='ocrx_word' id='word_1_370' title='bbox 1371 5188 1554 5259; x_wconf 84' lang='lat' dir='ltr'><strong>itaque</strong></span> <span class='ocrx_word' id='word_1_371' title='bbox 1607 5201 1830 5244; x_wconf 87' lang='lat' dir='ltr'><strong>strenue</strong></span> <span class='ocrx_word' id='word_1_372' title='bbox 1860 5190 2125 5246; x_wconf 79' lang='lat' dir='ltr'><strong>desudato</strong></span> <span class='ocrx_word' id='word_1_373' title='bbox 2156 5191 2362 5260; x_wconf 67' lang='lat' dir='ltr'><strong>praelio,</strong></span> 
     </span>
    </p>
   </div>
   <div class='ocr_carea' id='block_1_57' title="bbox 785 5279 2366 5352">
    <p class='ocr_par' dir='ltr' id='par_1_57' title="bbox 785 5279 2366 5352">
     <span class='ocr_line' id='line_1_57' title="bbox 785 5279 2366 5352; baseline 0.001 -17"><span class='ocrx_word' id='word_1_374' title='bbox 785 5279 1039 5350; x_wconf 84' lang='lat' dir='ltr'><strong>factaque</strong></span> <span class='ocrx_word' id='word_1_375' title='bbox 1084 5281 1322 5336; x_wconf 86' lang='lat' dir='ltr'><strong>hostium</strong></span> <span class='ocrx_word' id='word_1_376' title='bbox 1355 5281 1556 5352; x_wconf 86' lang='lat' dir='ltr'><strong>ingenti</strong></span> <span class='ocrx_word' id='word_1_377' title='bbox 1595 5289 1797 5351; x_wconf 81' lang='lat' dir='ltr'><strong>strage,</strong></span> <span class='ocrx_word' id='word_1_378' title='bbox 1829 5297 1952 5336; x_wconf 90' lang='lat' dir='ltr'><strong>cum</strong></span> <span class='ocrx_word' id='word_1_379' title='bbox 1988 5291 2151 5336; x_wconf 66' lang='lat' dir='ltr'><strong>tanta:</strong></span> <span class='ocrx_word' id='word_1_380' title='bbox 2173 5297 2366 5337; x_wconf 89' lang='lat' dir='ltr'><strong>eorum</strong></span> 
     </span>
    </p>
   </div>
   <div class='ocr_carea' id='block_1_58' title="bbox 787 5373 2363 5443">
    <p class='ocr_par' dir='ltr' id='par_1_58' title="bbox 787 5373 2363 5443">
     <span class='ocr_line' id='line_1_58' title="bbox 787 5373 2363 5443; baseline 0.001 -17"><span class='ocrx_word' id='word_1_381' title='bbox 787 5373 1120 5428; x_wconf 89' lang='lat' dir='ltr'><strong>multitudini</strong></span> <span class='ocrx_word' id='word_1_382' title='bbox 1181 5373 1514 5428; x_wconf 71' lang='lat' dir='ltr'><strong>sustinenda:</strong></span> <span class='ocrx_word' id='word_1_383' title='bbox 1573 5388 1672 5442; x_wconf 90' lang='lat' dir='ltr'><strong>par</strong></span> <span class='ocrx_word' id='word_1_384' title='bbox 1729 5373 1966 5443; x_wconf 90' lang='lat' dir='ltr'><strong>amplius</strong></span> <span class='ocrx_word' id='word_1_385' title='bbox 2025 5389 2132 5427; x_wconf 92' lang='lat' dir='ltr'><strong>non</strong></span> <span class='ocrx_word' id='word_1_386' title='bbox 2196 5386 2363 5440; x_wconf 86' lang='lat' dir='ltr'><strong>esset,</strong></span> 
     </span>
    </p>
   </div>
   <div class='ocr_carea' id='block_1_59' title="bbox 784 5465 2365 5536">
    <p class='ocr_par' dir='ltr' id='par_1_59' title="bbox 784 5465 2365 5536">
     <span class='ocr_line' id='line_1_59' title="bbox 784 5465 2365 5536; baseline 0.004 -20"><span class='ocrx_word' id='word_1_387' title='bbox 784 5467 977 5520; x_wconf 78' lang='lat' dir='ltr'><strong>laxatis</strong></span> <span class='ocrx_word' id='word_1_388' title='bbox 1011 5467 1238 5520; x_wconf 89' lang='lat' dir='ltr'><strong>habenis</strong></span> <span class='ocrx_word' id='word_1_389' title='bbox 1269 5481 1465 5536; x_wconf 83' lang='lat' dir='ltr'><strong>equum</strong></span> <span class='ocrx_word' id='word_1_390' title='bbox 1490 5465 1556 5520; x_wconf 86' lang='lat' dir='ltr'><strong>ad</strong></span> <span class='ocrx_word' id='word_1_391' title='bbox 1586 5465 1766 5533; x_wconf 72' lang='lat' dir='ltr'><strong>fugam</strong></span> <span class='ocrx_word' id='word_1_392' title='bbox 1798 5467 2047 5536; x_wconf 84' lang='lat' dir='ltr'><strong>impellit.</strong></span> <span class='ocrx_word' id='word_1_393' title='bbox 2084 5465 2140 5519; x_wconf 94' lang='lat' dir='ltr'><strong>In</strong></span> <span class='ocrx_word' id='word_1_394' title='bbox 2174 5468 2365 5536; x_wconf 85' lang='lat' dir='ltr'><strong>cujus-</strong></span> 
     </span>
    </p>
   </div>
   <div class='ocr_carea' id='block_1_60' title="bbox 784 5559 2362 5629">
    <p class='ocr_par' dir='ltr' id='par_1_60' title="bbox 784 5559 2362 5629">
     <span class='ocr_line' id='line_1_60' title="bbox 784 5559 2362 5629; baseline 0.001 -17"><span class='ocrx_word' id='word_1_395' title='bbox 784 5560 906 5612; x_wconf 87' lang='lat' dir='ltr'><strong>dam</strong></span> <span class='ocrx_word' id='word_1_396' title='bbox 944 5573 1123 5613; x_wconf 86' lang='lat' dir='ltr'><strong>auicm</strong></span> <span class='ocrx_word' id='word_1_397' title='bbox 1166 5560 1345 5613; x_wconf 85' lang='lat' dir='ltr'><strong>amnis</strong></span> <span class='ocrx_word' id='word_1_398' title='bbox 1372 5559 1624 5625; x_wconf 88' lang='lat' dir='ltr'><strong>transitu,</strong></span> <span class='ocrx_word' id='word_1_399' title='bbox 1657 5574 1801 5629; x_wconf 89' lang='lat' dir='ltr'><strong>equo</strong></span> <span class='ocrx_word' id='word_1_400' title='bbox 1833 5560 1886 5613; x_wconf 94' lang='lat' dir='ltr'><strong>in</strong></span> <span class='ocrx_word' id='word_1_401' title='bbox 1918 5574 2078 5613; x_wconf 74' lang='lat' dir='ltr'><strong>emno</strong></span> <span class='ocrx_word' id='word_1_402' title='bbox 2103 5560 2362 5623; x_wconf 66' lang='lat' dir='ltr'><strong>limi-erile,</strong></span> 
     </span>
    </p>
   </div>
   <div class='ocr_carea' id='block_1_61' title="bbox 786 5647 2363 5718">
    <p class='ocr_par' dir='ltr' id='par_1_61' title="bbox 786 5647 2363 5718">
     <span class='ocr_line' id='line_1_61' title="bbox 786 5647 2363 5718; baseline 0.001 -15"><span class='ocrx_word' id='word_1_403' title='bbox 786 5650 984 5703; x_wconf 82' lang='lat' dir='ltr'><strong>vulnus</strong></span> <span class='ocrx_word' id='word_1_404' title='bbox 1030 5650 1082 5702; x_wconf 89' lang='lat' dir='ltr'><strong>in</strong></span> <span class='ocrx_word' id='word_1_405' title='bbox 1133 5664 1296 5703; x_wconf 87' lang='lat' dir='ltr'><strong>anum</strong></span> <span class='ocrx_word' id='word_1_406' title='bbox 1354 5657 1408 5703; x_wconf 91' lang='lat' dir='ltr'><strong>et</strong></span> <span class='ocrx_word' id='word_1_407' title='bbox 1462 5647 1642 5702; x_wconf 82' lang='lat' dir='ltr'><strong>femur</strong></span> <span class='ocrx_word' id='word_1_408' title='bbox 1697 5651 1926 5718; x_wconf 89' lang='lat' dir='ltr'><strong>accepit.</strong></span> <span class='ocrx_word' id='word_1_409' title='bbox 1965 5648 2162 5704; x_wconf 84' lang='lat' dir='ltr'><strong>Verum</strong></span> <span class='ocrx_word' id='word_1_410' title='bbox 2219 5667 2363 5718; x_wconf 81' lang='lat' dir='ltr'><strong>equo</strong></span> 
     </span>
    </p>
   </div>
   <div class='ocr_carea' id='block_1_62' title="bbox 792 5741 2366 5810">
    <p class='ocr_par' dir='ltr' id='par_1_62' title="bbox 792 5741 2366 5810">
     <span class='ocr_line' id='line_1_62' title="bbox 792 5741 2366 5810; baseline 0.001 -15"><span class='ocrx_word' id='word_1_411' title='bbox 792 5756 927 5810; x_wconf 61' lang='lat' dir='ltr'><strong>egre</strong></span> <span class='ocrx_word' id='word_1_412' title='bbox 968 5741 1186 5795; x_wconf 87' lang='lat' dir='ltr'><strong>tandem</strong></span> <span class='ocrx_word' id='word_1_413' title='bbox 1251 5757 1478 5795; x_wconf 89' lang='lat' dir='ltr'><strong>suorum</strong></span> <span class='ocrx_word' id='word_1_414' title='bbox 1534 5756 1664 5795; x_wconf 90' lang='lat' dir='ltr'><strong>cura</strong></span> <span class='ocrx_word' id='word_1_415' title='bbox 1713 5751 1765 5796; x_wconf 89' lang='lat' dir='ltr'><strong>et</strong></span> <span class='ocrx_word' id='word_1_416' title='bbox 1807 5742 2075 5796; x_wconf 83' lang='lat' dir='ltr'><strong>industria</strong></span> <span class='ocrx_word' id='word_1_417' title='bbox 2117 5759 2146 5796; x_wconf 89' lang='lat' dir='ltr'><strong>e</strong></span> <span class='ocrx_word' id='word_1_418' title='bbox 2205 5759 2366 5798; x_wconf 73' lang='lat' dir='ltr'><strong>emno</strong></span> 
     </span>
    </p>
   </div>
   <div class='ocr_carea' id='block_1_63' title="bbox 787 5834 2362 5907">
    <p class='ocr_par' dir='ltr' id='par_1_63' title="bbox 787 5834 2362 5907">
     <span class='ocr_line' id='line_1_63' title="bbox 787 5834 2362 5907; baseline 0.001 -16"><span class='ocrx_word' id='word_1_419' title='bbox 787 5837 975 5892; x_wconf 78' lang='lat' dir='ltr'><strong>evulso</strong></span> <span class='ocrx_word' id='word_1_420' title='bbox 1008 5837 1071 5890; x_wconf 78' lang='lat' dir='ltr'><strong>ad</strong></span> <span class='ocrx_word' id='word_1_421' title='bbox 1105 5834 1434 5892; x_wconf 85' lang='lat' dir='ltr'><strong>Blacliernas</strong></span> <span class='ocrx_word' id='word_1_422' title='bbox 1487 5851 1661 5906; x_wconf 88' lang='lat' dir='ltr'><strong>usque</strong></span> <span class='ocrx_word' id='word_1_423' title='bbox 1701 5837 1908 5893; x_wconf 79' lang='lat' dir='ltr'><strong>evasit:</strong></span> <span class='ocrx_word' id='word_1_424' title='bbox 1937 5849 2098 5907; x_wconf 88' lang='lat' dir='ltr'><strong>atque</strong></span> <span class='ocrx_word' id='word_1_425' title='bbox 2129 5839 2182 5892; x_wconf 93' lang='lat' dir='ltr'><strong>in</strong></span> <span class='ocrx_word' id='word_1_426' title='bbox 2210 5854 2362 5895; x_wconf 85' lang='lat' dir='ltr'><strong>sacra</strong></span> 
     </span>
    </p>
   </div>
   <div class='ocr_carea' id='block_1_64' title="bbox 2469 591 4054 666">
    <p class='ocr_par' dir='ltr' id='par_1_64' title="bbox 2469 591 4054 666">
     <span class='ocr_line' id='line_1_64' title="bbox 2469 591 4054 666; baseline -0.003 -20"><span class='ocrx_word' id='word_1_427' title='bbox 2469 597 2644 658; x_wconf 84' lang='grc' dir='ltr'>τεινδς</span> <span class='ocrx_word' id='word_1_428' title='bbox 2668 599 2695 649; x_wconf 81' lang='grc' dir='ltr'>ὁ</span> <span class='ocrx_word' id='word_1_429' title='bbox 2724 597 2819 649; x_wconf 77' lang='grc' dir='ltr'>τοῦ</span> <span class='ocrx_word' id='word_1_430' title='bbox 2851 595 3170 666; x_wconf 82' lang='grc' dir='ltr'>Πλατυπόδη</span> <span class='ocrx_word' id='word_1_431' title='bbox 3198 595 3312 658; x_wconf 76' lang='grc' dir='ltr'>υἱὸς</span> <span class='ocrx_word' id='word_1_432' title='bbox 3335 596 3429 647; x_wconf 69' lang='grc' dir='ltr'>καὶ</span> <span class='ocrx_word' id='word_1_433' title='bbox 3459 593 3642 647; x_wconf 74' lang='grc' dir='ltr'>πολλοὶ</span> <span class='ocrx_word' id='word_1_434' title='bbox 3679 594 3880 662; x_wconf 69' lang='grc' dir='ltr'>ἓτερτι.</span> <span class='ocrx_word' id='word_1_435' title='bbox 3931 591 4054 644; x_wconf 77' lang='grc' dir='ltr'><strong>Μό-</strong></span> 
     </span>
    </p>
   </div>
   <div class='ocr_carea' id='block_1_65' title="bbox 2469 684 4058 758">
    <p class='ocr_par' dir='ltr' id='par_1_65' title="bbox 2469 684 4058 758">
     <span class='ocr_line' id='line_1_65' title="bbox 2469 684 4058 758; baseline -0.001 -21"><span class='ocrx_word' id='word_1_436' title='bbox 2469 686 2550 749; x_wconf 88' lang='grc' dir='ltr'><strong>λις</strong></span> <span class='ocrx_word' id='word_1_437' title='bbox 2579 684 2672 741; x_wconf 77' lang='grc' dir='ltr'><strong>οὖν</strong></span> <span class='ocrx_word' id='word_1_438' title='bbox 2707 691 2734 742; x_wconf 88' lang='grc' dir='ltr'>ὁ</span> <span class='ocrx_word' id='word_1_439' title='bbox 2767 689 3012 758; x_wconf 83' lang='grc' dir='ltr'>ραίκτωρ</span> <span class='ocrx_word' id='word_1_440' title='bbox 3040 686 3332 748; x_wconf 69' lang='grc' dir='ltr'>διασωθεὶς</span> <span class='ocrx_word' id='word_1_441' title='bbox 3371 687 3619 754; x_wconf 78' lang='grc' dir='ltr'>είσῆλθεν</span> <span class='ocrx_word' id='word_1_442' title='bbox 3665 688 3744 747; x_wconf 76' lang='grc' dir='ltr'><strong>είς</strong></span> <span class='ocrx_word' id='word_1_443' title='bbox 3785 686 3877 738; x_wconf 70' lang='grc' dir='ltr'><strong>τὸν</strong></span> <span class='ocrx_word' id='word_1_444' title='bbox 3925 686 4058 752; x_wconf 69' lang='grc' dir='ltr'>δρο-</span> 
     </span>
    </p>
   </div>
   <div class='ocr_carea' id='block_1_66' title="bbox 2473 774 4061 847">
    <p class='ocr_par' dir='ltr' id='par_1_66' title="bbox 2473 774 4061 847">
     <span class='ocr_line' id='line_1_66' title="bbox 2473 774 4061 847; baseline -0.003 -17"><span class='ocrx_word' id='word_1_445' title='bbox 2473 795 2646 846; x_wconf 88' lang='grc' dir='ltr'>μωνα.</span> <span class='ocrx_word' id='word_1_446' title='bbox 2676 774 2880 831; x_wconf 72' lang='grc' dir='ltr'>Ἷιλθεν</span> <span class='ocrx_word' id='word_1_447' title='bbox 2913 779 2970 832; x_wconf 80' lang='grc' dir='ltr'><strong>δὲ</strong></span> <span class='ocrx_word' id='word_1_448' title='bbox 2996 779 3212 847; x_wconf 77' lang='grc' dir='ltr'>φεύγων</span> <span class='ocrx_word' id='word_1_449' title='bbox 3239 777 3457 838; x_wconf 81' lang='grc' dir='ltr'>ἔνοπλος</span> <span class='ocrx_word' id='word_1_450' title='bbox 3481 777 3576 830; x_wconf 70' lang='grc' dir='ltr'><strong>καὶ</strong></span> <span class='ocrx_word' id='word_1_451' title='bbox 3595 777 3832 840; x_wconf 79' lang='grc' dir='ltr'>Ἀλέξιος</span> <span class='ocrx_word' id='word_1_452' title='bbox 3857 777 4061 843; x_wconf 76' lang='grc' dir='ltr'>δρουγ-</span> 
     </span>
    </p>
   </div>
   <div class='ocr_carea' id='block_1_67' title="bbox 2468 865 4059 939">
    <p class='ocr_par' dir='ltr' id='par_1_67' title="bbox 2468 865 4059 939">
     <span class='ocr_line' id='line_1_67' title="bbox 2468 865 4059 939; baseline -0.006 -16"><span class='ocrx_word' id='word_1_453' title='bbox 2468 871 2659 939; x_wconf 83' lang='grc' dir='ltr'>γάριος</span> <span class='ocrx_word' id='word_1_454' title='bbox 2685 871 2713 921; x_wconf 83' lang='grc' dir='ltr'>ὁ</span> <span class='ocrx_word' id='word_1_455' title='bbox 2760 869 3026 930; x_wconf 77' lang='grc' dir='ltr'>Μουσελὲ,</span> <span class='ocrx_word' id='word_1_456' title='bbox 3078 871 3171 921; x_wconf 66' lang='grc' dir='ltr'><strong>καὶ</strong></span> <span class='ocrx_word' id='word_1_457' title='bbox 3207 870 3282 939; x_wconf 82' lang='grc' dir='ltr'>μὴ</span> <span class='ocrx_word' id='word_1_458' title='bbox 3313 868 3540 936; x_wconf 76' lang='grc' dir='ltr'>ἰσχύσας</span> <span class='ocrx_word' id='word_1_459' title='bbox 3569 868 3756 919; x_wconf 79' lang='grc' dir='ltr'>τέλεον</span> <span class='ocrx_word' id='word_1_460' title='bbox 3804 865 4059 918; x_wconf 85' lang='grc' dir='ltr'>ἀνελθεῖν</span> 
     </span>
    </p>
   </div>
   <div class='ocr_carea' id='block_1_68' title="bbox 2469 959 4059 1034">
    <p class='ocr_par' dir='ltr' id='par_1_68' title="bbox 2469 959 4059 1034">
     <span class='ocr_line' id='line_1_68' title="bbox 2469 959 4059 1034; baseline -0.004 -17"><span class='ocrx_word' id='word_1_461' title='bbox 2469 967 2526 1017; x_wconf 80' lang='grc' dir='ltr'><strong>ὲν</strong></span> <span class='ocrx_word' id='word_1_462' title='bbox 2555 967 2620 1034; x_wconf 79' lang='grc' dir='ltr'>τῇ</span> <span class='ocrx_word' id='word_1_463' title='bbox 2650 962 2740 1016; x_wconf 83' lang='grc' dir='ltr'><strong>τοῦ</strong></span> <span class='ocrx_word' id='word_1_464' title='bbox 2774 963 3049 1032; x_wconf 78' lang='grc' dir='ltr'>δρόμωνος</span> <span class='ocrx_word' id='word_1_465' title='bbox 3074 961 3383 1028; x_wconf 62' lang='grc' dir='ltr'>ἀποϐάθρᾳ,</span> <span class='ocrx_word' id='word_1_466' title='bbox 3410 959 3593 1012; x_wconf 87' lang='grc' dir='ltr'>πεσὼν</span> <span class='ocrx_word' id='word_1_467' title='bbox 3629 962 3683 1010; x_wconf 80' lang='grc' dir='ltr'>ἐν</span> <span class='ocrx_word' id='word_1_468' title='bbox 3709 962 3773 1028; x_wconf 78' lang='grc' dir='ltr'>τῇ</span> <span class='ocrx_word' id='word_1_469' title='bbox 3805 959 4059 1027; x_wconf 77' lang='grc' dir='ltr'>θαλάσσῃ</span> 
     </span>
    </p>
   </div>
   <div class='ocr_carea' id='block_1_69' title="bbox 2471 1051 4061 1124">
    <p class='ocr_par' dir='ltr' id='par_1_69' title="bbox 2471 1051 4061 1124">
     <span class='ocr_line' id='line_1_69' title="bbox 2471 1051 4061 1124; baseline -0.005 -16"><span class='ocrx_word' id='word_1_470' title='bbox 2471 1057 2568 1109; x_wconf 68' lang='grc' dir='ltr'>σὺν</span> <span class='ocrx_word' id='word_1_471' title='bbox 2602 1056 2677 1124; x_wconf 80' lang='grc' dir='ltr'>τῷ</span> <span class='ocrx_word' id='word_1_472' title='bbox 2711 1054 2876 1108; x_wconf 76' lang='grc' dir='ltr'>αὑτοῦ</span> <span class='ocrx_word' id='word_1_473' title='bbox 2915 1054 3399 1123; x_wconf 76' lang='grc' dir='ltr'>πρωτομανδάτορι</span> <span class='ocrx_word' id='word_1_474' title='bbox 3455 1053 3752 1118; x_wconf 73' lang='grc' dir='ltr'>ἀπεπνίγη.</span> <span class='ocrx_word' id='word_1_475' title='bbox 3791 1051 4061 1122; x_wconf 69' lang='grc' dir='ltr'>Ἀργυροὶ</span> 
     </span>
    </p>
   </div>
   <div class='ocr_carea' id='block_1_70' title="bbox 2467 1141 4062 1214">
    <p class='ocr_par' dir='ltr' id='par_1_70' title="bbox 2467 1141 4062 1214">
     <span class='ocr_line' id='line_1_70' title="bbox 2467 1141 4062 1214; baseline -0.005 -14"><span class='ocrx_word' id='word_1_476' title='bbox 2467 1149 2544 1213; x_wconf 80' lang='grc' dir='ltr'><strong>δὲ,</strong></span> <span class='ocrx_word' id='word_1_477' title='bbox 2579 1149 2606 1200; x_wconf 81' lang='grc' dir='ltr'><strong>ὃ</strong></span> <span class='ocrx_word' id='word_1_478' title='bbox 2629 1165 2686 1200; x_wconf 89' lang='grc' dir='ltr'><strong>τε</strong></span> <span class='ocrx_word' id='word_1_479' title='bbox 2720 1148 2891 1208; x_wconf 74' lang='grc' dir='ltr'>Πόθος</span> <span class='ocrx_word' id='word_1_480' title='bbox 2918 1146 3182 1200; x_wconf 80' lang='grc' dir='ltr'>κα“ιΛέων</span> <span class='ocrx_word' id='word_1_481' title='bbox 3220 1146 3540 1214; x_wconf 77' lang='grc' dir='ltr'>πατρίκιος,</span> <span class='ocrx_word' id='word_1_482' title='bbox 3579 1145 3636 1197; x_wconf 80' lang='grc' dir='ltr'><strong>ὲν</strong></span> <span class='ocrx_word' id='word_1_483' title='bbox 3693 1142 3771 1212; x_wconf 77' lang='grc' dir='ltr'>τῷ</span> <span class='ocrx_word' id='word_1_484' title='bbox 3825 1141 4062 1195; x_wconf 82' lang='grc' dir='ltr'>καστελ-</span> 
     </span>
    </p>
   </div>
   <div class='ocr_carea' id='block_1_71' title="bbox 2470 1233 4061 1309">
    <p class='ocr_par' dir='ltr' id='par_1_71' title="bbox 2470 1233 4061 1309">
     <span class='ocr_line' id='line_1_71' title="bbox 2470 1233 4061 1309; baseline -0.004 -19"><span class='ocrx_word' id='word_1_485' title='bbox 2470 1240 2568 1309; x_wconf 82' lang='grc' dir='ltr'>λίῳ</span> <span class='ocrx_word' id='word_1_486' title='bbox 2603 1236 2878 1306; x_wconf 78' lang='grc' dir='ltr'>φυγόντες“</span> <span class='ocrx_word' id='word_1_487' title='bbox 2895 1237 3254 1308; x_wconf 85' lang='grc' dir='ltr'>διεσώθησαν.</span> <span class='ocrx_word' id='word_1_488' title='bbox 3287 1237 3532 1306; x_wconf 70' lang='grc' dir='ltr'><strong>Πλὼῐμοι</strong></span> <span class='ocrx_word' id='word_1_489' title='bbox 3563 1237 3618 1287; x_wconf 81' lang='grc' dir='ltr'><strong>δὲ</strong></span> <span class='ocrx_word' id='word_1_490' title='bbox 3642 1236 3736 1287; x_wconf 70' lang='grc' dir='ltr'><strong>καὶ</strong></span> <span class='ocrx_word' id='word_1_491' title='bbox 3786 1234 3843 1286; x_wconf 74' lang='grc' dir='ltr'>τὸ</span> <span class='ocrx_word' id='word_1_492' title='bbox 3904 1233 4061 1286; x_wconf 81' lang='grc' dir='ltr'>ᾶπαν</span> 
     </span>
    </p>
   </div>
   <div class='ocr_carea' id='block_1_72' title="bbox 2470 1328 4063 1400">
    <p class='ocr_par' dir='ltr' id='par_1_72' title="bbox 2470 1328 4063 1400">
     <span class='ocr_line' id='line_1_72' title="bbox 2470 1328 4063 1400; baseline -0.004 -18"><span class='ocrx_word' id='word_1_493' title='bbox 2470 1330 2695 1400; x_wconf 77' lang='grc' dir='ltr'>πλῆθος,</span> <span class='ocrx_word' id='word_1_494' title='bbox 2733 1330 2781 1382; x_wconf 86' lang='grc' dir='ltr'>οἱ</span> <span class='ocrx_word' id='word_1_495' title='bbox 2818 1329 2916 1398; x_wconf 81' lang='grc' dir='ltr'>μὲν</span> <span class='ocrx_word' id='word_1_496' title='bbox 2935 1330 3036 1390; x_wconf 68' lang='grc' dir='ltr'>τὰς</span> <span class='ocrx_word' id='word_1_497' title='bbox 3067 1330 3175 1382; x_wconf 83' lang='grc' dir='ltr'>τῶν</span> <span class='ocrx_word' id='word_1_498' title='bbox 3208 1328 3484 1398; x_wconf 75' lang='grc' dir='ltr'>πολεμίων</span> <span class='ocrx_word' id='word_1_499' title='bbox 3517 1330 3706 1396; x_wconf 83' lang='grc' dir='ltr'>χεῖρας</span> <span class='ocrx_word' id='word_1_500' title='bbox 3738 1329 4063 1394; x_wconf 74' lang='grc' dir='ltr'>φεύγοντες</span> 
     </span>
    </p>
   </div>
   <div class='ocr_carea' id='block_1_73' title="bbox 2469 1417 4062 1492">
    <p class='ocr_par' dir='ltr' id='par_1_73' title="bbox 2469 1417 4062 1492">
     <span class='ocr_line' id='line_1_73' title="bbox 2469 1417 4062 1492; baseline -0.003 -18"><span class='ocrx_word' id='word_1_501' title='bbox 2469 1423 2526 1474; x_wconf 81' lang='grc' dir='ltr'>ἐν</span> <span class='ocrx_word' id='word_1_502' title='bbox 2555 1424 2618 1492; x_wconf 78' lang='grc' dir='ltr'>τῇ</span> <span class='ocrx_word' id='word_1_503' title='bbox 2659 1421 2903 1490; x_wconf 80' lang='grc' dir='ltr'><strong>Θαλάσσῃ</strong></span> <span class='ocrx_word' id='word_1_504' title='bbox 2930 1422 3339 1490; x_wconf 84' lang='grc' dir='ltr'>ἀπεπνίγησαν,</span> <span class='ocrx_word' id='word_1_505' title='bbox 3381 1417 3532 1492; x_wconf 63' lang='lat'><strong>[9.59]</strong></span> <span class='ocrx_word' id='word_1_506' title='bbox 3553 1421 3602 1472; x_wconf 87' lang='grc' dir='ltr'><strong>οἱ</strong></span> <span class='ocrx_word' id='word_1_507' title='bbox 3629 1420 3683 1472; x_wconf 74' lang='grc' dir='ltr'><strong>δὲ</strong></span> <span class='ocrx_word' id='word_1_508' title='bbox 3712 1419 3933 1488; x_wconf 71' lang='grc' dir='ltr'>σιδήρου</span> <span class='ocrx_word' id='word_1_509' title='bbox 3959 1434 4062 1485; x_wconf 84' lang='grc' dir='ltr'>γε-</span> 
     </span>
    </p>
   </div>
   <div class='ocr_carea' id='block_1_74' title="bbox 2469 1510 4063 1582">
    <p class='ocr_par' dir='ltr' id='par_1_74' title="bbox 2469 1510 4063 1582">
     <span class='ocr_line' id='line_1_74' title="bbox 2469 1510 4063 1582; baseline -0.004 -16"><span class='ocrx_word' id='word_1_510' title='bbox 2469 1513 2657 1580; x_wconf 84' lang='grc' dir='ltr'>γόνασι</span> <span class='ocrx_word' id='word_1_511' title='bbox 2685 1513 3086 1582; x_wconf 76' lang='grc' dir='ltr'><strong>παρανάλωμα,</strong></span> <span class='ocrx_word' id='word_1_512' title='bbox 3117 1514 3165 1562; x_wconf 80' lang='grc' dir='ltr'>οἱ</span> <span class='ocrx_word' id='word_1_513' title='bbox 3186 1513 3242 1564; x_wconf 79' lang='grc' dir='ltr'><strong>δὲ</strong></span> <span class='ocrx_word' id='word_1_514' title='bbox 3276 1515 3430 1581; x_wconf 81' lang='grc' dir='ltr'>χερσὶ</span> <span class='ocrx_word' id='word_1_515' title='bbox 3477 1510 3869 1579; x_wconf 82' lang='grc' dir='ltr'>Βουλγαρικαίς</span> <span class='ocrx_word' id='word_1_516' title='bbox 3931 1527 4063 1562; x_wconf 86' lang='grc' dir='ltr'>συν-</span> 
     </span>
    </p>
   </div>
   <div class='ocr_carea' id='block_1_75' title="bbox 2468 1600 4064 1671">
    <p class='ocr_par' dir='ltr' id='par_1_75' title="bbox 2468 1600 4064 1671">
     <span class='ocr_line' id='line_1_75' title="bbox 2468 1600 4064 1671; baseline -0.003 -17"><span class='ocrx_word' id='word_1_517' title='bbox 2468 1601 2799 1670; x_wconf 77' lang='grc' dir='ltr'>ελήφθησαν.</span> <span class='ocrx_word' id='word_1_518' title='bbox 2833 1603 2896 1654; x_wconf 77' lang='lat' dir='ltr'><strong>0i.</strong></span> <span class='ocrx_word' id='word_1_519' title='bbox 2930 1601 2985 1654; x_wconf 82' lang='grc' dir='ltr'><strong>δὲ</strong></span> <span class='ocrx_word' id='word_1_520' title='bbox 3032 1600 3334 1671; x_wconf 79' lang='grc' dir='ltr'>Βούλγαροι</span> <span class='ocrx_word' id='word_1_521' title='bbox 3374 1601 3576 1671; x_wconf 79' lang='grc' dir='ltr'>μηδένα</span> <span class='ocrx_word' id='word_1_522' title='bbox 3608 1602 3698 1653; x_wconf 76' lang='grc' dir='ltr'>τδν</span> <span class='ocrx_word' id='word_1_523' title='bbox 3728 1601 4064 1653; x_wconf 65' lang='grc' dir='ltr'>διακωλύον-</span> 
     </span>
    </p>
   </div>
   <div class='ocr_carea' id='block_1_76' title="bbox 2467 1689 4063 1758">
    <p class='ocr_par' dir='ltr' id='par_1_76' title="bbox 2467 1689 4063 1758">
     <span class='ocr_line' id='line_1_76' title="bbox 2467 1689 4063 1758; baseline -0.002 -17"><span class='ocrx_word' id='word_1_524' title='bbox 2467 1707 2536 1743; x_wconf 85' lang='grc' dir='ltr'>τα</span> <span class='ocrx_word' id='word_1_525' title='bbox 2565 1689 2780 1758; x_wconf 77' lang='grc' dir='ltr'>ἔχοντες</span> <span class='ocrx_word' id='word_1_526' title='bbox 2810 1691 2879 1742; x_wconf 77' lang='grc' dir='ltr'>τά</span> <span class='ocrx_word' id='word_1_527' title='bbox 2907 1707 2965 1740; x_wconf 89' lang='grc' dir='ltr'><strong>τε</strong></span> <span class='ocrx_word' id='word_1_528' title='bbox 2990 1689 3096 1740; x_wconf 85' lang='grc' dir='ltr'><strong>τῶν</strong></span> <span class='ocrx_word' id='word_1_529' title='bbox 3139 1689 3340 1756; x_wconf 83' lang='grc' dir='ltr'>Πηγῶν</span> <span class='ocrx_word' id='word_1_530' title='bbox 3381 1689 3622 1741; x_wconf 78' lang='grc' dir='ltr'>παλάτια</span> <span class='ocrx_word' id='word_1_531' title='bbox 3665 1689 4063 1757; x_wconf 68' lang='grc' dir='ltr'>ἐπυρπόλησαν</span> 
     </span>
    </p>
   </div>
   <div class='ocr_carea' id='block_1_77' title="bbox 2469 1780 4062 1850">
    <p class='ocr_par' dir='ltr' id='par_1_77' title="bbox 2469 1780 4062 1850">
     <span class='ocr_line' id='line_1_77' title="bbox 2469 1780 4062 1850; baseline 0 -17"><span class='ocrx_word' id='word_1_532' title='bbox 2469 1781 2562 1833; x_wconf 82' lang='grc' dir='ltr'><strong>καὶ</strong></span> <span class='ocrx_word' id='word_1_533' title='bbox 2592 1780 2652 1831; x_wconf 75' lang='grc' dir='ltr'>τὸ</span> <span class='ocrx_word' id='word_1_534' title='bbox 2680 1782 2873 1833; x_wconf 79' lang='grc' dir='ltr'>Στενὸν</span> <span class='ocrx_word' id='word_1_535' title='bbox 2899 1781 3045 1834; x_wconf 82' lang='grc' dir='ltr'>ἆπαν</span> <span class='ocrx_word' id='word_1_536' title='bbox 3082 1783 3452 1834; x_wconf 82' lang='grc' dir='ltr'>κατέκαυσαν.</span> <span class='ocrx_word' id='word_1_537' title='bbox 3519 1780 3705 1843; x_wconf 72' lang='grc' dir='ltr'>Οὕτως</span> <span class='ocrx_word' id='word_1_538' title='bbox 3746 1784 3849 1850; x_wconf 79' lang='grc' dir='ltr'>ἄρα</span> <span class='ocrx_word' id='word_1_539' title='bbox 3879 1782 4062 1833; x_wconf 66' lang='grc' dir='ltr'>δεινὲιν</span> 
     </span>
    </p>
   </div>
   <div class='ocr_carea' id='block_1_78' title="bbox 2398 1865 3981 1944">
    <p class='ocr_par' dir='ltr' id='par_1_78' title="bbox 2398 1865 3981 1944">
     <span class='ocr_line' id='line_1_78' title="bbox 2398 1865 3981 1944; baseline -0.001 -17"><span class='ocrx_word' id='word_1_540' title='bbox 2398 1865 2436 1918; x_wconf 71' lang='grc' dir='ltr'>Ῑῖ</span> <span class='ocrx_word' id='word_1_541' title='bbox 2468 1873 2694 1927; x_wconf 75' lang='grc' dir='ltr'>ἀϐουλία</span> <span class='ocrx_word' id='word_1_542' title='bbox 2723 1875 2816 1927; x_wconf 75' lang='grc' dir='ltr'><strong>καὶ</strong></span> <span class='ocrx_word' id='word_1_543' title='bbox 2845 1875 3068 1943; x_wconf 78' lang='grc' dir='ltr'><strong>ἀπειρία</strong></span> <span class='ocrx_word' id='word_1_544' title='bbox 3101 1874 3414 1944; x_wconf 77' lang='grc' dir='ltr'>θρασύτητα</span> <span class='ocrx_word' id='word_1_545' title='bbox 3441 1873 3728 1943; x_wconf 75' lang='grc' dir='ltr'>σύμμαχον</span> <span class='ocrx_word' id='word_1_546' title='bbox 3759 1876 3981 1943; x_wconf 79' lang='grc' dir='ltr'>ἔχουσα.</span> 
     </span>
    </p>
   </div>
   <div class='ocr_carea' id='block_1_79' title="bbox 2543 1963 4064 2034">
    <p class='ocr_par' dir='ltr' id='par_1_79' title="bbox 2543 1963 4064 2034">
     <span class='ocr_line' id='line_1_79' title="bbox 2543 1963 4064 2034; baseline 0.001 -18"><span class='ocrx_word' id='word_1_547' title='bbox 2543 1963 2817 2018; x_wconf 74' lang='grc' dir='ltr'><strong>θ’.1⁴Σίκάδι</strong></span> <span class='ocrx_word' id='word_1_548' title='bbox 2849 1965 2904 2016; x_wconf 84' lang='grc' dir='ltr'><strong>δὲ</strong></span> <span class='ocrx_word' id='word_1_549' title='bbox 2925 1965 3278 2034; x_wconf 72' lang='grc' dir='ltr'>Φεϐρουαρίῳ</span> <span class='ocrx_word' id='word_1_550' title='bbox 3315 1967 3463 2034; x_wconf 72' lang='grc' dir='ltr'>μηνὶ,</span> <span class='ocrx_word' id='word_1_551' title='bbox 3504 1964 3838 2025; x_wconf 81' lang='grc' dir='ltr'>ἱνδικτιῶνος</span> <span class='ocrx_word' id='word_1_552' title='bbox 3894 1965 4064 2018; x_wconf 72' lang='grc' dir='ltr'>δεκα-</span> 
     </span>
    </p>
   </div>
   <div class='ocr_carea' id='block_1_80' title="bbox 2469 2056 4065 2126">
    <p class='ocr_par' dir='ltr' id='par_1_80' title="bbox 2469 2056 4065 2126">
     <span class='ocr_line' id='line_1_80' title="bbox 2469 2056 4065 2126; baseline -0.001 -17"><span class='ocrx_word' id='word_1_553' title='bbox 2469 2073 2588 2124; x_wconf 87' lang='grc' dir='ltr'>της,</span> <span class='ocrx_word' id='word_1_554' title='bbox 2612 2056 2865 2124; x_wconf 80' lang='grc' dir='ltr'>θεοδὼρα</span> <span class='ocrx_word' id='word_1_555' title='bbox 2893 2057 3126 2124; x_wconf 77' lang='grc' dir='ltr'>σύμϐιος</span> <span class='ocrx_word' id='word_1_556' title='bbox 3175 2056 3461 2125; x_wconf 82' lang='grc' dir='ltr'>Ῥωμανοῦ</span> <span class='ocrx_word' id='word_1_557' title='bbox 3493 2057 3739 2126; x_wconf 76' lang='grc' dir='ltr'>τελευτᾷ.</span> <span class='ocrx_word' id='word_1_558' title='bbox 3775 2057 3868 2108; x_wconf 76' lang='grc' dir='ltr'><strong>καὶ</strong></span> <span class='ocrx_word' id='word_1_559' title='bbox 3927 2075 4065 2108; x_wconf 69' lang='grc' dir='ltr'>κατ-</span> 
     </span>
    </p>
   </div>
   <div class='ocr_carea' id='block_1_81' title="bbox 2469 2147 4063 2217">
    <p class='ocr_par' dir='ltr' id='par_1_81' title="bbox 2469 2147 4063 2217">
     <span class='ocr_line' id='line_1_81' title="bbox 2469 2147 4063 2217; baseline -0.002 -19"><span class='ocrx_word' id='word_1_560' title='bbox 2469 2147 2628 2216; x_wconf 87' lang='grc' dir='ltr'>ετέθη</span> <span class='ocrx_word' id='word_1_561' title='bbox 2657 2148 2716 2200; x_wconf 84' lang='grc' dir='ltr'>τὸ</span> <span class='ocrx_word' id='word_1_562' title='bbox 2740 2147 2898 2215; x_wconf 81' lang='grc' dir='ltr'>σῶμα.</span> <span class='ocrx_word' id='word_1_563' title='bbox 2923 2149 3094 2216; x_wconf 75' lang='grc' dir='ltr'>αὐτῆς</span> <span class='ocrx_word' id='word_1_564' title='bbox 3127 2149 3182 2198; x_wconf 76' lang='grc' dir='ltr'><strong>ἐν</strong></span> <span class='ocrx_word' id='word_1_565' title='bbox 3211 2147 3288 2215; x_wconf 77' lang='grc' dir='ltr'>τῷ</span> <span class='ocrx_word' id='word_1_566' title='bbox 3312 2147 3448 2217; x_wconf 75' lang='grc' dir='ltr'>οἴκῳ</span> <span class='ocrx_word' id='word_1_567' title='bbox 3473 2148 3639 2199; x_wconf 77' lang='grc' dir='ltr'><strong>αὖτοῦ</strong></span> <span class='ocrx_word' id='word_1_568' title='bbox 3665 2147 3755 2199; x_wconf 73' lang='grc' dir='ltr'>τοῦ</span> <span class='ocrx_word' id='word_1_569' title='bbox 3787 2147 4063 2215; x_wconf 78' lang='grc' dir='ltr'>βασιλέως</span> 
     </span>
    </p>
   </div>
   <div class='ocr_carea' id='block_1_82' title="bbox 2481 2239 4065 2310">
    <p class='ocr_par' dir='ltr' id='par_1_82' title="bbox 2481 2239 4065 2310">
     <span class='ocr_line' id='line_1_82' title="bbox 2481 2239 4065 2310; baseline -0.002 -18"><span class='ocrx_word' id='word_1_570' title='bbox 2481 2240 2758 2308; x_wconf 80' lang='grc' dir='ltr'>Ῥωμανοῦ</span> <span class='ocrx_word' id='word_1_571' title='bbox 2789 2240 2866 2310; x_wconf 77' lang='grc' dir='ltr'>τῷ</span> <span class='ocrx_word' id='word_1_572' title='bbox 2902 2241 2990 2292; x_wconf 74' lang='grc' dir='ltr'><strong>ὑπ’</strong></span> <span class='ocrx_word' id='word_1_573' title='bbox 3015 2239 3179 2292; x_wconf 76' lang='grc' dir='ltr'>αὑτοῦ</span> <span class='ocrx_word' id='word_1_574' title='bbox 3215 2239 3577 2308; x_wconf 79' lang='grc' dir='ltr'>μοναστήριον</span> <span class='ocrx_word' id='word_1_575' title='bbox 3601 2241 3945 2306; x_wconf 51' lang='grc' dir='ltr'>ἁμειςθέντι.</span> <span class='ocrx_word' id='word_1_576' title='bbox 3967 2239 4065 2307; x_wconf 76' lang='grc' dir='ltr'><strong>Τῷ</strong></span> 
     </span>
    </p>
   </div>
   <div class='ocr_carea' id='block_1_83' title="bbox 2469 2329 4066 2401">
    <p class='ocr_par' dir='ltr' id='par_1_83' title="bbox 2469 2329 4066 2401">
     <span class='ocr_line' id='line_1_83' title="bbox 2469 2329 4066 2401; baseline 0.001 -19"><span class='ocrx_word' id='word_1_577' title='bbox 2469 2332 2525 2383; x_wconf 80' lang='grc' dir='ltr'><strong>δὲ</strong></span> <span class='ocrx_word' id='word_1_578' title='bbox 2548 2331 2696 2400; x_wconf 74' lang='grc' dir='ltr'>αὐτῷ</span> <span class='ocrx_word' id='word_1_579' title='bbox 2727 2333 2858 2401; x_wconf 70' lang='grc' dir='ltr'>μηνὶ</span> <span class='ocrx_word' id='word_1_580' title='bbox 2892 2332 3149 2398; x_wconf 79' lang='grc' dir='ltr'><strong>στέφεται</strong></span> <span class='ocrx_word' id='word_1_581' title='bbox 3179 2330 3348 2397; x_wconf 67' lang='grc' dir='ltr'>Σοφία</span> <span class='ocrx_word' id='word_1_582' title='bbox 3375 2331 3408 2400; x_wconf 76' lang='grc' dir='ltr'><strong>ἠ</strong></span> <span class='ocrx_word' id='word_1_583' title='bbox 3437 2329 3530 2382; x_wconf 80' lang='grc' dir='ltr'>τοῦ</span> <span class='ocrx_word' id='word_1_584' title='bbox 3583 2330 3847 2400; x_wconf 82' lang='grc' dir='ltr'>βασιλέως</span> <span class='ocrx_word' id='word_1_585' title='bbox 3919 2334 4066 2400; x_wconf 78' lang='grc' dir='ltr'>Χρι-</span> 
     </span>
    </p>
   </div>
   <div class='ocr_carea' id='block_1_84' title="bbox 2471 2420 4065 2492">
    <p class='ocr_par' dir='ltr' id='par_1_84' title="bbox 2471 2420 4065 2492">
     <span class='ocr_line' id='line_1_84' title="bbox 2471 2420 4065 2492; baseline -0.002 -18"><span class='ocrx_word' id='word_1_586' title='bbox 2471 2422 2732 2492; x_wconf 71' lang='grc' dir='ltr'>στοφόρου</span> <span class='ocrx_word' id='word_1_587' title='bbox 2757 2423 2914 2490; x_wconf 83' lang='grc' dir='ltr'>γυνή.</span> <span class='ocrx_word' id='word_1_588' title='bbox 2993 2420 3307 2488; x_wconf 85' lang='grc' dir='ltr'>Τηνικαῦτα</span> <span class='ocrx_word' id='word_1_589' title='bbox 3333 2421 3390 2472; x_wconf 81' lang='grc' dir='ltr'><strong>δὲ</strong></span> <span class='ocrx_word' id='word_1_590' title='bbox 3427 2422 3518 2470; x_wconf 79' lang='grc' dir='ltr'>καὶ</span> <span class='ocrx_word' id='word_1_591' title='bbox 3559 2421 3586 2470; x_wconf 77' lang='grc' dir='ltr'><strong>ὁ</strong></span> <span class='ocrx_word' id='word_1_592' title='bbox 3641 2422 4065 2490; x_wconf 63' lang='grc' dir='ltr'>κουροπαλὰτης</span> 
     </span>
    </p>
   </div>
   <div class='ocr_carea' id='block_1_85' title="bbox 2473 2511 4066 2583">
    <p class='ocr_par' dir='ltr' id='par_1_85' title="bbox 2473 2511 4066 2583">
     <span class='ocr_line' id='line_1_85' title="bbox 2473 2511 4066 2583; baseline 0.003 -22"><span class='ocrx_word' id='word_1_593' title='bbox 2473 2512 2630 2580; x_wconf 78' lang='grc' dir='ltr'>Ἴὸηρ</span> <span class='ocrx_word' id='word_1_594' title='bbox 2671 2515 2728 2565; x_wconf 84' lang='grc' dir='ltr'><strong>ὲν</strong></span> <span class='ocrx_word' id='word_1_595' title='bbox 2771 2516 2837 2582; x_wconf 85' lang='grc' dir='ltr'>τῇ</span> <span class='ocrx_word' id='word_1_596' title='bbox 2893 2513 3047 2565; x_wconf 69' lang='grc' dir='ltr'>πόλει</span> <span class='ocrx_word' id='word_1_597' title='bbox 3087 2511 3443 2583; x_wconf 86' lang='grc' dir='ltr'>παρεγένετο,</span> <span class='ocrx_word' id='word_1_598' title='bbox 3500 2513 3593 2563; x_wconf 73' lang='grc' dir='ltr'><strong>καὶ</strong></span> <span class='ocrx_word' id='word_1_599' title='bbox 3617 2512 3707 2563; x_wconf 79' lang='grc' dir='ltr'><strong>δια</strong></span> <span class='ocrx_word' id='word_1_600' title='bbox 3748 2513 3926 2581; x_wconf 79' lang='grc' dir='ltr'>μέσης</span> <span class='ocrx_word' id='word_1_601' title='bbox 3957 2515 4066 2581; x_wconf 76' lang='grc' dir='ltr'>τῆς</span> 
     </span>
    </p>
   </div>
   <div class='ocr_carea' id='block_1_86' title="bbox 2467 2604 4067 2676">
    <p class='ocr_par' dir='ltr' id='par_1_86' title="bbox 2467 2604 4067 2676">
     <span class='ocr_line' id='line_1_86' title="bbox 2467 2604 4067 2676; baseline -0.009 -18"><span class='ocrx_word' id='word_1_602' title='bbox 2467 2607 2670 2675; x_wconf 81' lang='grc' dir='ltr'>ἀγορᾶς</span> <span class='ocrx_word' id='word_1_603' title='bbox 2699 2604 2943 2665; x_wconf 74' lang='grc' dir='ltr'>διελθὼν,</span> <span class='ocrx_word' id='word_1_604' title='bbox 2969 2605 3396 2676; x_wconf 81' lang='grc' dir='ltr'><strong>κεκοσμημένης</strong></span> <span class='ocrx_word' id='word_1_605' title='bbox 3417 2604 3710 2673; x_wconf 76' lang='grc' dir='ltr'><strong>λαμπρῶς,</strong></span> <span class='ocrx_word' id='word_1_606' title='bbox 3734 2606 3870 2672; x_wconf 74' lang='grc' dir='ltr'><strong>μετά</strong></span> <span class='ocrx_word' id='word_1_607' title='bbox 3895 2605 4067 2674; x_wconf 61' lang='grc' dir='ltr'>δόξης</span> 
     </span>
    </p>
   </div>
   <div class='ocr_carea' id='block_1_87' title="bbox 2469 2698 4069 2768">
    <p class='ocr_par' dir='ltr' id='par_1_87' title="bbox 2469 2698 4069 2768">
     <span class='ocr_line' id='line_1_87' title="bbox 2469 2698 4069 2768; baseline -0.002 -16"><span class='ocrx_word' id='word_1_608' title='bbox 2469 2699 2669 2767; x_wconf 82' lang='grc' dir='ltr'>πολλῆς</span> <span class='ocrx_word' id='word_1_609' title='bbox 2732 2699 2825 2750; x_wconf 73' lang='grc' dir='ltr'>καὶ</span> <span class='ocrx_word' id='word_1_610' title='bbox 2873 2699 3036 2768; x_wconf 85' lang='grc' dir='ltr'>τιμῆς</span> <span class='ocrx_word' id='word_1_611' title='bbox 3090 2699 3362 2768; x_wconf 78' lang='grc' dir='ltr'><strong>ὑπεδέχθη</strong></span> <span class='ocrx_word' id='word_1_612' title='bbox 3390 2716 3403 2729; x_wconf 82' lang='grc'><strong>⁸</strong></span> <span class='ocrx_word' id='word_1_613' title='bbox 3440 2698 3498 2749; x_wconf 86' lang='grc' dir='ltr'><strong>ὃν</strong></span> <span class='ocrx_word' id='word_1_614' title='bbox 3527 2699 3622 2751; x_wconf 73' lang='grc' dir='ltr'>καὶ</span> <span class='ocrx_word' id='word_1_615' title='bbox 3664 2700 3722 2750; x_wconf 85' lang='grc' dir='ltr'>ἐν</span> <span class='ocrx_word' id='word_1_616' title='bbox 3782 2699 3849 2766; x_wconf 80' lang='grc' dir='ltr'>τῇ</span> <span class='ocrx_word' id='word_1_617' title='bbox 3895 2699 4069 2768; x_wconf 68' lang='grc' dir='ltr'>’Δγία</span> 
     </span>
    </p>
   </div>
   <div class='ocr_carea' id='block_1_88' title="bbox 2468 2790 4069 2860">
    <p class='ocr_par' dir='ltr' id='par_1_88' title="bbox 2468 2790 4069 2860">
     <span class='ocr_line' id='line_1_88' title="bbox 2468 2790 4069 2860; baseline -0.001 -16"><span class='ocrx_word' id='word_1_618' title='bbox 2468 2793 2559 2845; x_wconf 79' lang='grc' dir='ltr'><strong>τοῦ</strong></span> <span class='ocrx_word' id='word_1_619' title='bbox 2592 2791 2726 2843; x_wconf 79' lang='grc' dir='ltr'>Θεοῦ</span> <span class='ocrx_word' id='word_1_620' title='bbox 2764 2792 2931 2860; x_wconf 71' lang='grc' dir='ltr'>Σοφίᾳ</span> <span class='ocrx_word' id='word_1_621' title='bbox 2953 2791 3267 2860; x_wconf 80' lang='grc' dir='ltr'><strong>ἀπήγαγον,</strong></span> <span class='ocrx_word' id='word_1_622' title='bbox 3301 2790 3363 2843; x_wconf 79' lang='grc' dir='ltr'>τὸ</span> <span class='ocrx_word' id='word_1_623' title='bbox 3393 2791 3585 2854; x_wconf 73' lang='grc' dir='ltr'>καλλος</span> <span class='ocrx_word' id='word_1_624' title='bbox 3632 2792 3801 2860; x_wconf 70' lang='grc' dir='ltr'>αὐτῆς</span> <span class='ocrx_word' id='word_1_625' title='bbox 3852 2792 3950 2843; x_wconf 71' lang='grc' dir='ltr'><strong>καὶ</strong></span> <span class='ocrx_word' id='word_1_626' title='bbox 4001 2793 4069 2842; x_wconf 76' lang='grc' dir='ltr'>τὸ</span> 
     </span>
    </p>
   </div>
   <div class='ocr_carea' id='block_1_89' title="bbox 2473 2881 4068 2951">
    <p class='ocr_par' dir='ltr' id='par_1_89' title="bbox 2473 2881 4068 2951">
     <span class='ocr_line' id='line_1_89' title="bbox 2473 2881 4068 2951; baseline -0.002 -16"><span class='ocrx_word' id='word_1_627' title='bbox 2473 2882 2700 2951; x_wconf 81' lang='grc' dir='ltr'>μέγεθος</span> <span class='ocrx_word' id='word_1_628' title='bbox 2732 2881 3063 2950; x_wconf 80' lang='grc' dir='ltr'>θεασόμενον</span> <span class='ocrx_word' id='word_1_629' title='bbox 3091 2882 3296 2934; x_wconf 77' lang='grc' dir='ltr'>καὶτὸν</span> <span class='ocrx_word' id='word_1_630' title='bbox 3331 2883 3596 2950; x_wconf 82' lang='grc' dir='ltr'>πολυτελῆ</span> <span class='ocrx_word' id='word_1_631' title='bbox 3626 2882 3852 2951; x_wconf 80' lang='grc' dir='ltr'>κόσμον.</span> <span class='ocrx_word' id='word_1_632' title='bbox 3911 2883 4068 2935; x_wconf 74' lang='grc' dir='ltr'><strong>Καλ-</strong></span> 
     </span>
    </p>
   </div>
   <div class='ocr_carea' id='block_1_90' title="bbox 2468 2974 4060 3046">
    <p class='ocr_par' dir='ltr' id='par_1_90' title="bbox 2468 2974 4060 3046">
     <span class='ocr_line' id='line_1_90' title="bbox 2468 2974 4060 3046; baseline 0 -20"><span class='ocrx_word' id='word_1_633' title='bbox 2468 2974 2802 3038; x_wconf 80' lang='grc' dir='ltr'>λωπίσαντες</span> <span class='ocrx_word' id='word_1_634' title='bbox 2832 2977 2938 3044; x_wconf 75' lang='grc' dir='ltr'>γὰρ</span> <span class='ocrx_word' id='word_1_635' title='bbox 2968 2975 3171 3046; x_wconf 84' lang='grc' dir='ltr'>ταύτην</span> <span class='ocrx_word' id='word_1_636' title='bbox 3201 2976 3294 3028; x_wconf 77' lang='grc' dir='ltr'><strong>καὶ</strong></span> <span class='ocrx_word' id='word_1_637' title='bbox 3335 2977 3784 3046; x_wconf 77' lang='grc' dir='ltr'>τεεριστείλαντες</span> <span class='ocrx_word' id='word_1_638' title='bbox 3816 2977 4060 3036; x_wconf 74' lang='grc' dir='ltr'>πέπλοις</span> 
     </span>
    </p>
   </div>
   <div class='ocr_carea' id='block_1_91' title="bbox 2467 3068 4066 3138">
    <p class='ocr_par' dir='ltr' id='par_1_91' title="bbox 2467 3068 4066 3138">
     <span class='ocr_line' id='line_1_91' title="bbox 2467 3068 4066 3138; baseline -0.001 -19"><span class='ocrx_word' id='word_1_639' title='bbox 2467 3070 2798 3138; x_wconf 83' lang='grc' dir='ltr'>χρυσοῦφέσι</span> <span class='ocrx_word' id='word_1_640' title='bbox 2861 3068 2956 3120; x_wconf 74' lang='grc' dir='ltr'><strong>καὶ</strong></span> <span class='ocrx_word' id='word_1_641' title='bbox 2987 3069 3180 3138; x_wconf 79' lang='grc' dir='ltr'>κόσμῳ</span> <span class='ocrx_word' id='word_1_642' title='bbox 3205 3070 3468 3137; x_wconf 79' lang='grc' dir='ltr'>παντοίῳ,</span> <span class='ocrx_word' id='word_1_643' title='bbox 3514 3068 3685 3122; x_wconf 72' lang='grc' dir='ltr'>οὕτως</span> <span class='ocrx_word' id='word_1_644' title='bbox 3725 3068 3892 3122; x_wconf 71' lang='grc' dir='ltr'>αὑτὸν</span> <span class='ocrx_word' id='word_1_645' title='bbox 3945 3071 4066 3119; x_wconf 83' lang='grc' dir='ltr'>εἰσ-</span> 
     </span>
    </p>
   </div>
   <div class='ocr_carea' id='block_1_92' title="bbox 2469 3160 4066 3231">
    <p class='ocr_par' dir='ltr' id='par_1_92' title="bbox 2469 3160 4066 3231">
     <span class='ocr_line' id='line_1_92' title="bbox 2469 3160 4066 3231; baseline -0.001 -17"><span class='ocrx_word' id='word_1_646' title='bbox 2469 3162 2676 3230; x_wconf 86' lang='grc' dir='ltr'>ήγαγον</span> <span class='ocrx_word' id='word_1_647' title='bbox 2703 3163 2759 3212; x_wconf 84' lang='grc' dir='ltr'>ὲν</span> <span class='ocrx_word' id='word_1_648' title='bbox 2782 3161 2940 3231; x_wconf 81' lang='grc' dir='ltr'>αὐτῇ.</span> <span class='ocrx_word' id='word_1_649' title='bbox 2981 3160 3040 3212; x_wconf 85' lang='grc' dir='ltr'><strong>Ὀ</strong></span> <span class='ocrx_word' id='word_1_650' title='bbox 3063 3161 3118 3214; x_wconf 84' lang='grc' dir='ltr'><strong>δὲ</strong></span> <span class='ocrx_word' id='word_1_651' title='bbox 3142 3163 3201 3213; x_wconf 80' lang='grc' dir='ltr'><strong>τὸ</strong></span> <span class='ocrx_word' id='word_1_652' title='bbox 3224 3161 3536 3230; x_wconf 79' lang='grc' dir='ltr'>θαυμαστὸν</span> <span class='ocrx_word' id='word_1_653' title='bbox 3559 3161 3653 3213; x_wconf 78' lang='grc' dir='ltr'><strong>καὶ</strong></span> <span class='ocrx_word' id='word_1_654' title='bbox 3679 3161 4066 3230; x_wconf 80' lang='grc' dir='ltr'>ὑπερμέγεθες</span> 
     </span>
    </p>
   </div>
   <div class='ocr_carea' id='block_1_93' title="bbox 2465 3252 4068 3323">
    <p class='ocr_par' dir='ltr' id='par_1_93' title="bbox 2465 3252 4068 3323">
     <span class='ocr_line' id='line_1_93' title="bbox 2465 3252 4068 3323; baseline 0 -18"><span class='ocrx_word' id='word_1_655' title='bbox 2465 3253 2561 3305; x_wconf 79' lang='grc' dir='ltr'>τοῦ</span> <span class='ocrx_word' id='word_1_656' title='bbox 2591 3252 2718 3305; x_wconf 79' lang='grc' dir='ltr'>ναοῦ</span> <span class='ocrx_word' id='word_1_657' title='bbox 2742 3253 2902 3321; x_wconf 86' lang='grc' dir='ltr'>ἔργον</span> <span class='ocrx_word' id='word_1_658' title='bbox 2927 3253 3300 3320; x_wconf 76' lang='grc' dir='ltr'>καταπλαγεὶς</span> <span class='ocrx_word' id='word_1_659' title='bbox 3325 3253 3420 3304; x_wconf 57' lang='grc' dir='ltr'><strong>καὶ⁸</strong></span> <span class='ocrx_word' id='word_1_660' title='bbox 3437 3255 3530 3305; x_wconf 84' lang='grc' dir='ltr'><strong>τὸν</strong></span> <span class='ocrx_word' id='word_1_661' title='bbox 3561 3253 3834 3322; x_wconf 76' lang='grc' dir='ltr'>πολυτελῆ</span> <span class='ocrx_word' id='word_1_662' title='bbox 3853 3255 4068 3323; x_wconf 82' lang='grc' dir='ltr'>κόσμον</span> 
     </span>
    </p>
   </div>
   <div class='ocr_carea' id='block_1_94' title="bbox 2469 3342 4066 3414">
    <p class='ocr_par' dir='ltr' id='par_1_94' title="bbox 2469 3342 4066 3414">
     <span class='ocr_line' id='line_1_94' title="bbox 2469 3342 4066 3414; baseline 0.003 -18"><span class='ocrx_word' id='word_1_663' title='bbox 2469 3345 2924 3414; x_wconf 73' lang='grc' dir='ltr'>ὑπερθαυμάσας,</span> <span class='ocrx_word' id='word_1_664' title='bbox 2977 3345 3071 3397; x_wconf 75' lang='grc' dir='ltr'>καὶ</span> <span class='ocrx_word' id='word_1_665' title='bbox 3121 3344 3338 3413; x_wconf 82' lang='grc' dir='ltr'>ἀληθῶς</span> <span class='ocrx_word' id='word_1_666' title='bbox 3395 3344 3530 3396; x_wconf 76' lang='grc' dir='ltr'>Θεοῦ</span> <span class='ocrx_word' id='word_1_667' title='bbox 3582 3346 3871 3398; x_wconf 83' lang='grc' dir='ltr'>κατοικίαν</span> <span class='ocrx_word' id='word_1_668' title='bbox 3920 3342 4066 3402; x_wconf 85' lang='grc' dir='ltr'>εἶναι</span> 
     </span>
    </p>
   </div>
   <div class='ocr_carea' id='block_1_95' title="bbox 2465 3432 4066 3508">
    <p class='ocr_par' dir='ltr' id='par_1_95' title="bbox 2465 3432 4066 3508">
     <span class='ocr_line' id='line_1_95' title="bbox 2465 3432 4066 3508; baseline 0.001 -19"><span class='ocrx_word' id='word_1_669' title='bbox 2465 3437 2557 3489; x_wconf 71' lang='grc' dir='ltr'><strong>τὸν</strong></span> <span class='ocrx_word' id='word_1_670' title='bbox 2589 3437 2732 3508; x_wconf 73' lang='grc' dir='ltr'>ἱερου</span> <span class='ocrx_word' id='word_1_671' title='bbox 2760 3436 2937 3507; x_wconf 81' lang='grc' dir='ltr'>χῶρον</span> <span class='ocrx_word' id='word_1_672' title='bbox 2971 3437 3159 3490; x_wconf 74' lang='grc' dir='ltr'>τοῦτον</span> <span class='ocrx_word' id='word_1_673' title='bbox 3201 3435 3392 3502; x_wconf 83' lang='grc' dir='ltr'>εἰπὼν,</span> <span class='ocrx_word' id='word_1_674' title='bbox 3422 3432 3576 3498; x_wconf 77' lang='grc' dir='ltr'>αὖθις</span> <span class='ocrx_word' id='word_1_675' title='bbox 3607 3437 3958 3506; x_wconf 66' lang='grc' dir='ltr'>ὑπέστρεψεν</span> <span class='ocrx_word' id='word_1_676' title='bbox 3983 3442 4066 3500; x_wconf 81' lang='grc' dir='ltr'>εἰς</span> 
     </span>
    </p>
   </div>
   <div class='ocr_carea' id='block_1_96' title="bbox 2466 3528 2692 3581">
    <p class='ocr_par' dir='ltr' id='par_1_96' title="bbox 2466 3528 2692 3581">
     <span class='ocr_line' id='line_1_96' title="bbox 2466 3528 2692 3581; baseline 0 -1"><span class='ocrx_word' id='word_1_677' title='bbox 2466 3528 2534 3581; x_wconf 70' lang='grc' dir='ltr'>τὰ</span> <span class='ocrx_word' id='word_1_678' title='bbox 2563 3528 2692 3581; x_wconf 80' lang='grc' dir='ltr'>ἴδια.</span> 
     </span>
    </p>
   </div>
   <div class='ocr_carea' id='block_1_97' title="bbox 2539 3620 4070 3691">
    <p class='ocr_par' dir='ltr' id='par_1_97' title="bbox 2539 3620 4070 3691">
     <span class='ocr_line' id='line_1_97' title="bbox 2539 3620 4070 3691; baseline 0.002 -18"><span class='ocrx_word' id='word_1_679' title='bbox 2539 3628 2593 3675; x_wconf 92' lang='grc' dir='ltr'><strong>ι’.</strong></span> <span class='ocrx_word' id='word_1_680' title='bbox 2627 3621 2747 3672; x_wconf 79' lang='grc' dir='ltr'><strong>Τῶν</strong></span> <span class='ocrx_word' id='word_1_681' title='bbox 2786 3621 2841 3673; x_wconf 70' lang='grc' dir='ltr'><strong>δὲ</strong></span> <span class='ocrx_word' id='word_1_682' title='bbox 2873 3620 3198 3690; x_wconf 81' lang='grc' dir='ltr'>Βουλγάρων</span> <span class='ocrx_word' id='word_1_683' title='bbox 3225 3620 3389 3676; x_wconf 78' lang='grc' dir='ltr'>πάλιν</span> <span class='ocrx_word' id='word_1_684' title='bbox 3415 3621 3940 3691; x_wconf 75' lang='grc' dir='ltr'>ἐκστρατευσάντων</span> <span class='ocrx_word' id='word_1_685' title='bbox 3968 3626 4070 3676; x_wconf 71' lang='grc' dir='ltr'><strong>καὶ</strong></span> 
     </span>
    </p>
   </div>
   <div class='ocr_carea' id='block_1_98' title="bbox 2471 3716 4071 3787">
    <p class='ocr_par' dir='ltr' id='par_1_98' title="bbox 2471 3716 4071 3787">
     <span class='ocr_line' id='line_1_98' title="bbox 2471 3716 4071 3787; baseline -0.008 -3"><span class='ocrx_word' id='word_1_686' title='bbox 2471 3717 2632 3785; x_wconf 80' lang='grc' dir='ltr'>μέχρι</span> <span class='ocrx_word' id='word_1_687' title='bbox 2656 3717 2754 3780; x_wconf 65' lang='grc' dir='ltr'><strong>τῆς</strong></span> <span class='ocrx_word' id='word_1_688' title='bbox 2793 3716 2987 3782; x_wconf 76' lang='grc' dir='ltr'>Ἀγίας</span> <span class='ocrx_word' id='word_1_689' title='bbox 3030 3716 3314 3787; x_wconf 80' lang='grc' dir='ltr'>Θεοδώρας</span> <span class='ocrx_word' id='word_1_690' title='bbox 3360 3716 3624 3770; x_wconf 76' lang='grc' dir='ltr'><strong>ἐλθόντων</strong></span> <span class='ocrx_word' id='word_1_691' title='bbox 3654 3718 3940 3770; x_wconf 67' lang='grc' dir='ltr'>παλαιεων</span> <span class='ocrx_word' id='word_1_692' title='bbox 3967 3721 4071 3771; x_wconf 80' lang='grc' dir='ltr'><strong>καὶ</strong></span> 
     </span>
    </p>
   </div>
   <div class='ocr_carea' id='block_1_99' title="bbox 2465 3807 4071 3877">
    <p class='ocr_par' dir='ltr' id='par_1_99' title="bbox 2465 3807 4071 3877">
     <span class='ocr_line' id='line_1_99' title="bbox 2465 3807 4071 3877; baseline 0 -18"><span class='ocrx_word' id='word_1_693' title='bbox 2465 3807 2636 3860; x_wconf 83' lang='grc' dir='ltr'>ταῦτα</span> <span class='ocrx_word' id='word_1_694' title='bbox 2687 3807 2822 3874; x_wconf 76' lang='grc' dir='ltr'>πυρὶ</span> <span class='ocrx_word' id='word_1_695' title='bbox 2871 3807 3299 3877; x_wconf 76' lang='grc' dir='ltr'>παραδιδόντων,</span> <span class='ocrx_word' id='word_1_696' title='bbox 3364 3809 3444 3868; x_wconf 68' lang='grc' dir='ltr'>εἰς</span> <span class='ocrx_word' id='word_1_697' title='bbox 3472 3808 3749 3877; x_wconf 83' lang='grc' dir='ltr'>ἀριστονὸ</span> <span class='ocrx_word' id='word_1_698' title='bbox 3801 3807 4071 3874; x_wconf 72' lang='grc' dir='ltr'>βασιλεὺς</span> 
     </span>
    </p>
   </div>
   <div class='ocr_carea' id='block_1_100' title="bbox 2479 3899 4069 3970">
    <p class='ocr_par' dir='ltr' id='par_1_100' title="bbox 2479 3899 4069 3970">
     <span class='ocr_line' id='line_1_100' title="bbox 2479 3899 4069 3970; baseline 0.001 -18"><span class='ocrx_word' id='word_1_699' title='bbox 2479 3899 2757 3970; x_wconf 80' lang='grc' dir='ltr'>Ῥωμανὺς</span> <span class='ocrx_word' id='word_1_700' title='bbox 2807 3901 2918 3951; x_wconf 83' lang='grc' dir='ltr'><strong>τῶν</strong></span> <span class='ocrx_word' id='word_1_701' title='bbox 2964 3900 3262 3968; x_wconf 75' lang='grc' dir='ltr'><strong>ταγμάτων</strong></span> <span class='ocrx_word' id='word_1_702' title='bbox 3332 3901 3601 3970; x_wconf 78' lang='grc' dir='ltr'>ἄρχοντας</span> <span class='ocrx_word' id='word_1_703' title='bbox 3651 3902 4024 3954; x_wconf 69' lang='grc' dir='ltr'>συνεκάλεσεν</span> <span class='ocrx_word' id='word_1_704' title='bbox 4053 3943 4069 3962; x_wconf 86' lang='grc'><strong>.</strong></span> 
     </span>
    </p>
   </div>
   <div class='ocr_carea' id='block_1_101' title="bbox 2469 3991 4071 4061">
    <p class='ocr_par' dir='ltr' id='par_1_101' title="bbox 2469 3991 4071 4061">
     <span class='ocr_line' id='line_1_101' title="bbox 2469 3991 4071 4061; baseline 0.001 -17"><span class='ocrx_word' id='word_1_705' title='bbox 2469 3993 2718 4054; x_wconf 76' lang='grc' dir='ltr'><strong>συνόντος</strong></span> <span class='ocrx_word' id='word_1_706' title='bbox 2769 3992 2951 4054; x_wconf 69' lang='grc' dir='ltr'>αὐτοῖς</span> <span class='ocrx_word' id='word_1_707' title='bbox 3004 3993 3098 4044; x_wconf 82' lang='grc' dir='ltr'>καὶ</span> <span class='ocrx_word' id='word_1_708' title='bbox 3156 3991 3248 4044; x_wconf 74' lang='grc' dir='ltr'>τοῦ</span> <span class='ocrx_word' id='word_1_709' title='bbox 3300 3993 3594 4059; x_wconf 72' lang='grc' dir='ltr'>λεγομένου</span> <span class='ocrx_word' id='word_1_710' title='bbox 3635 3993 3902 4061; x_wconf 76' lang='grc' dir='ltr'>Σακτὶκη.</span> <span class='ocrx_word' id='word_1_711' title='bbox 3953 3995 4071 4046; x_wconf 75' lang='grc' dir='ltr'><strong>Καὶ</strong></span> 
     </span>
    </p>
   </div>
   <div class='ocr_carea' id='block_1_102' title="bbox 2466 4084 4068 4156">
    <p class='ocr_par' dir='ltr' id='par_1_102' title="bbox 2466 4084 4068 4156">
     <span class='ocr_line' id='line_1_102' title="bbox 2466 4084 4068 4156; baseline -0.001 -17"><span class='ocrx_word' id='word_1_712' title='bbox 2466 4084 2700 4156; x_wconf 75' lang='grc' dir='ltr'>παρῄνει</span> <span class='ocrx_word' id='word_1_713' title='bbox 2721 4085 2931 4149; x_wconf 71' lang='grc' dir='ltr'>τούτοις</span> <span class='ocrx_word' id='word_1_714' title='bbox 2957 4087 3050 4138; x_wconf 82' lang='grc' dir='ltr'><strong>καί</strong></span> <span class='ocrx_word' id='word_1_715' title='bbox 3077 4085 3454 4154; x_wconf 83' lang='grc' dir='ltr'>προύτρέπετο</span> <span class='ocrx_word' id='word_1_716' title='bbox 3476 4087 3620 4137; x_wconf 80' lang='grc' dir='ltr'>κατὰ</span> <span class='ocrx_word' id='word_1_717' title='bbox 3645 4085 3753 4136; x_wconf 81' lang='grc' dir='ltr'><strong>τῶν</strong></span> <span class='ocrx_word' id='word_1_718' title='bbox 3789 4087 4068 4138; x_wconf 73' lang='grc' dir='ltr'>ἐναντίων</span> 
     </span>
    </p>
   </div>
   <div class='ocr_carea' id='block_1_103' title="bbox 2466 4176 4072 4247">
    <p class='ocr_par' dir='ltr' id='par_1_103' title="bbox 2466 4176 4072 4247">
     <span class='ocr_line' id='line_1_103' title="bbox 2466 4176 4072 4247; baseline 0.001 -17"><span class='ocrx_word' id='word_1_719' title='bbox 2466 4178 2704 4243; x_wconf 77' lang='grc' dir='ltr'>ἐξελθεῖν</span> <span class='ocrx_word' id='word_1_720' title='bbox 2736 4180 2832 4231; x_wconf 78' lang='grc' dir='ltr'>καὶ</span> <span class='ocrx_word' id='word_1_721' title='bbox 2877 4179 2974 4247; x_wconf 84' lang='grc' dir='ltr'>τῆς</span> <span class='ocrx_word' id='word_1_722' title='bbox 3011 4177 3270 4246; x_wconf 81' lang='grc' dir='ltr'>πατρίδος</span> <span class='ocrx_word' id='word_1_723' title='bbox 3295 4176 3846 4246; x_wconf 77' lang='grc' dir='ltr'>ιὺπεραγωνίσασθαι.</span> <span class='ocrx_word' id='word_1_724' title='bbox 3892 4178 3960 4230; x_wconf 91' lang='grc' dir='ltr'>Οἱ</span> <span class='ocrx_word' id='word_1_725' title='bbox 4010 4179 4072 4231; x_wconf 77' lang='grc' dir='ltr'><strong>δὲ</strong></span> 
     </span>
    </p>
   </div>
   <div class='ocr_carea' id='block_1_104' title="bbox 2469 4266 4066 4338">
    <p class='ocr_par' dir='ltr' id='par_1_104' title="bbox 2469 4266 4066 4338">
     <span class='ocr_line' id='line_1_104' title="bbox 2469 4266 4066 4338; baseline -0.001 -16"><span class='ocrx_word' id='word_1_726' title='bbox 2469 4271 2754 4324; x_wconf 82' lang='grc' dir='ltr'>συνέθεντο</span> <span class='ocrx_word' id='word_1_727' title='bbox 2811 4269 3049 4338; x_wconf 78' lang='grc' dir='ltr'>ἑτοίμως</span> <span class='ocrx_word' id='word_1_728' title='bbox 3106 4269 3204 4338; x_wconf 84' lang='grc' dir='ltr'>τῆς</span> <span class='ocrx_word' id='word_1_729' title='bbox 3258 4266 3426 4320; x_wconf 73' lang='grc' dir='ltr'>αὐτοῦ</span> <span class='ocrx_word' id='word_1_730' title='bbox 3479 4267 3759 4335; x_wconf 77' lang='grc' dir='ltr'>βασιλείας</span> <span class='ocrx_word' id='word_1_731' title='bbox 3809 4268 3910 4319; x_wconf 69' lang='grc' dir='ltr'><strong>καὶ</strong></span> <span class='ocrx_word' id='word_1_732' title='bbox 3942 4269 4066 4320; x_wconf 82' lang='grc' dir='ltr'><strong>τῶν</strong></span> 
     </span>
    </p>
   </div>
   <div class='ocr_carea' id='block_1_105' title="bbox 2467 4355 4070 4433">
    <p class='ocr_par' dir='ltr' id='par_1_105' title="bbox 2467 4355 4070 4433">
     <span class='ocr_line' id='line_1_105' title="bbox 2467 4355 4070 4433; baseline -0.002 -17"><span class='ocrx_word' id='word_1_733' title='bbox 2467 4362 2809 4433; x_wconf 66' lang='grc' dir='ltr'>Χριστιανῶν</span> <span class='ocrx_word' id='word_1_734' title='bbox 2872 4359 3407 4430; x_wconf 81' lang='grc' dir='ltr'>ὑπεραποθνήσιιειν.</span> <span class='ocrx_word' id='word_1_735' title='bbox 3475 4360 3553 4430; x_wconf 78' lang='grc' dir='ltr'><strong>Τῇ</strong></span> <span class='ocrx_word' id='word_1_736' title='bbox 3624 4355 3718 4412; x_wconf 77' lang='grc' dir='ltr'><strong>οὖν</strong></span> <span class='ocrx_word' id='word_1_737' title='bbox 3783 4361 4070 4430; x_wconf 75' lang='grc' dir='ltr'>ἐπαύριον</span> 
     </span>
    </p>
   </div>
   <div class='ocr_carea' id='block_1_106' title="bbox 2467 4451 4069 4523">
    <p class='ocr_par' dir='ltr' id='par_1_106' title="bbox 2467 4451 4069 4523">
     <span class='ocr_line' id='line_1_106' title="bbox 2467 4451 4069 4523; baseline -0.001 -16"><span class='ocrx_word' id='word_1_738' title='bbox 2467 4454 2854 4516; x_wconf 74' lang='grc' dir='ltr'>καθοπλισθεὶς</span> <span class='ocrx_word' id='word_1_739' title='bbox 2874 4453 3026 4523; x_wconf 70' lang='grc' dir='ltr'>παρὰ</span> <span class='ocrx_word' id='word_1_740' title='bbox 3056 4452 3152 4506; x_wconf 79' lang='grc' dir='ltr'><strong>τοῦ</strong></span> <span class='ocrx_word' id='word_1_741' title='bbox 3187 4451 3452 4521; x_wconf 75' lang='grc' dir='ltr'>βασιλέως</span> <span class='ocrx_word' id='word_1_742' title='bbox 3481 4454 3508 4504; x_wconf 77' lang='grc' dir='ltr'>ὁ</span> <span class='ocrx_word' id='word_1_743' title='bbox 3539 4451 3830 4522; x_wconf 81' lang='grc' dir='ltr'>εἰρημένος</span> <span class='ocrx_word' id='word_1_744' title='bbox 3860 4453 4069 4505; x_wconf 81' lang='grc' dir='ltr'>Σακτί-</span> 
     </span>
    </p>
   </div>
   <div class='ocr_carea' id='block_1_107' title="bbox 2468 4542 4074 4616">
    <p class='ocr_par' dir='ltr' id='par_1_107' title="bbox 2468 4542 4074 4616">
     <span class='ocr_line' id='line_1_107' title="bbox 2468 4542 4074 4616; baseline -0.002 -18"><span class='ocrx_word' id='word_1_745' title='bbox 2468 4562 2568 4616; x_wconf 88' lang='grc' dir='ltr'><strong>κης</strong></span> <span class='ocrx_word' id='word_1_746' title='bbox 2591 4544 2766 4614; x_wconf 76' lang='grc' dir='ltr'><strong>ἁληοή</strong></span> <span class='ocrx_word' id='word_1_747' title='bbox 2796 4544 2962 4597; x_wconf 77' lang='grc' dir='ltr'>οὖσαν</span> <span class='ocrx_word' id='word_1_748' title='bbox 2997 4544 3094 4615; x_wconf 79' lang='grc' dir='ltr'>τὴν</span> <span class='ocrx_word' id='word_1_749' title='bbox 3119 4544 3285 4596; x_wconf 75' lang='grc' dir='ltr'>αὐτοῦ</span> <span class='ocrx_word' id='word_1_750' title='bbox 3319 4545 3504 4596; x_wconf 84' lang='grc' dir='ltr'>πίστιν</span> <span class='ocrx_word' id='word_1_751' title='bbox 3535 4545 3630 4595; x_wconf 75' lang='grc' dir='ltr'><strong>καὶ</strong></span> <span class='ocrx_word' id='word_1_752' title='bbox 3663 4542 3894 4612; x_wconf 81' lang='grc' dir='ltr'>ἀνδρίαν</span> <span class='ocrx_word' id='word_1_753' title='bbox 3956 4547 4074 4596; x_wconf 61' lang='grc' dir='ltr'>ἀττς</span> 
     </span>
    </p>
   </div>
   <div class='ocr_carea' id='block_1_108' title="bbox 2469 4634 4072 4704">
    <p class='ocr_par' dir='ltr' id='par_1_108' title="bbox 2469 4634 4072 4704">
     <span class='ocr_line' id='line_1_108' title="bbox 2469 4634 4072 4704; baseline -0.001 -15"><span class='ocrx_word' id='word_1_754' title='bbox 2469 4637 2670 4701; x_wconf 80' lang='grc' dir='ltr'>ἑδειξεν</span> <span class='ocrx_word' id='word_1_755' title='bbox 2705 4653 2717 4665; x_wconf 90' lang='grc'><strong>·</strong></span> <span class='ocrx_word' id='word_1_756' title='bbox 2751 4637 2978 4688; x_wconf 74' lang='grc' dir='ltr'>ὄπισθεν</span> <span class='ocrx_word' id='word_1_757' title='bbox 3011 4637 3120 4704; x_wconf 73' lang='grc' dir='ltr'>γὰρ</span> <span class='ocrx_word' id='word_1_758' title='bbox 3143 4635 3252 4688; x_wconf 81' lang='grc' dir='ltr'>τῶν</span> <span class='ocrx_word' id='word_1_759' title='bbox 3288 4635 3618 4704; x_wconf 78' lang='grc' dir='ltr'>Βουλγάρων</span> <span class='ocrx_word' id='word_1_760' title='bbox 3643 4634 3943 4702; x_wconf 75' lang='grc' dir='ltr'>γενόμενος</span> <span class='ocrx_word' id='word_1_761' title='bbox 3968 4638 4072 4688; x_wconf 78' lang='grc' dir='ltr'>καὶ</span> 
     </span>
    </p>
   </div>
   <div class='ocr_carea' id='block_1_109' title="bbox 2468 4726 4069 4796">
    <p class='ocr_par' dir='ltr' id='par_1_109' title="bbox 2468 4726 4069 4796">
     <span class='ocr_line' id='line_1_109' title="bbox 2468 4726 4069 4796; baseline -0.001 -15"><span class='ocrx_word' id='word_1_762' title='bbox 2468 4731 2548 4790; x_wconf 86' lang='grc' dir='ltr'>εἰς</span> <span class='ocrx_word' id='word_1_763' title='bbox 2602 4729 2662 4782; x_wconf 84' lang='grc' dir='ltr'><strong>τὸ</strong></span> <span class='ocrx_word' id='word_1_764' title='bbox 2720 4728 3090 4796; x_wconf 81' lang='grc' dir='ltr'>στρατόπεδον</span> <span class='ocrx_word' id='word_1_765' title='bbox 3130 4727 3312 4780; x_wconf 71' lang='grc' dir='ltr'>αὐτῶν</span> <span class='ocrx_word' id='word_1_766' title='bbox 3363 4727 3626 4779; x_wconf 73' lang='grc' dir='ltr'>εἰσελθὼν</span> <span class='ocrx_word' id='word_1_767' title='bbox 3682 4726 3899 4789; x_wconf 77' lang='grc' dir='ltr'>πάντας</span> <span class='ocrx_word' id='word_1_768' title='bbox 3931 4729 4069 4789; x_wconf 68' lang='grc' dir='ltr'>τοὺς</span> 
     </span>
    </p>
   </div>
   <div class='ocr_carea' id='block_1_110' title="bbox 2468 4815 4067 4888">
    <p class='ocr_par' dir='ltr' id='par_1_110' title="bbox 2468 4815 4067 4888">
     <span class='ocr_line' id='line_1_110' title="bbox 2468 4815 4067 4888; baseline -0.002 -18"><span class='ocrx_word' id='word_1_769' title='bbox 2468 4820 2585 4872; x_wconf 80' lang='grc' dir='ltr'>ἐκεῖ</span> <span class='ocrx_word' id='word_1_770' title='bbox 2615 4818 2938 4888; x_wconf 82' lang='grc' dir='ltr'>εὑρεθέντας</span> <span class='ocrx_word' id='word_1_771' title='bbox 2966 4818 3328 4885; x_wconf 73' lang='grc' dir='ltr'>κατέσφαξεν.</span> <span class='ocrx_word' id='word_1_772' title='bbox 3369 4817 3652 4878; x_wconf 83' lang='grc' dir='ltr'>Μαθόντες</span> <span class='ocrx_word' id='word_1_773' title='bbox 3679 4815 3774 4869; x_wconf 79' lang='grc' dir='ltr'><strong>οὖν</strong></span> <span class='ocrx_word' id='word_1_774' title='bbox 3800 4817 3850 4868; x_wconf 76' lang='grc' dir='ltr'><strong>οι</strong></span> <span class='ocrx_word' id='word_1_775' title='bbox 3887 4816 4067 4868; x_wconf 81' lang='grc' dir='ltr'>Βούλ-</span> 
     </span>
    </p>
   </div>
   <div class='ocr_carea' id='block_1_111' title="bbox 2469 4908 4066 4982">
    <p class='ocr_par' dir='ltr' id='par_1_111' title="bbox 2469 4908 4066 4982">
     <span class='ocr_line' id='line_1_111' title="bbox 2469 4908 4066 4982; baseline -0.003 -20"><span class='ocrx_word' id='word_1_776' title='bbox 2469 4928 2630 4982; x_wconf 75' lang='grc' dir='ltr'>γαροι</span> <span class='ocrx_word' id='word_1_777' title='bbox 2665 4911 2727 4964; x_wconf 79' lang='grc' dir='ltr'>τὸ</span> <span class='ocrx_word' id='word_1_778' title='bbox 2754 4911 2978 4979; x_wconf 85' lang='grc' dir='ltr'>γεγονὸς</span> <span class='ocrx_word' id='word_1_779' title='bbox 3004 4909 3446 4978; x_wconf 75' lang='grc' dir='ltr'>ὑποστρέφουσιν</span> <span class='ocrx_word' id='word_1_780' title='bbox 3485 4910 3542 4961; x_wconf 83' lang='grc' dir='ltr'><strong>ὲν</strong></span> <span class='ocrx_word' id='word_1_781' title='bbox 3572 4908 3650 4976; x_wconf 84' lang='grc' dir='ltr'>τῷ</span> <span class='ocrx_word' id='word_1_782' title='bbox 3678 4909 4066 4977; x_wconf 80' lang='grc' dir='ltr'>στρατοπέδῳ,</span> 
     </span>
    </p>
   </div>
   <div class='ocr_carea' id='block_1_112' title="bbox 2470 5000 4070 5073">
    <p class='ocr_par' dir='ltr' id='par_1_112' title="bbox 2470 5000 4070 5073">
     <span class='ocr_line' id='line_1_112' title="bbox 2470 5000 4070 5073; baseline -0.004 -16"><span class='ocrx_word' id='word_1_783' title='bbox 2470 5005 2564 5058; x_wconf 77' lang='grc' dir='ltr'><strong>καὶ</strong></span> <span class='ocrx_word' id='word_1_784' title='bbox 2597 5004 2838 5073; x_wconf 86' lang='grc' dir='ltr'>πολέμου</span> <span class='ocrx_word' id='word_1_785' title='bbox 2880 5002 3347 5072; x_wconf 83' lang='grc' dir='ltr'>συγκροτηθὲντος</span> <span class='ocrx_word' id='word_1_786' title='bbox 3373 5001 3636 5070; x_wconf 79' lang='grc' dir='ltr'>τρέπουσι</span> <span class='ocrx_word' id='word_1_787' title='bbox 3657 5001 3747 5052; x_wconf 74' lang='grc' dir='ltr'>τὸν</span> <span class='ocrx_word' id='word_1_788' title='bbox 3780 5000 4070 5070; x_wconf 74' lang='grc' dir='ltr'>Σακτίκην</span> 
     </span>
    </p>
   </div>
   <div class='ocr_carea' id='block_1_113' title="bbox 2471 5094 4068 5170">
    <p class='ocr_par' dir='ltr' id='par_1_113' title="bbox 2471 5094 4068 5170">
     <span class='ocr_line' id='line_1_113' title="bbox 2471 5094 4068 5170; baseline -0.005 -16"><span class='ocrx_word' id='word_1_789' title='bbox 2471 5104 2567 5155; x_wconf 70' lang='grc' dir='ltr'><strong>σὺν</strong></span> <span class='ocrx_word' id='word_1_790' title='bbox 2598 5102 2798 5168; x_wconf 86' lang='grc' dir='ltr'>ὀλίγων</span> <span class='ocrx_word' id='word_1_791' title='bbox 2829 5100 3168 5170; x_wconf 80' lang='grc' dir='ltr'>ὑπάρχοντα.</span> <span class='ocrx_word' id='word_1_792' title='bbox 3220 5098 3278 5149; x_wconf 89' lang='grc' dir='ltr'><strong>Ὀ</strong></span> <span class='ocrx_word' id='word_1_793' title='bbox 3309 5097 3365 5148; x_wconf 83' lang='grc' dir='ltr'><strong>δὲ</strong></span> <span class='ocrx_word' id='word_1_794' title='bbox 3393 5097 3583 5164; x_wconf 79' lang='grc' dir='ltr'>ἐπειδὴ</span> <span class='ocrx_word' id='word_1_795' title='bbox 3614 5094 3877 5164; x_wconf 82' lang='grc' dir='ltr'>γενναίως</span> <span class='ocrx_word' id='word_1_796' title='bbox 3910 5097 4068 5158; x_wconf 70' lang='grc' dir='ltr'>ἀτω-</span> 
     </span>
    </p>
   </div>
   <div class='ocr_carea' id='block_1_114' title="bbox 2470 5188 4065 5263">
    <p class='ocr_par' dir='ltr' id='par_1_114' title="bbox 2470 5188 4065 5263">
     <span class='ocr_line' id='line_1_114' title="bbox 2470 5188 4065 5263; baseline -0.007 -15"><span class='ocrx_word' id='word_1_797' title='bbox 2470 5195 2758 5263; x_wconf 78' lang='grc' dir='ltr'>νισάμενος</span> <span class='ocrx_word' id='word_1_798' title='bbox 2791 5194 2885 5247; x_wconf 84' lang='grc' dir='ltr'><strong>καί</strong></span> <span class='ocrx_word' id='word_1_799' title='bbox 2908 5193 3137 5254; x_wconf 83' lang='grc' dir='ltr'>πολλοὺς</span> <span class='ocrx_word' id='word_1_800' title='bbox 3165 5189 3372 5243; x_wconf 82' lang='grc' dir='ltr'>ἀνελὼν</span> <span class='ocrx_word' id='word_1_801' title='bbox 3402 5190 3588 5243; x_wconf 83' lang='grc' dir='ltr'>οὐκέτι</span> <span class='ocrx_word' id='word_1_802' title='bbox 3620 5189 3868 5256; x_wconf 81' lang='grc' dir='ltr'>ἀντέχειν</span> <span class='ocrx_word' id='word_1_803' title='bbox 3928 5188 4065 5255; x_wconf 62' lang='grc' dir='ltr'><strong>ἡδὺ-</strong></span> 
     </span>
    </p>
   </div>
   <div class='ocr_carea' id='block_1_115' title="bbox 2469 5279 4060 5353">
    <p class='ocr_par' dir='ltr' id='par_1_115' title="bbox 2469 5279 4060 5353">
     <span class='ocr_line' id='line_1_115' title="bbox 2469 5279 4060 5353; baseline -0.003 -19"><span class='ocrx_word' id='word_1_804' title='bbox 2469 5299 2601 5336; x_wconf 83' lang='grc' dir='ltr'>νατο</span> <span class='ocrx_word' id='word_1_805' title='bbox 2630 5282 2768 5353; x_wconf 74' lang='grc' dir='ltr'>πρὸς</span> <span class='ocrx_word' id='word_1_806' title='bbox 2802 5283 2863 5334; x_wconf 83' lang='grc' dir='ltr'>τὸ</span> <span class='ocrx_word' id='word_1_807' title='bbox 2903 5281 3110 5350; x_wconf 80' lang='grc' dir='ltr'>πλῆθος</span> <span class='ocrx_word' id='word_1_808' title='bbox 3162 5281 3270 5332; x_wconf 81' lang='grc' dir='ltr'><strong>τῶν</strong></span> <span class='ocrx_word' id='word_1_809' title='bbox 3309 5279 3611 5348; x_wconf 84' lang='grc' dir='ltr'>πολεμίων,</span> <span class='ocrx_word' id='word_1_810' title='bbox 3669 5279 3897 5346; x_wconf 76' lang='grc' dir='ltr'>μεθίησι</span> <span class='ocrx_word' id='word_1_811' title='bbox 3958 5279 4060 5329; x_wconf 68' lang='grc' dir='ltr'>τοῦ</span> 
     </span>
    </p>
   </div>
   <div class='ocr_carea' id='block_1_116' title="bbox 2472 5366 4062 5442">
    <p class='ocr_par' dir='ltr' id='par_1_116' title="bbox 2472 5366 4062 5442">
     <span class='ocr_line' id='line_1_116' title="bbox 2472 5366 4062 5442; baseline -0.003 -17"><span class='ocrx_word' id='word_1_812' title='bbox 2472 5374 2640 5426; x_wconf 83' lang='grc' dir='ltr'>ἵππου</span> <span class='ocrx_word' id='word_1_813' title='bbox 2674 5373 2766 5425; x_wconf 83' lang='grc' dir='ltr'><strong>τὸν</strong></span> <span class='ocrx_word' id='word_1_814' title='bbox 2799 5372 3012 5442; x_wconf 75' lang='grc' dir='ltr'>χαλινὸν</span> <span class='ocrx_word' id='word_1_815' title='bbox 3042 5371 3136 5424; x_wconf 77' lang='grc' dir='ltr'><strong>καὶ</strong></span> <span class='ocrx_word' id='word_1_816' title='bbox 3178 5372 3258 5432; x_wconf 82' lang='grc' dir='ltr'><strong>είς</strong></span> <span class='ocrx_word' id='word_1_817' title='bbox 3289 5369 3470 5439; x_wconf 81' lang='grc' dir='ltr'>φυγὴν</span> <span class='ocrx_word' id='word_1_818' title='bbox 3520 5369 3603 5439; x_wconf 74' lang='grc' dir='ltr'><strong>ῘΡ.</strong></span> <span class='ocrx_word' id='word_1_819' title='bbox 3635 5366 3762 5437; x_wconf 62' lang='grc' dir='ltr'>2ου]</span> <span class='ocrx_word' id='word_1_820' title='bbox 3826 5368 4062 5435; x_wconf 69' lang='grc' dir='ltr'>ἧλαυιιε.</span> 
     </span>
    </p>
   </div>
   <div class='ocr_carea' id='block_1_117' title="bbox 2470 5459 4066 5535">
    <p class='ocr_par' dir='ltr' id='par_1_117' title="bbox 2470 5459 4066 5535">
     <span class='ocr_line' id='line_1_117' title="bbox 2470 5459 4066 5535; baseline -0.003 -17"><span class='ocrx_word' id='word_1_821' title='bbox 2470 5464 2724 5533; x_wconf 79' lang='grc' dir='ltr'>Ποταμὸν</span> <span class='ocrx_word' id='word_1_822' title='bbox 2761 5465 2820 5516; x_wconf 78' lang='grc' dir='ltr'><strong>δέ</strong></span> <span class='ocrx_word' id='word_1_823' title='bbox 2853 5482 2977 5516; x_wconf 85' lang='grc' dir='ltr'>τινα</span> <span class='ocrx_word' id='word_1_824' title='bbox 3011 5463 3394 5535; x_wconf 69' lang='grc' dir='ltr'>παραρρέοντα</span> <span class='ocrx_word' id='word_1_825' title='bbox 3423 5461 3716 5530; x_wconf 68' lang='grc' dir='ltr'>διαπερῶν,</span> <span class='ocrx_word' id='word_1_826' title='bbox 3758 5459 3852 5513; x_wconf 73' lang='grc' dir='ltr'>τοῦ</span> <span class='ocrx_word' id='word_1_827' title='bbox 3887 5461 4066 5513; x_wconf 77' lang='grc' dir='ltr'>ἵππου</span> 
     </span>
    </p>
   </div>
   <div class='ocr_carea' id='block_1_118' title="bbox 2470 5551 4064 5627">
    <p class='ocr_par' dir='ltr' id='par_1_118' title="bbox 2470 5551 4064 5627">
     <span class='ocr_line' id='line_1_118' title="bbox 2470 5551 4064 5627; baseline -0.004 -16"><span class='ocrx_word' id='word_1_828' title='bbox 2470 5558 2636 5611; x_wconf 77' lang='grc' dir='ltr'>αὑτοῦ</span> <span class='ocrx_word' id='word_1_829' title='bbox 2665 5558 2722 5607; x_wconf 86' lang='grc' dir='ltr'>ὲν</span> <span class='ocrx_word' id='word_1_830' title='bbox 2767 5559 2835 5627; x_wconf 79' lang='grc' dir='ltr'>τῇ</span> <span class='ocrx_word' id='word_1_831' title='bbox 2865 5560 3056 5609; x_wconf 76' lang='grc' dir='ltr'>τούτου</span> <span class='ocrx_word' id='word_1_832' title='bbox 3099 5557 3205 5608; x_wconf 88' lang='grc' dir='ltr'><strong>ἰλύῖ</strong></span> <span class='ocrx_word' id='word_1_833' title='bbox 3258 5554 3628 5624; x_wconf 79' lang='grc' dir='ltr'>ἐμπαγέντος,</span> <span class='ocrx_word' id='word_1_834' title='bbox 3686 5551 4064 5620; x_wconf 79' lang='grc' dir='ltr'>τιτρώσκεται</span> 
     </span>
    </p>
   </div>
   <div class='ocr_carea' id='block_1_119' title="bbox 2471 5637 4066 5717">
    <p class='ocr_par' dir='ltr' id='par_1_119' title="bbox 2471 5637 4066 5717">
     <span class='ocr_line' id='line_1_119' title="bbox 2471 5637 4066 5717; baseline -0.004 -19"><span class='ocrx_word' id='word_1_835' title='bbox 2471 5647 2614 5699; x_wconf 77' lang='grc' dir='ltr'>κατὰ</span> <span class='ocrx_word' id='word_1_836' title='bbox 2638 5647 2738 5716; x_wconf 75' lang='grc' dir='ltr'>τῆς</span> <span class='ocrx_word' id='word_1_837' title='bbox 2788 5647 2952 5717; x_wconf 70' lang='grc' dir='ltr'>ἕδρας</span> <span class='ocrx_word' id='word_1_838' title='bbox 3011 5647 3107 5699; x_wconf 75' lang='grc' dir='ltr'><strong>καὶ</strong></span> <span class='ocrx_word' id='word_1_839' title='bbox 3143 5647 3238 5699; x_wconf 75' lang='grc' dir='ltr'><strong>τοῦ</strong></span> <span class='ocrx_word' id='word_1_840' title='bbox 3264 5644 3463 5716; x_wconf 76' lang='grc' dir='ltr'>μηροῦ.</span> <span class='ocrx_word' id='word_1_841' title='bbox 3491 5643 3659 5706; x_wconf 70' lang='grc' dir='ltr'>Μόλις</span> <span class='ocrx_word' id='word_1_842' title='bbox 3691 5637 3785 5694; x_wconf 77' lang='grc' dir='ltr'>οὖν</span> <span class='ocrx_word' id='word_1_843' title='bbox 3819 5641 3916 5694; x_wconf 82' lang='grc' dir='ltr'>τοῦ</span> <span class='ocrx_word' id='word_1_844' title='bbox 3969 5642 4066 5692; x_wconf 85' lang='grc' dir='ltr'><strong>ἰπ-</strong></span> 
     </span>
    </p>
   </div>
   <div class='ocr_carea' id='block_1_120' title="bbox 2470 5735 4065 5808">
    <p class='ocr_par' dir='ltr' id='par_1_120' title="bbox 2470 5735 4065 5808">
     <span class='ocr_line' id='line_1_120' title="bbox 2470 5735 4065 5808; baseline -0.006 -14"><span class='ocrx_word' id='word_1_845' title='bbox 2470 5759 2573 5794; x_wconf 88' lang='grc' dir='ltr'>που</span> <span class='ocrx_word' id='word_1_846' title='bbox 2630 5743 2692 5794; x_wconf 81' lang='grc' dir='ltr'><strong>ὲκ</strong></span> <span class='ocrx_word' id='word_1_847' title='bbox 2749 5741 2846 5808; x_wconf 81' lang='grc' dir='ltr'>τῆς</span> <span class='ocrx_word' id='word_1_848' title='bbox 2896 5740 3041 5803; x_wconf 78' lang='grc' dir='ltr'>ἰλύος</span> <span class='ocrx_word' id='word_1_849' title='bbox 3091 5739 3534 5800; x_wconf 80' lang='grc' dir='ltr'>ἀνασπασθέντος</span> <span class='ocrx_word' id='word_1_850' title='bbox 3597 5737 3894 5805; x_wconf 75' lang='grc' dir='ltr'>συνεργεία</span> <span class='ocrx_word' id='word_1_851' title='bbox 3946 5735 4065 5785; x_wconf 80' lang='grc' dir='ltr'>τῶν</span> 
     </span>
    </p>
   </div>
   <div class='ocr_carea' id='block_1_121' title="bbox 2471 5827 4063 5905">
    <p class='ocr_par' dir='ltr' id='par_1_121' title="bbox 2471 5827 4063 5905">
     <span class='ocr_line' id='line_1_121' title="bbox 2471 5827 4063 5905; baseline -0.006 -19"><span class='ocrx_word' id='word_1_852' title='bbox 2471 5837 2574 5886; x_wconf 73' lang='grc' dir='ltr'><strong>ὑπὸ</strong></span> <span class='ocrx_word' id='word_1_853' title='bbox 2604 5837 2760 5905; x_wconf 76' lang='grc' dir='ltr'>χεῖρα</span> <span class='ocrx_word' id='word_1_854' title='bbox 2789 5835 3117 5899; x_wconf 73' lang='grc' dir='ltr'>διασώζεται</span> <span class='ocrx_word' id='word_1_855' title='bbox 3151 5835 3314 5904; x_wconf 77' lang='grc' dir='ltr'>μέχρι</span> <span class='ocrx_word' id='word_1_856' title='bbox 3371 5830 3479 5884; x_wconf 82' lang='grc' dir='ltr'><strong>τῶν</strong></span> <span class='ocrx_word' id='word_1_857' title='bbox 3515 5827 3836 5898; x_wconf 79' lang='grc' dir='ltr'>Βλαχερνῶν</span> <span class='ocrx_word' id='word_1_858' title='bbox 3880 5843 3893 5856; x_wconf 88' lang='grc'><strong>·</strong></span> <span class='ocrx_word' id='word_1_859' title='bbox 3958 5828 4063 5879; x_wconf 73' lang='grc' dir='ltr'><strong>καὶ</strong></span> 
     </span>
    </p>
   </div>
  </div>
