4154 6450
103 432 192 495 εει

1069 425 1214 484 LIB.
1241 424 1338 485 VI.
1386 448 1453 460 -
1494 420 1862 482 ROMANUS
1905 423 2358 487 I..-\C.-\PE.‘{U.\‘.

3257 432 3286 492 ί
3296 427 3360 491 2'2

102 546 271 607 τεθεὶς
296 545 355 596 ὲν
381 544 445 612 τῇ
472 539 604 609 ἁγίᾳ
637 538 801 609 σορῷ,
840 536 1059 608 καιρίας
1092 536 1191 606 τῆς
1223 536 1440 607 πληγῆς
1481 534 1671 604 οῦσης,

1794 553 1907 591 soro
1972 540 2238 610 (loculum
2285 542 2467 611 dicas)
2523 542 2752 610 positus,
2793 559 2915 598 cum
2965 544 3155 601 vulnus
3202 547 3364 604 letale

102 641 160 710 τῇ
190 635 351 687 νυκτὶ
384 631 757 700 ἐτελεύτησεν.

166 737 255 784 ια’.
299 725 616 794 Τηνικαῦτα
653 723 709 776 δὲ
753 721 847 775 καὶ
908 721 1202 792 Πετρωνᾶς
1251 716 1682 787 αίδεσιμὼτατος

99 820 393 891 προστάξει
443 813 728 884 Ῥωμανοῦ
765 813 1037 884 βασιλέως
1069 812 1278 881 ἢγαγεν
1327 810 1680 880 λαρνακίδιον

98 911 301 976 ἔνδοξον
344 911 392 941 ⁷⁸
428 909 485 961 ἓν
515 907 610 961 καὶ
642 906 805 975 ἕτερα
836 903 930 957 δύο
955 903 1170 973 γλυφῆς
1226 901 1566 975 ἀμοιροῦντα
1616 904 1682 954 ὲκ

96 1004 187 1072 ιῆς
212 1002 308 1055 τοῦ
354 1001 538 1068 Ἀγίου
572 1000 871 1068 Μὰμαντος
900 996 1155 1066 ἀνδρείας
1181 997 1371 1066 μονῆς,
1398 995 1498 1062 τῆς
1541 994 1680 1065 πλη-

100 1096 205 1148 είον
228 1094 398 1163 οὔσης
426 1093 526 1161 τῆς
573 1091 926 1161 Ξηροκέρκου
980 1088 1287 1158 λεγομένης
1341 1087 1569 1158 πόρτης,
1623 1089 1682 1140 ὲν

97 1182 169 1250 οἷς
201 1203 336 1255 φασι
372 1183 798 1236 συναποκεῖσθαι
824 1180 1133 1249 Μαυρίκιον
1166 1179 1263 1233 σὺν
1306 1181 1422 1242 τοῖς
1445 1177 1635 1231 παισίν
1664 1194 1678 1209 ·

95 1283 125 1334 ἃ
154 1285 247 1334 καὶ
283 1279 528 1346 ἁπετέοη
555 1280 613 1331 ὲν
645 1279 710 1346 τῇ
745 1274 841 1328 τοῦ
885 1273 1152 1344 βασιλέως
1200 1271 1486 1344 Ῥωμανοῦ
1545 1273 1680 1342 μονῇ

96 1376 206 1444 ἦτοι
237 1375 318 1435 εἰς
347 1371 408 1424 τὸ
435 1371 762 1441 Μνρὲλαιον.

148 1552 246 1623 ιβ’.
299 1549 583 1620 Ἀδριανὸς
605 1549 664 1602 δέ
701 1565 785 1611 τις
833 1547 1080 1610 Χὰλδος,
1119 1547 1259 1617 πρὸς
1295 1547 1351 1600 δὲ
1391 1547 1683 1616 Τατζάκης

105 1643 394 1713 Ἀρμένιος
420 1639 676 1700 πλούσιος
703 1638 869 1702 πάνυ,
903 1639 969 1706 τῇ
1001 1635 1252 1707 ὑποθήκη
1295 1635 1390 1687 καὶ
1444 1633 1683 1703 συμϐου-

95 1735 152 1804 λῇ
181 1733 376 1802 Βάρδα
407 1731 500 1784 τοῦ
550 1729 728 1800 Βοήλα
763 1726 1209 1798 στρατηγοῦντος
1242 1729 1299 1779 ἐν
1332 1725 1541 1797 Χαλδίᾳ
1583 1744 1682 1778 τυ-

98 1826 322 1898 ραννίδα
357 1825 452 1877 καὶ
504 1820 810 1892 ἀνταρσίαν
859 1819 1003 1873 κατά
1079 1818 1364 1888 Ῥωμανοῦ
1419 1817 1684 1887 βασιλέως

96 1917 450 1980 σκευάζουσι,
483 1915 545 1968 τδ
577 1914 854 1983 ηαῖπερτε
881 1911 1179 1981 λεγόμενον
1205 1908 1470 1982 ὀχύρωμα
1513 1926 1680 1963 καταο

93 2011 314 2081 σχόντες
346 2025 360 2037 ·
399 2007 495 2071 οὒς
524 2007 552 2059 ὁ
581 2004 690 2059 τῶν
721 2003 926 2075 σχολῶν
976 2004 1303 2074 δομέστικος
1366 2002 1618 2071 Ἰωάννης
1651 2001 1680 2052 ὁ

91 2100 419 2174 Κουρκούας
449 2098 914 2168 καταπολεμήσας
944 2096 1042 2149 καὶ
1065 2093 1360 2165 κατασχὼν
1398 2095 1526 2158 τοὺς
1577 2093 1680 2162 μὲν

91 2189 598 2262 περιφανεστέρους
630 2186 952 2256 ἀποτυφλοῖ,
996 2183 1095 2248 τὰς
1154 2185 1342 2246 οὐσίας
1373 2182 1553 2236 αὐτῶν
1583 2182 1679 2252 δη-

96 2283 328 2351 μεύσας,
362 2283 490 2343 τοὺς
527 2280 586 2334 δὲ
608 2281 900 2349 πενιχροὺς
931 2278 1022 2332 καὶ
1074 2279 1323 2349 ἀσήμους
1348 2277 1558 2340 ἀθὼους
1587 2293 1682 2329 κε-

90 2375 287 2438 λεύσας
320 2374 430 2444 ὅπη
465 2372 742 2443 βούλοιντο
770 2373 1011 2426 ἀπιέναι.
1063 2372 1356 2442 Τατζάκης
1385 2372 1442 2424 δὲ
1468 2373 1528 2424 ἐν
1562 2371 1680 2424 ἐτέ-

95 2484 168 2536 pq.
194 2465 539 2536 ὁχνρωτάτῳ
594 2464 900 2535 διαστελλίῳ
928 2462 1142 2533 φυγὼν,
1171 2465 1268 2516 καὶ
1296 2463 1454 2531 λόγον
1476 2463 1570 2516 τοῦ
1604 2463 1678 2534 μή

88 2577 136 2610 τι
168 2558 347 2612 κακὸν
383 2558 581 2611 παθεῖν
613 2555 924 2627 δεξάμενος,
945 2559 1004 2610 ὲν
1035 2559 1101 2628 τῇ
1131 2557 1281 2609 πόλει
1316 2555 1678 2625 εἰσεληλύθει,

91 2651 182 2703 καὶ
215 2652 284 2720 τῇ
319 2649 415 2702 τοῦ
446 2647 822 2718 μαγγλαὸίτου
854 2648 981 2720 ἀξίᾳ
1007 2650 1262 2720 τιμηθεὶς
1312 2650 1370 2702 ἐν
1420 2648 1499 2719 τῷ
1549 2649 1682 2718 οἴκῳ

89 2741 196 2794 τῶν
230 2740 536 2811 μαγγάνων
573 2740 793 2810 διῃτᾶτο
819 2740 1175 2810 τηρούμενος.
1195 2739 1447 2810 Δρασμὸν
1467 2739 1525 2791 δὲ
1556 2740 1683 2807 Sou-

85 2832 436 2901 λευσάμενος
471 2831 755 2884 ἁλίσκεται
779 2832 872 2884 καὶ
925 2832 1033 2883 τῶν
1082 2831 1346 2902 ὀμμάτων
1391 2833 1680 2901 στερεῖται.

91 2926 312 2988 Βάρδαν
339 2925 397 2976 δὲ
451 2925 541 2976 τὸν
577 2923 785 2994 Βοηλαν
819 2925 1123 2994 ἀπέκειραν
1157 2924 1413 2994 μοναχὸν,
1448 2923 1540 2977 τοῦ
1588 2923 1685 2981 Βα-

94 3019 290 3082 σιλέως
330 3019 494 3069 αὐτὸν
525 3017 993 3085 κατοικτείροντος
1026 3016 1176 3083 φίλον
1203 3015 1562 3085 τυγχάνοντα.

163 3111 255 3182 ιγ’.
301 3113 415 3166 Τοῦ
442 3113 499 3164 δὲ
521 3112 814 3182 πατρικίου
857 3109 951 3163 τοῦ
987 3110 1161 3172 οὕτως
1207 3110 1683 3180 ἐπονομαζομένου

1779 643 1948 695 esset,
1995 648 2025 685 e
2064 633 2202 688 vivis
2241 635 2474 690 excedit.

1854 724 1938 778 Η.
1992 721 2105 777 Sub
2153 725 2294 779 idem
2335 735 2547 796 tempus
2588 726 2872 791 Petrouas,
2914 727 2996 780 vir
3025 728 3366 785 clarissimus

1782 831 2105 886 summeque
2141 818 2495 882 venerabilis,
2543 819 2772 874 Romani
2813 820 3162 887 imperatoris
3201 819 3360 890 jussu

1783 909 2049 962 minorem
2084 925 2278 963 urnam
2321 926 2486 964 unam
2519 915 2733 981 egregie
2757 912 3090 966 elaboratam
3117 914 3367 983 duasque

1781 1001 1914 1054 alias
1963 1002 2109 1054 nulla
2153 1005 2450 1073 sculptura:
2476 1015 2592 1058 arte
2622 1007 2863 1072 caelatas,
2891 1023 2954 1060 ex
2990 1003 3047 1060 S.
3075 1005 3364 1061 Mamautis

1779 1092 2021 1146 virorum
2085 1093 2248 1167 404
2307 1098 2662 1160 monasterio.
2719 1099 2860 1167 quod
2915 1099 3079 1152 situm
3145 1107 3230 1155 est
3297 1097 3366 1153 at“

1783 1184 2001 1239 Portam
2074 1202 2238 1254 quam
2311 1188 2671 1243 Xerocercem
2741 1198 2954 1252 vocant,
3007 1191 3253 1253 advexit;
3311 1192 3365 1244 it:

1784 1279 1983 1347 quibus
2036 1279 2176 1332 fama
2219 1288 2304 1334 est
2336 1282 2615 1336 conditum
2665 1283 2835 1336 fuisse
2886 1281 3207 1336 Mauricium
3241 1300 3361 1337 cum

1783 1372 1930 1425 filiis.
1975 1370 2105 1438 Qua:
2157 1381 2212 1424 et
2259 1373 2310 1426 in
2353 1373 2582 1426 Romani
2635 1376 2969 1429 monasterio
3014 1375 3147 1447 (hoc
3182 1386 3266 1429 est
3312 1377 3362 1427 in

1782 1465 2067 1537 Myrelzeo)
2100 1466 2324 1522 fuerunt
2375 1468 2659 1538 depositae.

1857 1560 1942 1612 12.
2000 1559 2276 1615 Adrianus
2328 1575 2458 1615 vero
2508 1560 2732 1630 quidam
2784 1561 3049 1626 Chaldus,
3100 1576 3198 1615 nec
3259 1576 3364 1613 nou

1784 1650 2046 1707 Talzaces
2079 1655 2394 1720 Armenius,
2436 1655 2520 1708 vir
2571 1670 2787 1708 summe
2832 1655 3093 1722 locuples,
3126 1652 3370 1707 consiliis

1789 1749 2123 1816 bortatuque
2175 1745 2366 1802 Bardaa
2417 1748 2614 1813 Boelm,
2657 1749 2751 1816 qui
2797 1748 2850 1801 in
2907 1746 3134 1800 Clialdia
3177 1747 3370 1799 ductor

1715 1878 1761 1939 Β
1791 1840 2027 1894 militum
2059 1847 2198 1904 eral,
2235 1840 2578 1908 tyrannidem
2623 1848 2846 1892 struunt
2877 1837 3249 1910 rebellantque
3280 1835 3373 1888 ad-

1789 1949 1981 1989 versus
2031 1931 2336 1987 Romanum
2374 1933 2780 2002 imperatorem,
2829 1929 3078 2000 Paiperte
3126 1928 3239 2000 (sic
3273 1943 3372 1982 no-

1788 2026 2030 2097 minato)
2079 2026 2279 2095 oppido
2326 2026 2538 2080 munito
2587 2033 2876 2094 occupato.
2928 2022 3132 2076 llorum
3169 2023 3372 2090 potitus

1787 2119 2030 2174 Joannes
2077 2117 2326 2173 Cureuas
2370 2117 2684 2173 scholarum
2734 2116 3072 2170 domesticus
3110 2115 3256 2184 ipsos
3293 2123 3374 2168 te-

1789 2215 1948 2277 nuit;
2002 2228 2235 2281 quorum
2310 2211 2726 2271 illustrioribus,
2789 2209 3064 2277 publicata
3128 2208 3373 2277 ipsorqu

1789 2305 2124 2373 substantia,
2170 2306 2361 2360 oculos
2408 2304 2636 2369 adimit;
2671 2304 2831 2367 alios,
2860 2303 2951 2372 qui
2985 2316 3253 2371 pauperes
3291 2315 3380 2355 es-

1790 2408 1913 2456 sent
1941 2407 2107 2469 atque
2141 2399 2385 2460 obscuri,
2415 2415 2524 2467 quo
2556 2399 2757 2452 vellent
2788 2398 2938 2450 abire
2967 2397 3153 2464 jussit.
3183 2395 3379 2450 Tatza-

1790 2506 1905 2552 ees,
1945 2490 2055 2544 alia
2098 2486 2477 2544 munitissima
2505 2504 2630 2544 arce
2662 2500 2926 2560 occupata
2959 2489 3170 2556 ﬁdeque
3202 2488 3381 2554 impu-

1792 2579 1982 2634 nitatis
2005 2580 2075 2634 ab
2103 2580 2416 2634 scholarum
2451 2580 2756 2634 domestico
2783 2589 3023 2647 accepta,
3057 2577 3378 2648 Byzantium

1791 2673 1976 2739 venit;
2012 2673 2196 2742 ibique
2227 2672 2572 2742 manglabitae
2605 2672 2870 2739 dignitate
2905 2681 3100 2724 aut-tus
3137 2670 3190 2722 in
3223 2683 3380 2721 mau-

1793 2777 2058 2830 ganorum
2123 2761 2289 2814 domo
2347 2762 2452 2815 sub
2501 2762 2750 2816 custodia
2805 2760 3020 2830 agebat.
3057 2758 3194 2814 Cum
3247 2773 3381 2812 vero

1795 2857 1976 2925 fugam
2004 2855 2180 2910 moliri
2203 2854 2583 2925 deprehensus
2613 2863 2780 2915 esset,
2820 2854 2961 2907 oculi
2988 2853 3034 2905 ei
3061 2853 3202 2906 eruti
3229 2859 3379 2906 sunt.

1805 2947 2038 3001 Bardam
2067 2947 2310 3009 Boelam,
2346 2947 2682 3016 imperatore
2713 2945 2851 3000 bene
2885 2944 2932 2997 ei
2971 2943 3184 2998 volente
3217 2952 3382 3012 atque

1795 3039 1944 3093 illius
1983 3039 2298 3102 miserente,
2331 3037 2662 3092 monachum
2709 3037 3097 3090 detonderunt.

1871 3129 1959 3182 15.
2010 3128 2252 3183 Patricio
2284 3143 2412 3182 vero
2444 3127 2559 3199 (sic
2589 3126 2904 3196 appellato)
2940 3124 3248 3178 Moroleone
3285 3139 3379 3178 seu

89 3205 507 3276 Μωρολέοντος,
533 3203 565 3274 ἢ
601 3203 803 3272 μᾶλλον
833 3205 1006 3254 εἰπεῖν
1032 3202 1362 3272 οἰκειότερον
1385 3202 1686 3268 Θυμολέον-

1797 3223 1980 3291 potius
2029 3219 2404 3290 Tbymoleone
2455 3219 2641 3289 (velut
2692 3217 2866 3277 dicas.
2936 3216 3113 3268 virum
3181 3215 3381 3268 leoniui

88 3316 205 3361 τος,
251 3296 762 3366 ’Δδριανουπόλεως
800 3293 1258 3365 στρατηγοῦντος,
1301 3293 1596 3362 κρατίστου
1622 3294 1690 3347 τὰ

86 3390 378 3460 πολεμικὰ
408 3389 506 3440 καὶ
535 3385 842 3455 περιδεξίου
895 3387 1280 3455 τυγχάνοντος,
1335 3385 1392 3448 ὃς
1433 3385 1693 3448 πλείστας

86 3485 234 3535 κατα
271 3480 613 3550 Βουλγάρων
647 3479 1015 3548 ἀνδραγαθίας
1080 3477 1416 3541 ἐπεδείξατο,
1474 3481 1502 3530 ὁ
1540 3477 1697 3530 Βούλ-

84 3593 262 3644 γαρος
291 3572 531 3643 Συμεὼν
555 3571 653 3642 τὴν
684 3573 984 3643 εἰρημένην
1038 3571 1195 3623 πόλιν
1247 3572 1344 3623 σῦν
1399 3572 1563 3622 παντὶ
1610 3568 1691 3640 τῷ

87 3663 479 3734 στρατεύματι
516 3661 981 3730 περιεκύκλωσεν,
1009 3663 1103 3712 καὶ
1133 3662 1350 3729 χάρακα
1378 3659 1694 3730 περιϐαλὼν

88 3757 343 3826 ίσχυρῶς
379 3753 592 3822 ταύτην
621 3753 947 3823 ἐπολιόρκει.
974 3753 1130 3805 Ἐπεὶ
1161 3754 1217 3806 δὲ
1243 3753 1270 3805 ὅ
1301 3769 1358 3806 τε
1403 3755 1546 3815 σῖτος
1571 3753 1698 3817 τοὺς

83 3854 148 3903 ὲν
180 3853 247 3920 τῇ
282 3848 452 3900 πόλει
478 3844 822 3897 ἐπελελοίπει
857 3845 950 3897 καὶ
1001 3845 1156 3914 λιμὸς
1201 3843 1386 3908 ἐπίεζε
1436 3845 1699 3914 κραταιὸς

85 3940 435 4016 (οὐδαμόθεν
465 3939 576 4007 γὰρ
602 3934 750 4006 εἶχον
786 3935 1246 4005 ἐπισιτίσασθαι),
1283 3939 1347 4007 τῇ
1372 3935 1551 4007 ἐνδείᾳ
1581 3954 1700 3989 πιε-

84 4040 327 4108 ζόμενοι
351 4035 765 4107 προδεδώκασιν
837 4035 1066 4098 ἑαυτοὺς
1107 4034 1204 4086 καὶ
1244 4034 1336 4087 τὸν
1393 4035 1700 4105 στρατηγὸν

81 4134 212 4194 τοῖς
258 4129 604 4199 ὼυλγὰροις
640 4143 655 4160 ο
701 4128 760 4180 ὃν
825 4127 1234 4198 χειρωσάμενος
1305 4128 1551 4198 Συμεὼν,
1605 4129 1702 4183 καὶ

81 4225 282 4294 δεσμᾶ
307 4223 438 4278 καθ’
461 4223 583 4274 ὅλου
615 4221 708 4275 τοῦ
747 4220 1002 4290 σώματος
1072 4221 1383 4293 περιϐαλὼν
1441 4225 1536 4275 καὶ
1595 4241 1700 4294 μυ-

86 4319 255 4387 ρίαις
286 4316 502 4378 αἰκίαις
537 4315 727 4368 τοῦτον
780 4313 864 4386 [Ρ.
891 4313 1025 4386 231]
1068 4313 1553 4383 τιμωρησάμενος,
1612 4331 1702 4367 τε·

81 4412 358 4464 ὶευταῑον
381 4408 670 4462 ἀπέκτεινε
704 4406 922 4474 θανάτῳ
947 4405 1139 4476 πικρῷ
1164 4405 1300 4476 ἀξίῳ
1351 4406 1448 4474 τῆς
1503 4405 1699 4459 ἑαυτοῦ

81 4503 500 4573 ἀπηνεστάτης
533 4503 629 4554 καὶ
646 4502 936 4569 ὼμοτάτης
966 4500 1171 4570 ψυχῆς.
1207 4499 1544 4569 Βουλγάροις
1601 4497 1698 4554 οὖν

1797 3314 2036 3383 pet-toris
2089 3323 2254 3382 atque
2313 3311 2514 3377 animi)
2582 3308 3074 3378 Adrianopolitano
3139 3315 3371 3375 praclore

1796 3408 1988 3462 bellica
2026 3404 2344 3459 fortitudine
2373 3418 2437 3458 ac
2477 3402 2697 3456 solertia
2742 3399 2957 3471 egregie
2992 3400 3277 3459 instructo,
3328 3406 3387 3450 ut

1797 3499 1892 3569 qui
1933 3497 2076 3551 haud
2115 3511 2239 3548 raro
2271 3495 2535 3548 adversus
2569 3492 2836 3563 Bulgaros
2865 3507 2979 3546 rem
3013 3500 3236 3543 strenue
3265 3504 3387 3558 ges-

1800 3600 1967 3652 serat,
2006 3588 2240 3658 Symeou
2281 3586 2570 3652 Bulgarus,
2620 3600 2743 3638 cum
2792 3584 3049 3638 omnibus
3081 3582 3256 3649 cupiis
3291 3596 3386 3633 ur-

1800 3684 1920 3737 bem
1951 3682 2209 3735 obsidens
2241 3695 2303 3734 ac
2334 3680 2476 3733 vallo
2507 3680 2753 3747 cingens.
2785 3675 2983 3730 validis
3010 3677 3183 3746 ipsam
3217 3676 3387 3732 armis

1802 3776 2018 3844 premit.
2047 3773 2209 3845 405
2253 3772 2520 3841 Oppidani
2563 3771 2847 3827 deficiente
2893 3784 3112 3824 annona
3149 3784 3212 3823 ac
3246 3767 3388 3821 fame

1803 3869 2038 3937 graviter
2067 3867 2272 3930 amicti,
2297 3882 2423 3920 cum
2461 3873 2801 3919 commeatus
2829 3863 3051 3933 parandi
3084 3862 3243 3914 nulla
3265 3871 3388 3929 spes

1805 3957 2105 4022 affulgeret.
2175 3957 2396 4024 penuria
2451 3955 2624 4022 pressi
2680 3969 2738 4006 se
2781 3967 3051 4021 suumque
3103 3961 3386 4021 prmtorem

1807 4049 2053 4118 Bulgaris
2101 4049 2377 4102 dedidere.
2415 4046 2572 4100 Hunc
2607 4055 2798 4100 nactus
2838 4043 3074 4114 Symeon
3111 4051 3223 4093 toto
3261 4056 3388 4094 cor-

1806 4159 1936 4214 pore
1974 4143 2218 4198 vinelum
2269 4141 2684 4205 iunumerisque
2739 4137 3056 4192 verberibus
3105 4133 3385 4195 affectum,

1805 4236 1870 4289 ad
1921 4243 2221 4286 cxtreumm
2269 4231 2466 4284 acerba
2519 4237 2713 4289 mOrtc,
2761 4236 2813 4280 et
2859 4242 2980 4296 quae
3026 4225 3388 4280 saavissimam

1805 4337 1860 4382 et
1907 4325 2345 4380 crudelissimam
2393 4323 2566 4392 ipsius
2625 4321 2862 4374 indolem
2913 4320 3152 4382 deceret,
3210 4318 3388 4370 virum

1807 4418 2050 4473 susnulit.
2080 4417 2328 4487 Bulgaris
2352 4416 2534 4485 itaque
2561 4415 2613 4468 in
2645 4415 2778 4468 urbe
2811 4410 3165 4481 pra-sidiariis
3191 4409 3393 4463 relictis

1807 4511 2059 4566 discedit.
2092 4509 2418 4564 Przrsidiarii
2471 4523 2618 4568 vero,
2653 4506 2842 4559 audito
2891 4503 3264 4556 Romanorum
3298 4515 3394 4554 co-

75 4602 202 4668 τὴν
242 4599 346 4667 τῆς
381 4595 592 4659 πόλεως
645 4593 896 4664 φυλακὴν
955 4592 1232 4663 παραδοὺς
1288 4590 1644 4663 ὑπεχώρησεν
1681 4613 1692 4626 ·

1813 4605 1930 4675 pias
1963 4604 2014 4657 in
2045 4605 2192 4671 ipsos
2222 4603 2491 4672 ingruere,
2524 4600 2708 4652 relicta
2741 4598 2874 4651 urbe
2904 4596 3192 4660 abierunt;
3228 4593 3395 4663 inque

77 4691 138 4739 ei
175 4700 286 4758 την
325 4687 450 4739 κατ’
507 4687 689 4738 αὐτῶν
737 4683 830 4737 τοῦ
893 4684 1185 4754 Ῥωμαίων
1233 4684 1468 4753 στρατοῦ
1517 4684 1692 4752 ἐφοδοι

1818 4698 1963 4752 buuc
2003 4697 2226 4750 modum
2268 4711 2297 4749 a
2335 4693 2595 4747 ﬂoruauis
2631 4693 2760 4745 urbs
2794 4699 3011 4760 recepta
3041 4698 3142 4743 est.

75 4781 435 4847 ἀκηκιότες,
472 4779 682 4848 ταύτην
710 4776 1099 4839 καταλιπόντες
1129 4774 1390 4846 ἀπῆλθον,
1431 4776 1524 4829 καὶ
1543 4778 1705 4830 πάλιν

91 4874 228 4926 ὑπὸ
273 4873 596 4941 Ῥωμαίους
619 4871 757 4940 αὐτὴ
797 4870 1033 4937 ἐγένετο.

171 4968 268 5020 ιδ’.
323 4966 559 5028 Λέοντος
605 4965 664 5017 δὲ
717 4961 812 5016 τοῦ
856 4962 1184 5033 Τριπολίτου
1242 4961 1381 5031 μετὰ
1421 4961 1706 5032 δυνάμεως
1743 4994 1753 5003 -

75 5058 316 5129 πολλῆς
348 5059 448 5111 καὶ
488 5057 690 5110 πλοίων
730 5054 1046 5124 πολεμικῶν
1087 5055 1228 5108 κατά
1269 5055 1555 5124 Ῥωμαίων
1615 5057 1706 5122 ἐξ·

77 5153 369 5214 εὶῧὸντος
410 5151 509 5204 καὶ
562 5151 620 5202 ὲν
668 5151 734 5219 τῇ
800 5149 948 5218 νήσῳ
998 5147 1204 5217 Λήμνῳ
1281 5148 1703 5215 καταλαϐόντος,

87 5245 385 5314 Ἰωάννης
420 5240 710 5313 πατρίκιος
765 5239 858 5292 καὶ
887 5238 1247 5308 ὀρουγγάριος
1281 5239 1391 5292 τῶν
1447 5239 1708 5310 πλωῖμων

67 5340 107 5390 ὁ
173 5333 434 5395 Ῥαδινὸς
475 5329 986 5400 κατονομαζόμενος
1023 5329 1304 5397 αἰφνιδίως
1353 5329 1578 5383 ἐπέθετο
1608 5331 1706 5383 αὑ-

63 5428 180 5498 τῷ
205 5443 222 5455 ο
264 5428 360 5479 καί
392 5423 632 5494 πολέμου
664 5421 970 5490 γεγονότος,
1028 5421 1162 5474 Θεοῦ
1222 5421 1484 5494 συνεργίᾳ
1528 5425 1575 5475 οἱ
1615 5422 1706 5476 ὑπ’

65 5516 272 5572 αὑτὸν
308 5516 608 5586 τρέπονται
673 5513 1002 5584 Ἀγαρηνοὶ,
1037 5515 1186 5584 μόλις
1218 5513 1272 5565 δὲ
1311 5513 1472 5583 μόνος
1501 5517 1528 5568 ὁ
1578 5515 1714 5587 Τρι-

65 5607 340 5678 πολίτης
363 5608 513 5677 φυγῇ
541 5605 883 5670 διασώζεται.

180 5704 274 5756 ιε’.
307 5699 679 5771 Σεπτεμϐρίῳ
727 5699 784 5752 δὲ
820 5699 973 5770 μηνὶ,
1037 5696 1370 5761 ίνὸικτιῶνος
1422 5699 1692 5773 δευτέραιςὟ

1893 5707 1981 5762 15.
2010 5707 2192 5763 Mense
2213 5704 2544 5778 Septembri,
2563 5702 2859 5761 indictione
2889 5699 3147 5766 secunda,
3167 5699 3402 5771 Symcon

1393 5793 1635 5852 VAlii/F.
1675 5800 2067 5860 LFCTIOVFQ.

177 5884 240 5920 ‘-'
283 5887 397 5940 imo
427 5885 682 5957 ἕνζῳδον,
709 5885 856 5956 quod
883 5884 1024 5940 infra
1063 5895 1148 5942 cst
1179 5903 1231 5959 p.
1269 5886 1370 5942 577
1408 5886 1466 5942 tl.
1649 5879 1658 5888 ’

1889 4969 1975 5023 Η.
2009 4967 2119 5021 Leo
2165 4965 2427 5036 Tripolita
2460 4979 2583 5017 eum
2627 4976 2820 5031 magna
2869 4961 3044 5014 classe
3081 4959 3398 5029 ingentique

1815 5061 2056 5117 exercitu
2097 5060 2363 5112 adversus
2389 5056 2664 5109 Romanos
2691 5069 2968 5123 egressus,
3007 5052 3095 5106 ubi
3129 5051 3395 5106 Lemnum

1817 5160 2158 5222 occupasset,
2194 5149 2434 5203 Joannes
2465 5145 2708 5200 Radinus
2749 5143 3030 5214 patricius,
3064 5143 3137 5196 rei
3190 5142 3398 5196 navalis

1815 5245 2167 5317 drungarius,
2203 5258 2326 5297 eum
2369 5247 2590 5311 repente
2640 5253 2930 5309 aggressus
2964 5244 3084 5299 est;
3112 5243 3397 5290 conserta-

1822 5356 1929 5411 que
1963 5353 2162 5410 pugna,
2193 5335 2287 5389 Dei
2324 5349 2444 5404 ope,
2482 5332 2585 5387 sub
2617 5346 2683 5386 eo
2721 5337 2990 5385 merentes
3020 5327 3252 5398 Agareui
3291 5326 3396 5380 fusi

1821 5441 1952 5489 sunt
2003 5441 2166 5500 atque
2221 5427 2416 5497 fugati,
2464 5425 2728 5494 solusque
2773 5424 2886 5493 ipse
2942 5420 3205 5490 Tripolita
3259 5435 3401 5490 :rgre

1825 5524 1952 5595 fuga
1992 5525 2224 5579 salutem
2266 5521 2528 5591 expediit.
