4154 6450
763 410 871 474 623

1817 396 2325 463 THEOPHANES
2354 394 2914 455 CONTINUATUS.

3922 385 4028 449 ιει

769 526 1035 593 Bulgaria:
1080 514 1332 588 princeps
1387 528 1510 568 cum
1563 508 1819 566 omnibus
1871 506 2041 575 copiis
2087 504 2352 558 adversus

2460 495 2681 567 Συμεὼν
2698 497 2879 566 ἄρχων
2898 493 3234 560 Βουλγαριας
3257 491 3559 560 πανστρατὶ
3581 489 3719 543 κατά
3739 491 4029 544 Κωνσταν-

770 613 1089 685 Byzantium
1142 610 1421 678 proiectus
1460 614 1562 671 cst,
1601 619 1665 658 ac
1699 601 1991 655 Thraciam
2027 597 2247 668 quidem
2287 608 2352 648 ac

770 705 1144 760 Macedoniam
1188 701 1500 772 p0pulatur,
1553 695 1836 751 succendit
1883 707 2015 746 vero
2063 688 2246 744 omnia
2297 695 2352 740 et

770 801 985 859 evertit,
1014 806 1178 866 atque
1212 796 1436 849 arbores
1463 790 1714 846 succidit.
1770 787 1851 841 Ad
1904 784 2234 839 Blacheruas
2260 794 2354 833 us-

771 907 877 960 que
923 904 1047 942 cum
1119 886 1471 949 admovisset,
1521 881 1808 937 Nicolaum
1874 874 2237 947 patriarcham
2287 885 2353 926 ac

771 996 1062 1052 procerum
1094 979 1383 1047 quosdam,
1420 976 1747 1044 quibuscum
1797 973 1863 1024 dc
1904 984 2034 1039 pace
2068 974 2350 1027 tractaret,

772 1075 839 1129 ad
872 1089 931 1127 se
968 1071 1105 1124 mitti
1154 1070 1385 1140 rogavit.
1412 1067 1562 1123 Datis
1594 1067 1777 1128 itaque
1819 1063 2094 1130 utrimque
2133 1058 2345 1112 obsidi-

770 1167 875 1219 bus
924 1164 1035 1218 exit
1104 1163 1254 1232 prior
1309 1160 1564 1215 Nicolaus
1626 1157 1952 1227 patriarcha,
2006 1153 2171 1225 506
2236 1164 2350 1205 tum

772 1255 1003 1311 Michael
1047 1256 1310 1323 patricius
1340 1258 1704 1319 cognomento
1740 1246 2012 1315 Stypiotes
2041 1253 2091 1295 et
2116 1243 2356 1296 Joannes

772 1350 1064 1419 mysticus,
1108 1342 1783 1409 administrandarumque
1815 1353 1992 1391 rerum
2042 1332 2352 1402 imperatori

776 1440 995 1506 adjutor
1036 1452 1099 1491 ac
1149 1436 1401 1488 minister
1463 1434 1707 1486 intimus.
1751 1430 1867 1485 Jam
1915 1430 2059 1483 enim
2118 1426 2355 1481 Joannes

772 1540 952 1583 rector
1003 1527 1252 1580 criminis
1294 1525 1433 1593 apud
1476 1534 1857 1589 Imperatorem
1901 1520 2135 1581 delatus,
2181 1515 2296 1584 ipse
2326 1531 2355 1567 a

773 1636 831 1674 se
877 1617 1252 1687 a-gritudinem
1298 1623 1601 1681 praetexens
1659 1611 1783 1665 aula
1817 1609 2153 1663 discesserat
2189 1606 2357 1674 inque

774 1728 876 1765 suo
922 1708 1252 1763 monasterio
1285 1705 1426 1758 haud
1460 1703 1651 1773 procul
1684 1717 1713 1755 a
1736 1699 2052 1756 Galacrenis
2076 1700 2128 1751 in
2163 1710 2352 1752 mona-

773 1805 938 1856 clium
992 1813 1185 1854 tunsus
1244 1797 1438 1850 fuerat.
1491 1795 1673 1865 Legati
1712 1794 1876 1863 igitur
1925 1806 2048 1846 cum
2088 1790 2355 1858 Symeoue

2450 588 2809 649 τινουπόλεως
2845 583 3223 657 ἐκστρατεύει,
3256 585 3348 636 καὶ
3387 584 3635 653 ληῖζεται
3671 582 3773 651 μὲν
3799 583 4029 652 Θρᾴκην

2451 680 2545 731 καὶ
2564 676 2925 735 Μακεδονίαν.
2948 675 3243 744 ἐμπυρίζει
3266 675 3321 726 δὲ
3342 674 3520 726 πάντα
3542 672 3635 725 καὶ
3652 680 4031 743 καταστρέφει

2453 768 2549 821 καὶ
2596 768 2960 837 δενδροτομετ.
2996 765 3173 835 Μέχρι
3212 764 3268 817 δὲ
3323 763 3646 833 Βλαχερνῶν
3699 765 4033 831 ἐπιγενόμε-

2450 877 2540 921 νος
2557 862 2600 891 τι
2623 860 2964 927 ἐπεζήτησεν
2995 856 3369 927 ἀποσταλῆναι
3389 855 3538 923 αὐτῷ
3562 855 3652 908 τὸν
3678 857 4036 925 πατριάρχην

2451 952 2719 1006 Νικόλαον
2772 952 2866 1003 καί
2918 968 3070 1011 τινας
3130 950 3240 1002 τῶν
3297 950 3642 1019 μεγιστάνων
3701 949 3847 1001 ὥστε
3902 951 4037 1020 περὶ

2455 1046 2679 1117 εἰρήνης
2708 1047 2892 1107 αὐτοῖς
2921 1047 3221 1114 συντυχεῖν.
3260 1043 3493 1095 Ἔλαϐον
3514 1037 3606 1096 οὖν
3627 1044 3873 1112 ὁμήρους
3898 1042 4035 1110 παρ.

2453 1139 2696 1207 ἀλλήλων
2749 1139 3089 1208 ἀμφότεροι,
3142 1137 3236 1189 καὶ
3276 1134 3467 1204 ἐξῆλθε
3529 1135 3796 1206 πρότερον
3853 1135 3960 1204 μὲν
4009 1136 4039 1188 6

2454 1231 2802 1300 πατριάρχης
2836 1231 3140 1293 Νικόλαος,
3195 1228 3387 1281 ἔπειτα
3416 1230 3443 1279 6
3476 1227 3695 1297 Μιχαὴλ
3741 1229 4039 1297 πατρίκιος

2455 1322 3001 1392 προσαγορευόμενος
3041 1322 3068 1372 6
3116 1321 3474 1387 Στυπιώτης,
3537 1321 3632 1373 καὶ
3704 1320 3967 1390 Ἰωάννης
4014 1324 4042 1373 6

2384 1434 2393 1445 '
2457 1416 2720 1484 μυστικὸς
2772 1416 2864 1466 καὶ
2899 1414 3434 1483 παραδυναστεύων·
3481 1415 3580 1484 ἥδη
3628 1415 3737 1483 γὰρ
3780 1413 4042 1482 Ἰωάννης

2454 1506 2482 1556 6
2510 1504 2755 1572 ραίκτωρ
2783 1502 3098 1571 διαϐληθεὶς
3131 1503 3271 1574 πρὶς
3320 1503 3411 1555 τὸν
3451 1502 3699 1571 βασιλέα⁸
3747 1501 4043 1555 ἀσθένειαν

2462 1596 2948 1666 προφασισάμενος
2980 1594 3074 1646 τοῦ
3128 1596 3397 1648 παλατίου
3456 1595 3812 1665 κατεληλύθει
3855 1597 3956 1648 καὶ
3982 1598 4041 1648 ἐν

2454 1690 2522 1757 τῇ
2557 1686 2723 1739 αὑτοῦ
2766 1690 2900 1757 μονῇ
2948 1685 3178 1754 πλησίον
3233 1688 3597 1758 Γαλακρηνῶν
3657 1690 3941 1760 ἀπεκάρη.
3977 1689 4045 1741 Oi.

2460 1780 2558 1849 μέν
2585 1775 2678 1833 οὖν
2712 1780 2852 1849 μετὰ
2887 1779 3111 1846 Συμεὼν
3140 1780 3268 1850 περὶ
3318 1783 3540 1850 εἰρήνης
3564 1780 3890 1848 διελέγοντο,
3926 1784 3955 1834 6
3986 1781 4044 1833 δὲ

773 1895 840 1947 de
873 1908 1003 1961 pace
1058 1889 1533 1958 culloquebautur.
1592 1886 1791 1939 \‘eruin
1842 1886 2076 1954 Symeon
2112 1883 2220 1937 illis
2261 1896 2350 1935 re-

2460 1872 2656 1933 αὑτοὺς
2716 1872 2815 1940 μὲν
2873 1871 3277 1941 ἀπεπέμψατο,
3337 1873 3500 1924 αὑτὸν
3544 1872 3601 1925 δὲ
3658 1873 3751 1924 τὸν
3806 1871 4045 1939 βασιλέα

774 1986 1034 2054 pudiatis,
1064 1984 1238 2052 ipsum
1290 1983 1672 2048 imperatorem
1721 1979 1902 2032 videre.
1943 1976 2171 2046 ejusque
2220 1990 2355 2029 con-

775 2092 1021 2145 gressum
1077 2071 1400 2141 expetebat:
1459 2080 1609 2125 certo
1669 2070 1816 2122 enim
1879 2069 2049 2121 relatu
2114 2069 2179 2120 de
2237 2065 2356 2135 ejus

776 2165 1062 2233 νεουόρηιίιι
1119 2173 1172 2216 et
1234 2162 1557 2215 fortitudine
1613 2162 1988 2230 sapientiaque
2054 2166 2354 2226 acceperat.

778 2258 1033 2325 Pergrata
1099 2271 1161 2307 ea
1221 2269 1311 2307 res
1372 2253 1477 2306 fuit
1529 2251 1800 2313 Romano,
1837 2252 2037 2319 quippe
2067 2251 2158 2319 qui
2207 2248 2358 2318 pacis

775 2348 1045 2402 desiderio
1102 2346 1409 2408 tenebatur,
1460 2360 1524 2397 ac
1570 2343 1908 2413 quotidianis
1952 2343 2209 2412 utrinque.
2253 2357 2360 2395 caa-

774 2440 934 2493 dibus
987 2440 1146 2491 linem
1193 2438 1475 2504 imponere
1521 2435 1795 2488 studebat.
1836 2433 1997 2487 Mittit
2037 2436 2218 2501 itaque
2264 2433 2359 2499 qui

774 2533 841 2585 ad
904 2546 1053 2585 mare
1108 2530 1158 2582 in
1204 2527 1469 2583 Cosmidii
1505 2528 1685 2579 littore
1732 2526 2063 2580 tutissimam
2122 2538 2356 2577 exscen-

774 2626 981 2679 sionem
1042 2631 1332 2684 strui-rent,
1380 2635 1488 2688 quo
1547 2619 1667 2672 loco
1724 2617 1842 2686 ejus
1901 2615 2155 2685 praetoria
2206 2615 2361 2670 navis

774 2716 1091 2786 appellenda
1122 2722 1290 2767 esset.
1333 2711 1478 2765 Loco
1510 2711 1698 2779 itaque
1726 2709 1964 2779 undique
1999 2710 2358 2773 communito,

778 2812 831 2861 in
865 2807 1041 2861 inedio
1077 2805 1244 2873 jussit
1288 2814 1501 2872 septum
1533 2803 1670 2863 ﬁeri.
1701 2802 1791 2856 ubi
1824 2809 1981 2856 erant
2013 2799 2359 2855 collocuturi.

778 2896 1001 2949 Interim
1042 2894 1301 2964 Symcon,
1347 2907 1573 2947 suorum
1608 2893 1780 2946 misso
1824 2892 2129 2961 manipulo,
2160 2900 2362 2945 sancta:

777 2990 869 3043 Dei
905 2987 1197 3040 Geuitricis
1235 2986 1496 3054 templum
1534 2984 1586 3038 in
1626 2984 1788 3052 Pega,
1824 3000 1852 3036 a
1878 2982 2188 3038 Iustiniano
2229 2997 2362 3036 con-

777 3083 973 3143 ditum,
1033 3081 1291 3141 incendit,
1362 3094 1426 3133 ac
1483 3079 1691 3133 circum
1753 3078 1929 3132 Vicina
1996 3078 2180 3132 omnia
2250 3076 2362 3147 igni

2468 1963 2748 2034 Ῥωμανδν
2802 1964 3059 2034 ἐπεζήτει
3122 1964 3467 2018 θεάσασθαι⁰
3508 1966 3660 2034 παρά
3715 1964 3937 2017 πολλῶν
3987 1964 4045 2016 δὲ

2458 2057 2918 2129 πεπληροφόρητο
2971 2057 3095 2127 περί
3128 2074 3189 2110 τε
3225 2058 3323 2127 τῆς
3369 2058 3535 2111 αὐτοῦ
3586 2059 3910 2127 φρονήσεως
3947 2059 4045 2110 καὶ

2457 2150 2679 2221 ἀνδρίας
2708 2150 2801 2203 καὶ
2833 2150 3123 2213 συνέσεως.
3176 2137 3235 2202 Ὅ
3261 2148 3446 2203 τοίνυν
3496 2148 3753 2219 βασιλεὺς
3782 2149 3881 2202 ἐπὶ
3910 2148 4045 2201 τού⁹

2457 2259 2551 2295 του
2603 2243 2807 2313 σφόδρα
2850 2242 3227 2313 ἠγαλλιάσατο
3252 2261 3265 2274 ·
3309 2244 3496 2297 ἐπόθει
3530 2244 3639 2313 γὰρ
3670 2244 3772 2311 τὴν
3802 2244 4046 2313 εἰρήνην

2460 2335 2553 2387 καὶ
2586 2335 2645 2386 τὸ
2676 2334 2866 2404 στῆναι
2897 2334 2995 2398 τὰς
3025 2336 3319 2404 γινομένας
3347 2335 3457 2387 τῶν
3485 2335 3735 2403 αἱμάτων
3768 2334 4038 2402 ἐκχύσεις

2459 2423 2754 2493 ὁσημέραι.
2825 2425 3178 2488 Ἀποστείλας
3228 2420 3322 2478 οὖν
3366 2425 3426 2478 ἐν
3472 2425 3550 2493 τῷ
3594 2424 3685 2475 τοῦ
3734 2423 4048 2492 Κοσμιδίου

2461 2516 2692 2585 αἰγιαλῷ
2751 2517 3156 2571 κατεσκεύασεν
3186 2518 3243 2571 ἐν
3283 2520 3347 2587 τῇ
3389 2517 3636 2590 θαλάσσῃ
3672 2518 4046 2587 ὀχυρωτάτην

2462 2610 2755 2672 ἀπόϐασιν,
2781 2609 2920 2663 ὥστε
2950 2610 3047 2682 τὴν
3072 2610 3361 2680 βασιλικὴν
3389 2612 3622 2680 τριήρην
3645 2608 4055 2662 διεκπλέουσαν

2462 2701 2531 2770 ἐνί
2564 2701 2701 2772 αὐτῇ
2768 2702 3259 2773 προσορμίζεσθαι,
3320 2702 3673 2773 Περιφράξας
3726 2700 3819 2754 οὖν
3866 2702 4055 2769 αὐτὴν

2462 2792 2728 2846 πάντοθεν
2765 2793 3115 2865 διατείχισμα
3158 2796 3323 2863 μέσον
3369 2794 3626 2861 γενέσθαι
3677 2793 4051 2863 προσέταξεν,

2464 2886 2594 2939 ἔνθα
2661 2886 2912 2957 ἀλλήλοις
2969 2887 3193 2957 ἔμελλον
3247 2888 3474 2956 ὁμιλεῖν.
3552 2887 3907 2950 Ἀποστείλας
3955 2887 4057 2939 οἷον

2464 2973 2690 3044 Συμεὼν
2718 2975 2814 3028 τὸν
2842 2976 2939 3044 τῆς
2963 2977 3267 3047 ὑπεραγίαε
3297 2978 3562 3029 θεοτόκου
3586 2977 3712 3028 ναὸν
3736 2976 4058 3046 ἐνέπρησεν

2462 3065 2554 3120 τὸν
2579 3067 2637 3118 ἐν
2668 3069 2733 3138 τῇ
2769 3068 2949 3137 Πηγῇ,
2982 3068 3042 3120 ὃν
3078 3069 3456 3131 Ἰουστινιανδς
3484 3069 3512 3119 6
3547 3068 3805 3137 βασιλεὺς
3846 3069 4059 3138 ἐδομή-

778 3174 1035 3233 l‘erroque
1063 3172 1312 3225 vastavit.
1348 3170 1445 3224 His
1483 3171 1649 3238 igitur
1678 3170 1913 3223 alienum
1952 3184 1982 3222 a
2020 3183 2153 3237 pace
2183 3167 2358 3237 palam

2466 3174 2619 3222 σατο,
2657 3160 2753 3211 καὶ
2783 3162 2850 3213 τὰ
2880 3161 3037 3231 πέριξ
3071 3161 3234 3214 αὐτοῦ
3265 3161 3573 3230 σύμπαντα,
3609 3160 3692 3235 [Ρ.
3732 3159 3865 3232 952]
3889 3161 4061 3230 δῆλος

780 3268 1044 3334 prodebat
1097 3268 1363 3330 animum,
1405 3280 1654 3333 vanaque
1712 3278 1807 3331 spe
1856 3265 2237 3332 imperatorem
2264 3260 2358 3315 de-

2463 3248 2539 3301 ὢν
2571 3249 2824 3303 ἐντεῦθεν
2864 3250 2939 3320 μὴ
2979 3252 3078 3320 τὴν
3130 3253 3358 3321 εἰρήνην
3412 3251 3633 3315 ἐθέλων,
3690 3252 3807 3305 ἀλλ’
3864 3252 4060 3306 ἐλπίσι

782 3360 965 3411 Ind-re
1023 3357 1164 3410 haud
1210 3360 1507 3410 obscurum
1558 3364 1695 3409 erat.
1738 3352 1976 3409 Veniens
2020 3362 2201 3407 autem
2258 3353 2362 3407 im-

782 3457 1001 3515 perator
1059 3463 1183 3501 cum
1235 3446 1460 3500 Nicolao
1490 3446 1797 3515 patriarcha
1826 3448 1878 3500 in
1911 3460 2127 3500 sacrum
2156 3445 2361 3514 ingres-

780 3555 876 3592 sus
926 3548 1008 3593 est
1067 3537 1329 3603 loculum,
1391 3552 1697 3606 manusque
1747 3538 1800 3592 in
1855 3552 2042 3607 preces
2097 3537 2357 3602 extendit,

781 3618 898 3683 tum
939 3645 1149 3699 pronus
1199 3632 1253 3683 in
1309 3639 1511 3683 terram
1552 3629 1842 3699 procidens
1876 3644 2090 3684 sacrum
2126 3628 2357 3683 ubertim

780 3722 957 3776 solum
1009 3722 1264 3791 lacrymis
1310 3722 1542 3792 rigabat,
1579 3722 1728 3776 omni
1776 3721 2153 3776 celebrandam
2204 3720 2362 3776 laude

779 3814 1068 3881 omnisque
1129 3813 1268 3867 labis
1340 3828 1533 3882 puram
1597 3822 1841 3869 sanctam
1892 3811 1986 3867 Dei
2033 3813 2358 3868 Genitricem

777 3904 939 3976 407
977 3906 1297 3971 obsecrans,
1333 3914 1393 3959 ut
1426 3905 1683 3959 inﬂexum
1730 3906 2037 3975 durumque
2074 3904 2362 3976 Symeouis

781 4008 976 4064 pectus
1002 3983 1276 4049 emolliret
1305 4003 1360 4050 et
1387 3996 1453 4049 ad
1483 3996 1634 4065 pacis
1678 3996 2025 4050 concordiam
2067 3994 2358 4049 iucundam

783 4087 1088 4143 induceret.
1152 4088 1317 4143 Sacra
1348 4089 1517 4159 igitur
1538 4100 1784 4145 reserata
1808 4091 2014 4156 arcula,
2050 4090 2104 4145 in
2131 4106 2237 4157 qua
2264 4105 2357 4145 ve-

782 4180 1087 4233 nerandum
1126 4192 1331 4235 sanctae
1369 4179 1462 4234 Dei
1493 4180 1790 4237 Genitricis
1820 4183 2098 4251 palliolum
2153 4182 2360 4252 reposi-

784 4277 899 4323 tum
930 4278 1071 4332 erat,
1116 4285 1293 4340 eoque
1335 4271 1637 4342 imperator
1662 4273 1898 4339 sublato,
1955 4274 2210 4344 velutque
2240 4275 2360 4328 tho-

782 4377 908 4417 race
944 4363 1179 4430 quodam
1222 4363 1386 4417 nullis
1409 4365 1533 4419 telis
1565 4365 1752 4434 pervio
1774 4376 2077 4436 assumpto,
2104 4382 2167 4421 ac
2193 4381 2356 4437 quam

784 4455 839 4509 in
881 4456 1360 4512 iutemeratissima
1400 4456 1493 4511 Dei
1529 4457 1808 4515 Genitrice
1843 4460 2231 4526 collocaverat,
2270 4476 2359 4530 ga-

2467 3339 2764 3410 μετεώροις
2810 3341 2997 3394 τοῦτον
3054 3340 3361 3407 ἐξαπατῶν.
3404 3343 3866 3413 Παραγενόμενος
3898 3343 3963 3395 δὲ
3997 3344 4060 3395 ἐν

2464 3432 2796 3503 Βλαχέρναις
2824 3435 2851 3486 6
2877 3431 3131 3503 βασιλεὺς
3175 3433 3293 3504 ἅμα
3327 3434 3580 3503 Νικολάῳ
3631 3434 3956 3503 πατριάρχῃ
3998 3436 4060 3486 ἐν

2462 3527 2528 3595 τῇ
2562 3526 2696 3597 ἁγίᾳ
2731 3526 2953 3595 εἰσῆλθε
2986 3526 3133 3597 σορῷ
3172 3528 3390 3591 καὶτὰς
3427 3530 3619 3598 χεῖρας
3664 3526 3941 3591 ἐξέτεινεν
3976 3530 4063 3591 εἰς

2462 3619 2652 3690 εὐχὴν,
2707 3614 2827 3674 εἶτα
2874 3621 3089 3691 πρηνὴς
3146 3622 3333 3674 πεσὼν
3377 3621 3610 3692 δάκρυσι
3652 3623 3963 3691 κατέϐρεχε
3998 3624 4065 3674 τὸ

2462 3712 2620 3777 ἅγιον
2660 3711 2877 3782 ἔδαφος,
2926 3712 3026 3782 τὴν
3059 3712 3416 3782 πανύμνητον
3460 3715 3556 3767 καὶ
3593 3715 3869 3783 ἄχραντον
3917 3716 4067 3769 Θεο-

2470 3804 2635 3856 τόκον
2686 3803 2991 3857 ἀντιϐολῶν
3032 3803 3134 3873 τὴν
3168 3806 3403 3874 ἀκαμπῆ
3440 3806 3534 3857 καὶ
3585 3805 3906 3874 ἀμείλικτον
3962 3808 4065 3859 τοῦ

2463 3897 2813 3967 ὑπερηφάνου
2846 3898 3074 3965 Συμεὼν
3105 3900 3334 3970 καρδίαν
3368 3897 3607 3969 μαλάξαι
3637 3900 3731 3952 καὶ
3762 3902 3962 3953 πεῖσαι
3988 3902 4068 3955 τά

2463 3990 2600 4057 πρὸς
2630 3992 2857 4061 εἰρήνην
2889 3990 3204 4045 συνθέσθαι.
3241 3992 3315 4045 T6
3359 3993 3518 4060 ἅγιον
3545 3988 3639 4045 οὖν
3668 3991 3933 4045 κιϐώτιον
3985 3994 4073 4047 δε-

2461 4081 2773 4147 ανοίξαντες
2802 4085 2860 4137 ἐν
2887 4075 2931 4150 ᾧ
2952 4083 3011 4136 τδ
3041 4085 3238 4139 σεπτὸν
3262 4086 3362 4149 τῆς
3391 4084 3553 4153 ἁγίας
3584 4084 3853 4139 Θεοτόκου
3883 4084 4072 4158 i501;-

2463 4174 2725 4245 σαύριστο
2785 4174 3139 4245 ὡμοφόριον,
3192 4178 3293 4231 καὶ
3358 4177 3520 4230 τοῦτο
3569 4180 3598 4230 6
3646 4177 3907 4246 βασιλεὺς
3968 4182 4076 4233 ἀν-

2462 4266 2717 4335 ελόμενος
2772 4268 2867 4321 καὶ
2937 4267 3127 4339 ὥσπερ
3201 4269 3325 4323 τινὰ
3392 4268 3619 4340 θώρακα
3679 4270 4074 4341 ἀδιάῤῥηκτον

2462 4358 2916 4430 περιϐαλόμενος,
2948 4362 3044 4415 καὶ
3077 4362 3178 4429 τὴν
3223 4362 3411 4415 πίστιν
3457 4362 3559 4430 τὴν
3619 4362 3699 4424 εἰς
3737 4362 3835 4432 τήν
3876 4364 4076 4436 ὑπερ-

2460 4452 2691 4521 άμωμον
2705 4453 2964 4509 Θεοτόκον
2977 4448 3063 4507 οἷα
3081 4454 3512 4526 περικεφαλαίαν
3527 4457 3648 4509 τινὰ
3663 4455 4073 4528 περιθέμενος,

785 4546 882 4603 lea:
908 4549 1098 4614 instar,
1137 4549 1242 4605 ﬁde
1266 4552 1371 4606 sibi
1405 4551 1673 4617 adhibita,
1710 4555 1841 4607 tutis
1874 4555 2079 4609 scilicet
2118 4527 2358 4610 munitus

2468 4545 2615 4616 ἐξῄει
2670 4545 2761 4598 τοῦ
2801 4545 2932 4599 ναοῦ
2979 4546 3168 4610 ὅπλοις
3214 4547 3486 4616 ἀσφαλέσι
3533 4549 3908 4619 φραξάμενος.
3944 4553 4067 4605 Τὸν

783 4638 953 4692 armis
985 4641 1185 4708 templo
1227 4641 1526 4710 egreditur.
1559 4641 1689 4696 Suis
1725 4643 1908 4713 itaque
1949 4644 2250 4700 classiariis
2299 4659 2362 4699 ac

784 4728 1047 4805 comitatu
1083 4728 1288 4799 clypeis
1320 4731 1601 4800 armisque
1631 4732 1756 4812 aliis
1786 4733 1955 4802 probe
1991 4734 2277 4789 instructis
2307 4735 2360 4807 in

785 4819 964 4873 locum
987 4821 1344 4875 constitutum
1378 4837 1502 4877 cum
1534 4822 1804 4893 Symeone
1841 4833 2177 4879 tractaturus
2192 4826 2359 4880 venit.

784 4908 940 4964 Feria
1011 4913 1200 4981 quinta
1249 4924 1388 4979 erat,
1434 4929 1560 4968 cum
1599 4915 1713 4971 haec
1764 4925 1913 4986 gesta
1952 4927 2119 4984 sunt,
2156 4918 2363 4975 mensis

783 4999 1109 5058 Novembris
1161 5004 1249 5059 die
1278 5021 1445 5070 nona,
1498 5006 1631 5061 liora
1679 5007 1785 5063 diei
1840 5020 2058 5080 quarta.
2108 5009 2269 5066 Venit
2311 5019 2367 5067 et

786 5088 1022 5163 Symeon
1055 5109 1181 5149 cum
1217 5096 1461 5149 exercitu
1487 5095 1543 5150 in
1587 5096 1789 5152 multas
1815 5097 2113 5155 distributo
2149 5108 2361 5156 turmas

784 5193 952 5252 atque
988 5183 1137 5239 acies
1165 5184 1402 5239 militum
1446 5185 1539 5240 alii
1578 5186 1783 5257 clypeis
1813 5188 2097 5259 hastisque
2129 5193 2363 5257 auratis,

783 5274 878 5329 alii
934 5286 1164 5343 argento
1216 5277 1537 5348 splendidis,
1587 5280 1770 5335 omnis
1819 5282 1912 5337 alii
1959 5282 2163 5339 coloris
2196 5285 2369 5340 armis

788 5366 1042 5423 instructi
1090 5378 1255 5439 atque
1286 5371 1491 5435 ornati,
1541 5373 1725 5428 cuncti
1783 5374 1930 5429 ferro
1991 5376 2368 5433 circutncincti

2466 4638 2565 4690 σὺν
2610 4637 2763 4707 αὐτῷ
2791 4637 2886 4691 οὖν
2918 4638 3103 4692 στόλον
3155 4639 3351 4693 ἀσπίσι
3394 4657 3455 4693 τε
3490 4642 3583 4693 καὶ
3629 4642 3811 4704 ὅπλοις
3874 4661 4074 4698 κατα-

2465 4730 2757 4797 κοσμήσας
2776 4728 2867 4782 τὸν
2892 4715 3204 4801 ὡρισμένον
3232 4731 3399 4784 τόπον
3428 4732 3725 4785 κατέλαϐεν
3754 4737 4076 4807 συνομιλῆ-

2468 4838 2563 4874 σαι
2614 4821 2691 4891 τῷ
2737 4822 2985 4891 Συμεών.
3038 4823 3274 4894 Πέμπτη
3307 4824 3365 4878 δὲ
3401 4820 3472 4895 ἦν
3511 4825 3691 4897 ἡμέρα
3735 4827 3821 4879 ὅτε
3871 4829 4075 4883 ταῦτα

2465 4913 2707 4982 ἐγένετο,
2756 4914 2955 4984 ἐννάτη
2993 4914 3089 4967 τοῦ
3121 4914 3438 4985 Νοεμϐρίου
3488 4916 3679 4986 μηνὸς,
3728 4918 3984 4989 τετάρτη
4010 4923 4074 4975 δὲ

2467 5008 2570 5077 τῆς
2624 5008 2843 5079 ἡμέρας
2900 5006 3042 5078 ὥρα.
3085 5007 3429 5078 Παρεγένετο
3473 5008 3532 5061 δὲ
3578 5008 3675 5061 καὶ
3714 5011 3742 5061 6
3784 5010 4074 5080 Συμεὼν,

2464 5098 2678 5168 πλῆθος
2716 5100 3059 5169 ἐπαγόμενος
3092 5101 3173 5161 εἰς
3202 5098 3407 5160 πολλὰς
3452 5100 3785 5171 διῃρημένον
3812 5102 3919 5167 τὰς
3958 5122 4080 5161 πα-

2479 5193 2758 5262 ρατάξεις,
2792 5192 2904 5247 τῶν
2932 5192 3033 5263 μὶν
3058 5192 3447 5264 χρυσασπίδων
3484 5194 3580 5248 καὶ
3612 5195 4079 5267 χρυσοδοράτων,

2469 5283 2581 5338 τῶν
2617 5285 2674 5339 δὲ
2706 5285 3135 5356 ἀργυρασπίδων
3182 5285 3278 5339 καὶ
3324 5286 3804 5358 ἀργυροδοράτων,
3858 5290 3986 5344 τῶν
4015 5293 4079 5345 δὲ

2473 5377 2622 5448 πάσῃ
2675 5375 2858 5430 ὃπλων
2913 5378 3077 5447 χροιᾷ
3118 5377 3570 5447 κεκοσμημένων,
3617 5378 3839 5432 πάντων
3887 5383 4000 5435 καὶ
4030 5386 4080 5417 τ’

781 5467 960 5512 erant.
995 5458 1059 5514 lli
1094 5460 1332 5515 medium
1384 5472 1726 5533 assumptum
1777 5463 2102 5537 Symeouem
2161 5476 2224 5522 ut
2270 5469 2358 5522 im-

2472 5472 3055 5539 κατακεκοσμημένων
3079 5470 3285 5541 σιδήρῳ
3305 5487 3318 5500 ·
3347 5470 3398 5524 οἶ
3423 5470 3589 5540 μέσον
3619 5469 3802 5524 αὐτῶν
3832 5471 4082 5543 εἰληφό.

788 5558 1095 5618 peratorem
1117 5567 1182 5606 ac
1213 5568 1393 5624 regem
1426 5552 1672 5609 Romana
1704 5555 1887 5625 lingua
1916 5555 2113 5613 fausﬁs
2137 5558 2365 5615 vocibus

792 5641 1284 5712 prosequebantur.
1355 5642 1591 5700 Senatus
1619 5647 1798 5702 omnis
1825 5649 1998 5703 muris
2032 5649 2358 5715 insidentes,

2473 5579 2562 5625 τες
2594 5560 2819 5631 Συμεὼν
2845 5562 2918 5626 ὡς
2948 5562 3175 5632 βασιλέα
3208 5564 3491 5634 εὐφήμουν
3519 5566 3585 5636 τῇ
3613 5564 3723 5618 τῶν
3763 5565 4084 5637 Ῥωμαίων

2475 5657 2644 5724 φωνῇ.
2680 5654 2887 5718 Πάντες
2909 5655 2965 5708 δέ
2999 5655 3095 5725 τῆς
3118 5652 3421 5725 συγκλήτού
3450 5655 3647 5727 βουλῆς
3671 5658 3787 5720 τοῖς
3809 5655 4083 5733 τείχεσιν

2078 5741 2311 5798 VARUE
2352 5744 2751 5804 LECTIONES.

863 5828 905 5859 ⁷¹
929 5830 1374 5903 παραγενόμενος
1413 5832 1640 5900 rectius,
1666 5850 1719 5904 p.
1747 5835 1876 5892 579.
1954 5836 1997 5868 "'
2028 5836 2147 5910 καὶ]
2172 5836 2267 5891 δέἳ
