4154 6450
779 386 882 449 427

1868 373 2374 436 TllEUPllANES
2405 372 2958 432 CONTINUATITS.

3931 369 4036 432 4’23

782 508 990 572 Vli'lqllt‘
1039 499 1272 568 speciem
1327 504 1375 550 et
1413 494 1579 549 robur
1649 493 2049 561 infractumqne
2110 494 2350 546 animum

2465 491 2753 560 μεγιστᾶσι
2783 489 2885 558 τὴν
2915 486 3004 539 τοῦ
3049 483 3313 556 βασιλέως
3344 485 3646 556 ἀπήγγειλε
3681 486 3901 538 σύνεσιν
3941 494 4034 542 κσί

783 595 1067 651 immensis
1099 590 1351 644 laudibus
1388 588 1650 642 celebrat.

853 773 937 824 Π.
967 769 1166 822 Mensis
1205 764 1513 820 Decembris
1537 763 1621 816 die
1649 762 1907 831 vigesima
1941 762 2130 830 quinta
2156 761 2353 813 Roma-

765 879 882 918 .nus
921 862 1060 916 iilios
1101 875 1231 914 suos
1267 857 1603 926 Stephanum
1654 863 1704 908 et
1736 854 2156 907 Constantinum
2189 865 2350 904 coro-

780 962 872 1006 nat
919 953 970 1005 in
1015 951 1203 1020 Magna
1228 945 1465 1001 Ecclesia
1500 960 1511 996 :
1538 943 1630 998 sed
1661 950 1714 997 et
1743 939 2210 1010 The0phylaetum
2235 939 2354 1006 ejus

779 1045 948 1098 lilium
995 1041 1246 1095 Nicolans
1300 1036 1612 1107 patriarcha
1675 1032 1936 1088 detondet
1992 1031 2249 1085 clericum
2302 1037 2355 1083 et

778 1136 1176 1192 subdiaconunt
1206 1130 1372 1202 410
1425 1128 1682 1191 ordinat,
1733 1140 1798 1180 ac
1823 1124 2044 1178 tandem
2071 1133 2354 1192 promovet

779 1227 1100 1297 syncellttm,
1134 1239 1256 1278 cum
1287 1224 1333 1277 is
1371 1222 1521 1291 prius
1575 1219 1629 1273 in
1681 1216 2148 1272 subdiaconorum
2179 1213 2350 1284 gradu

779 1322 833 1373 in
865 1327 1054 1374 saneta
1086 1315 1468 1384 processisset.

851 1416 938 1468 18.
993 1413 1195 1466 Mensis
1231 1410 1438 1479 Aprilis
1475 1408 1563 1463 die
1610 1406 1819 1462 decima
1866 1419 2011 1461 nona
2069 1403 2351 1458 Romanus

775 1509 1038 1563 Joannem
1072 1503 1368 1574 mysticum
1405 1513 1700 1568 rerumque
1727 1496 2088 1568 gerendarum
2123 1495 2352 1548 admini-

777 1611 949 1655 slrutn
1020 1611 1084 1650 ac
1142 1593 1503 1662 subadjuvam
1569 1589 1802 1660 patricia
1861 1603 1925 1642 ac
1975 1587 2350 1657 proconsulari

775 1690 1032 1756 dignitate
1048 1682 1374 1749 ornavit,ita
1403 1694 1534 1736 sane
1560 1679 1760 1734 uthinc
1789 1678 1864 1732 illi
1891 1677 2127 1734 conﬂata
2152 1676 2348 1731 invidia

773 1794 827 1833 et
862 1782 1068 1833 illatum
1099 1793 1127 1831 a
1162 1775 1488 1846 quibusdam
1513 1773 1720 1828 crimen
1747 1772 1836 1825 sit.

851 1873 933 1925 19.
963 1871 1081 1923 Maii
1105 1868 1307 1923 mensis
1324 1867 1410 1922 die
1428 1866 1618 1936 quinta
1636 1865 1844 1918 decima
1859 1903 1872 1926 ,
1909 1861 2212 1916 indictione
2236 1869 2349 1914 ter—

776 1966 847 2014 tia
870 1963 1101 2022 decima,
1121 1960 1348 2013 moritur
1364 1956 1618 2011 Nicolaus
1635 1955 1965 2024 patriarcha,
1982 1968 2145 2006 cuma
2167 1967 2356 2006 sccun-
2392 1980 2413 2001 λ

774 2047 842 2105 da
877 2047 1226 2118 prorectione
1258 2043 1710 2099 annostredecim
1732 2044 1930 2097 throno
1948 2042 2154 2112 potitus
2185 2050 2348 2096 esset.

777 2141 905 2208 Ejus
942 2155 1140 2210 corpus
1177 2137 1231 2191 in
1265 2137 1615 2199 monasterio,
1653 2136 1797 2205 quod
1824 2135 1911 2188 ille
1946 2135 2258 2190 condiderat
2290 2149 2354 2189 ac

773 2237 1102 2288 (lalacrcnas
1121 2240 1337 2294 vocant,
1359 2230 1639 2284 conditum
1661 2238 1764 2284 est.
1787 2227 1969 2282 Mense
1987 2229 2232 2296 Augusto
2254 2243 2351 2296 pa-

776 2327 1012 2380 triarcha
1044 2324 1317 2378 sufﬁcitur
1354 2323 1666 2391 Stephanus
1705 2322 1948 2376 Amasea:
1983 2319 2348 2388 metropolita,

777 2419 1082 2472 eunuchus.
1105 2413 1289 2468 Mense
1312 2411 1530 2467 Octobri
1550 2411 1788 2466 Joannes
1804 2414 2066 2482 mysticus
2085 2425 2147 2465 ac
2181 2413 2351 2479 impe-

779 2508 945 2563 tatori
967 2521 1149 2561 rerum
1205 2502 1565 2574 gerendarum
1611 2503 1826 2572 adjutor
1864 2501 2100 2556 aﬂ‘eciati
2139 2502 2349 2571 imperii

775 2600 1038 2664 defertur,
1059 2599 1111 2652 in
1139 2612 1252 2652 rem
1273 2597 1567 2651 inducente
1583 2593 1782 2649 Cosma
1812 2594 2042 2665 patricio
2065 2609 2128 2648 ac
2157 2609 2352 2650 cursus

775 2691 1294 2762 publici-logotheta,
1348 2687 1440 2757 qui
1483 2686 1647 2740 ﬁliam
1687 2686 1738 2740 ei
1773 2698 2002 2741 uxorem
2054 2685 2348 2740 locaverat.

775 2785 904 2836 Eam
929 2782 996 2835 ob
1016 2796 1126 2834 rem
1147 2780 1353 2848 ejectus
1371 2779 1461 2834 ille
1483 2778 1705 2848 quidem
1727 2778 1850 2833 aula
1874 2786 1959 2832 est
1983 2797 1996 2833 :
2021 2778 2348 2848 permissum

776 2885 957 2928 tamen
980 2871 1364 2940 imperatorem
1385 2870 1536 2925 adire
1575 2869 1734 2939 eique
1783 2870 2118 2935 ministrare,
2143 2885 2206 2924 ac
2227 2885 2348 2924 cunt

773 2979 840 3021 eo
857 2963 1278 3018 communicatis
1293 2960 1560 3023 consiliis,
1581 2957 1723 3027 quod
1749 2973 1928 3029 opera:
1946 2961 2178 3028 pretium
2197 2961 2352 3016 vide-

773 3065 945 3116 retur,
973 3061 1227 3105 tractare.
1281 3048 1476 3118 lugens
1495 3049 1693 3118 quippe
1740 3048 1794 3102 in
1842 3065 1966 3103 eunt
2005 3050 2352 3119 imperatoris

2457 582 2805 639 ταπείνωσιν,
2855 579 3163 644 ἐξεθείαζεν
3197 578 3251 630 δὲ
3285 577 3451 632 αὖτοῦ
3480 579 3540 631 τό
3581 595 3639 632 τε
3676 575 3815 642 εἶδος
3845 581 3946 650 τήν
3972 599 4033 634 τι

2458 672 2650 743 ῥώμην
2685 675 2778 726 καὶ
2801 673 2863 724 τὸ
2893 672 3316 739 ἀκατάπληκτον
3354 669 3446 723 τοῦ
3478 673 3852 739 φρονήμαςος.

2529 766 2616 827 ιζ’.
2652 763 2974 834 Δεκεμϐρίῳ
3005 763 3060 815 δὲ
3097 763 3228 833 μηνὶ
3255 759 3335 814 κε’
3363 761 3554 831 ἔστεψε
3593 763 3878 831 Ῥωμανδς
3907 763 4034 826 τοὺς

2456 857 2606 919 υἱοὺς
2639 855 2804 908 αὑτοῦ
2855 859 2913 908 ἐν
2944 858 3010 924 τῇ
3045 855 3273 926 Μεγάλῃ
3326 855 3614 924 ἐκκλησίᾳ,
3655 856 3928 922 Στέφανόν
3974 873 4037 908 τε

2458 947 2552 999 καὶ
2608 949 3058 1000 Κωνσταντῖνον·
3140 945 3276 997 ἀλλὰ
3333 947 3426 998 καὶ
3465 944 3842 1012 Θεοφύλακτον
3920 946 4038 997 ut?»

2457 1040 2621 1092 αὑτοῦ
2649 1041 2676 1092 6
2711 1039 3057 1109 πατριάρχης
3110 1039 3193 1108 |P.
3243 1038 3374 1107 254]
3421 1039 3688 1098 Νικόλαος
3737 1039 4037 1107 ἀπέκειρεν

2456 1131 2738 1201 κληρικὸν,
2790 1131 3182 1200 χειροτονήσας¹
3237 1129 3591 1182 ὑπώιάκονον
3645 1129 3942 1196 σύγκελλόν
3975 1145 4035 1180 τε

2456 1224 2974 1292 προχειρισάμενος,
2998 1221 3275 1275 διελθόντα
3309 1220 3580 1292 πρότερον
3604 1221 3662 1273 έν
3683 1220 3760 1292 τῷ
3778 1220 3887 1273 τῶν
3907 1220 4040 1273 ὑπιο-

2455 1318 2720 1370 διακόνων
2756 1318 2997 1385 τάγματι
3030 1317 3108 1378 εἰς
3140 1315 3208 1368 τὰ
3234 1316 3386 1381 ἅγια.

2531 1409 2618 1479 ιη’.
2668 1409 2966 1479 Ἀπριλλίῳ
3006 1410 3062 1461 δὲ
3113 1410 3262 1478 μηνὶ,
3297 1406 3359 1461 ιθ⁹
3390 1405 3483 1460 τοῦ
3531 1406 3719 1476 μηνὸς,
3769 1407 4038 1475 ἐτίμησεν

2467 1502 2748 1571 Ῥωμανὸς
2783 1500 3034 1569 Ἰωάννην
3063 1500 3328 1569 μυστικὸν
3353 1501 3447 1552 καὶ
3481 1497 4037 1568 παραδυναστεύοντα

2455 1595 2744 1664 πατρίκιον
2775 1594 2868 1646 καὶ
2921 1593 3252 1655 ἀνθύπατον,
3303 1592 3445 1644 ὥστε
3480 1593 3574 1644 καὶ
3607 1590 3676 1642 δι’
3710 1589 3842 1642 αὑτὸ
3875 1588 4038 1642 τοῦτο

2457 1686 2651 1754 φθόνον
2705 1685 2998 1755 κινηθῆναι
3056 1683 3205 1754 αὑτῴ
3261 1685 3355 1736 καὶ
3409 1682 3852 1754 κατηγορηθῆναι
3926 1681 4037 1733 ἀπό

2453 1794 2640 1828 τινων.

2530 1867 2616 1922 ιϐ’.
2654 1867 2808 1937 Μαΐῳ
2854 1867 2908 1919 δὲ
2943 1867 3072 1936 μηνὶ
3117 1872 3200 1930 ιε’,
3243 1865 3575 1928 ίνδικτιῶνος
3624 1871 3714 1933 ιγ’,
3749 1864 3981 1934 τελευτᾷ
4012 1866 4040 1916 6

2455 1960 2804 2031 πατριάρχης
2835 1959 3122 2023 Νικόλαος,
3152 1957 3434 2030 κρατήσας
3465 1959 3521 2011 έν
3546 1960 3612 2028 τῇ
3641 1957 3869 2029 δευτέρᾳ
3900 1958 4038 2009 ἁνα-

2456 2053 2612 2106 σάσει
2649 2051 2745 2105 τοῦ
2783 2052 3178 2122 πατριαρχείου
3227 2050 3322 2120 ἔτη
3362 2050 3720 2119 τριακαίδεκα
3751 2066 3764 2079 ο
3796 2050 3893 2102 καὶ
3926 2049 4040 2102 άπ-

2455 2142 2616 2213 ετέθη
2645 2139 2706 2195 τὸ
2731 2142 2890 2210 σῶμα
2909 2139 3074 2195 αὑτοῦ
3095 2141 3152 2193 ὲν
3175 2142 3242 2210 τῇ
3268 2140 3358 2192 ὑπ’
3388 2137 3556 2193 αὑτοῦ
3583 2137 3866 2208 κτισθείσῃ
3899 2139 4036 2208 μονῇ

2453 2234 2560 2286 τῶν
2603 2232 2996 2302 Γαλακρηνῶν.
3052 2231 3352 2302 Αὐγούστῳ
3398 2231 3453 2285 δὲ
3505 2230 3636 2303 μηνὶ
3689 2233 4042 2301 πατριάρχης

2457 2327 2778 2378 καθίσταται
2835 2325 3103 2392 Στέφανος
3146 2327 3173 2377 6
3229 2324 3527 2394 Ἀμασείας
3587 2322 4036 2394 μητροπολίτης,

2455 2421 2710 2490 εὐνοῦχος
2746 2420 3028 2489 ὑπάρχων.
3077 2418 3393 2489 Ὀκτωόρίῳ
3427 2419 3559 2487 μηνὶ
3614 2416 3979 2487 κατηγορήθη
4012 2418 4039 2467 6

2457 2513 2718 2581 μυστικὸς
2793 2513 3046 2580 Ἰωάννης
3107 2511 3201 2564 καὶ
3256 2509 3756 2578 παραδυναστεύων
3805 2509 3884 2571 ὡς
3936 2509 4037 2574 τῆς

2455 2605 2733 2676 βασιλείας
2767 2604 3056 2674 ἐφιέμενος
3096 2603 3347 2673 ὑποθήκῃ
3381 2601 3475 2656 τοῦ
3507 2601 3798 2672 πατρικίου
3834 2602 4040 2670 Κοσμᾶ

2455 2701 2548 2753 καὶ
2577 2698 2885 2765 λογοθέτου,
2943 2697 3177 2759 διδόντος
3225 2697 3304 2760 εἰς
3355 2698 3591 2764 γυναῖκα
3620 2695 3720 2764 τὴν
3755 2694 4038 2764 θυγατέρα

2455 2790 2624 2860 αὑτῷ.
2655 2790 2861 2844 Τούτου
2912 2790 3099 2842 ἕνεκεν
3132 2787 3563 2850 καταϐιϐάζεται
3594 2785 3691 2855 μὶν
3729 2784 3822 2837 τοῦ
3855 2785 4037 2838 παλα-

2453 2883 2592 2946 τίου,
2629 2884 2997 2951 συγχωρεῖται
3032 2880 3088 2932 δὲ
3120 2879 3179 2932 τὸ
3211 2877 3615 2949 προσέρχεσθαι
3645 2875 3741 2930 καὶ
3767 2875 3846 2945 τῷ
3881 2875 4040 2944 βασι-

2453 2974 2534 3027 λεῖ
2556 2975 2851 3044 ὑπηρετεῖν
2877 2974 2922 3005 ⁷³
2945 3014 2960 3036 ,
2986 2973 3081 3024 καὶ
3101 2973 3196 3024 σὺν
3222 2970 3370 3040 αὑτῷ
3395 2971 3464 3023 τὰ
3490 2970 3761 3040 ἀνήκοντα
3786 2969 4037 3021 διοικεῖν·

2456 3065 2692 3135 στοργην
2728 3065 2836 3134 γὰρ
2879 3065 2960 3116 ὅτι
2993 3064 3256 3132 πλείστην
3309 3062 3576 3131 ἐκέκτητο
3626 3061 3764 3131 πρὸς
3810 3061 3978 3113 αὑτὸν
4012 3064 4038 3112 6

771 3147 856 3200 Vis
893 3143 1097 3198 amoris
1142 3153 1260 3196 erat
1291 3182 1305 3205 ,
1367 3139 1514 3211 quod
1572 3141 1835 3212 mysticus
1891 3140 1943 3195 in
1994 3141 2250 3196 omnibus
2299 3143 2347 3197 ei

2458 3154 2712 3224 βασιλεὺς
2762 3153 3041 3223 Ῥωμανδς
3071 3153 3146 3214 ὼς
3174 3154 3232 3204 έν
3269 3153 3435 3204 πᾶσιν
3489 3150 3652 3204 αὑτὸν
3703 3150 4038 3221 θεραπεύειν

773 3235 970 3290 blande
1023 3241 1418 3293 assentaretur,
1467 3245 1567 3285 nec
1621 3239 1740 3284 uta
1777 3245 1835 3285 se
1869 3231 2088 3300 penitus
2130 3232 2348 3302 ablega-

773 3335 857 3381 ret
903 3327 956 3380 in
1016 3327 1261 3378 animum
1326 3323 1584 3376 inducere
1632 3331 1870 3391 poterat.
1923 3323 2349 3377 Accusatorihus

772 3429 954 3475 tamen
1001 3419 1380 3486 imperatorem
1426 3415 1768 3484 urgentibus,
1801 3429 2035 3483 veraque
2083 3431 2203 3471 esse
2235 3418 2340 3468 cri-

772 3512 920 3567 mina
954 3509 1170 3580 objecta
1203 3507 1640 3571 ostendentibus,
1674 3508 1766 3563 ille
1797 3522 1909 3562 rem
1949 3516 2344 3577 perscrutatus,

772 3619 895 3658 eunt
963 3617 1070 3656 non
1124 3601 1285 3655 aliter
1338 3615 1396 3654 se
1444 3600 1646 3654 habere
1699 3599 2143 3669 deprehendisset
2180 3616 2344 3669 quam

771 3696 844 3749 illi
906 3693 1224 3757 retulerant,
1273 3691 1598 3761 capiendum
1633 3691 1922 3762 mysticum
1966 3691 2155 3745 statuit
2183 3690 2342 3762 [ιιι

772 3799 836 3839 ac
872 3782 1271 3853 questionibus
1317 3780 1739 3849 subjiciendum.
1779 3779 1900 3835 Hoc
1939 3781 2034 3835 ille
2073 3780 2166 3835 ubi
2214 3796 2347 3850 pra:-

771 3876 965 3938 sensit,
1012 3873 1139 3942 fuga
1185 3890 1245 3928 se
1277 3873 1343 3926 ad
1397 3871 1909 3928 Monocastanorum
1953 3873 2346 3928 monasterium

773 3965 1039 4033 recipiens
1075 3962 1146 4015 ibi
1208 3959 1462 4016 monachi
1513 3959 1619 4013 ritu
1667 3973 1880 4014 comam
1922 3960 2126 4029 posuit;
2189 3957 2350 4028 Fugit

771 4072 902 4113 vero
940 4066 993 4110 et
1039 4054 1432 4110 Constantinus
1479 4051 1646 4106 Boila:
1688 4051 1852 4117 (ilius,
1893 4067 2098 4107 mensae
2157 4051 2348 4122 prtere-

773 4159 915 4211 etus,
968 4147 1166 4202 timens
1210 4145 1440 4207 scilicet,
1480 4143 1660 4213 utqui
1700 4153 1753 4198 et
1782 4144 1895 4213 ipse
1942 4145 2154 4214 mystici
2198 4158 2349 4214 sym-

774 4248 947 4307 niysta
990 4249 1136 4290 esset
1173 4235 1405 4304 ejusque
1444 4242 1779 4289 secretorum
1840 4232 2133 4300 conscius;
2184 4233 2350 4302 inque

770 4327 1060 4400 Olympum
1092 4326 1375 4382 discedens
1422 4324 1752 4380 monachum
1801 4324 1995 4380 induit.
2050 4324 2346 4380 Patricium

771 4423 1023 4474 (Zosmatn
1087 4418 1152 4472 ad
1218 4417 1403 4486 palatii
1454 4416 1798 4486 horologium
1864 4417 2184 4472 verberibus
2219 4419 2348 4472 sub-

2456 3247 2776 3315 δυνάμενον,
2815 3246 2910 3299 καὶ
2939 3245 3137 3307 τελέως
3164 3242 3354 3296 τοῦτον
3378 3242 3706 3296 ἀπώσασθαι
3736 3245 3838 3296 οὑκ
3867 3243 4037 3313 ἠϐού-

2458 3339 2598 3394 λετο.
2621 3339 2742 3390 Τῶν
2766 3337 3091 3407 κατηγόρων
3111 3332 3204 3389 οὖν
3227 3336 3666 3404 κατεπειγόντων
3688 3335 3778 3388 τὸν
3809 3334 4036 3404 βασιλέα

2457 3431 2552 3484 καὶ
2585 3431 2728 3498 σαφῆ
2777 3429 3213 3484 ἀποδεικνύντων
3243 3426 3313 3480 τὰ
3355 3429 3837 3498 κατηγορούμενα,
3877 3429 4035 3496 ἔρευο

2456 3525 2623 3591 νήσας
2654 3523 2681 3572 6
2713 3520 2966 3590 βασιλεὺς
3011 3520 3105 3572 καὶ⁵
3139 3518 3312 3589 άληθῆ
3349 3519 3523 3572 ταῦτα
3552 3516 3694 3572 εἶναι
3725 3518 4032 3590 άναμαθὼν

2455 3611 2680 3680 ἔμελλεν
2726 3609 2911 3663 τοῦτον
2964 3610 3254 3679 κατασχὼν
3312 3609 3614 3674 ἐξετάζειν.
3666 3611 3726 3663 '0
3773 3610 3832 3664 δὲ
3875 3609 4036 3665 τοῦτο

2457 3703 2725 3773 προγνοὺς
2773 3701 2974 3772 χρῆται
3013 3705 3181 3773 φυγῇ,
3215 3702 3306 3755 καὶ
3345 3703 3445 3772 τὴν
3492 3702 3913 3758 Μονοκάστανον
3938 3719 4042 3754 κα-

2454 3796 2710 3852 ταλαϐὼν
2769 3795 3127 3866 ἀποκείρεται
3204 3797 3460 3866 μοναχός.
3525 3795 3775 3862 Πέφευγε
3830 3794 3889 3847 δὲ
3944 3796 4043 3847 καὶ

2456 3889 2867 3950 Κωνσταντῖνος
2893 3886 2986 3940 τοῦ
3014 3886 3176 3940 Bona.
3199 3887 3227 3938 6
3245 3886 3345 3954 τῆς
3371 3886 3672 3958 τραπέζης,
3705 3887 3911 3950 οἰκεῖος
3939 3887 4041 3940 καὶ

2457 3979 2609 4047 φίλος
2645 3979 2721 4032 ὢν
2757 3979 2927 4049 αὐτῷ,
2985 3980 3077 4034 καὶ
3124 3981 3214 4034 τὸν
3271 3980 3560 4050 Ὄλυμπον
3611 3979 3942 4034 καταλαϐὼν
3981 3982 4043 4034 τδ

2461 4073 2754 4142 μοναχικδν
2783 4072 2972 4142 σχῆμα
3001 4072 3247 4127 ἐνδύεται
3266 4089 3280 4104 ³
3319 4073 3579 4126 ἐδεδοίκει
3604 4072 3716 4144 γὰρ
3745 4075 3839 4126 καὶ
3872 4073 4039 4134 αὑτδς

2457 4166 2552 4219 ἅτε
2628 4166 2955 4235 συμμύστης
3014 4166 3277 4234 ὑπάρχων
3324 4163 3420 4218 τοῦ
3478 4164 3743 4235 μυστικοῦ
3793 4165 4040 4217 καὶτῶν

2455 4258 2916 4329 ἀπορῤητοτὲρων
2972 4256 3140 4310 αὑτοῦ
3186 4258 3463 4320 κοινωνός.
3514 4258 3617 4310 Τὸν
3647 4258 3704 4310 δὲ
3736 4258 4039 4327 πατρίκιον

2455 4350 2681 4420 Κοσμᾶν
2707 4351 2764 4401 ὲν
2785 4351 2865 4420 τῷ
2891 4348 3170 4419 ὡρολογίῳ
3195 4348 3288 4402 τοῦ
3324 4347 3586 4402 παλατίου
3622 4348 3798 4419 τύψας
3820 4350 3850 4402 6
3875 4348 4035 4417 βασι·

2456 4441 2582 4502 λεὺς
2618 4440 2909 4505 διεδέξατο.
2948 4440 3320 4512 Προδάλλεται
3349 4441 3405 4494 δὲ
3448 4440 3570 4493 ἀντὶ
3616 4439 3710 4493 τοῦ
3764 4441 4038 4510 μυστικοῦ

772 4520 949 4566 actum
980 4510 1274 4577 imperator
1303 4505 1481 4562 ofﬁcio
1512 4508 1700 4560 movit.
1735 4505 1962 4561 Joannis
1988 4509 2196 4577 mystici
2229 4509 2348 4564 loco

2470 4533 2720 4587 Ἰωάννου
2790 4505 3073 4604 Θεοφάνην
3142 4533 3648 4602 πρωτοδεστιάριον
3714 4505 4037 4602 παραδυνα-

771 4602 1135 4673 Theophanes
1198 4601 1650 4671 protovestiarius
1697 4601 1998 4665 subadjura
2057 4616 2350 4671 rerumque

772 4696 1130 4766 gerendarum
1175 4694 1492 4765 imperatori
1545 4693 1767 4766 adiutor
1831 4704 2203 4762 promovetur.
2235 4695 2349 4749 Sub

769 4765 912 4842 idem
969 4795 1184 4855 tempus
1221 4785 1526 4840 horrendus
1570 4786 1623 4839 in
1668 4765 2064 4840 Thracensium
2115 4777 2351 4843 themate

770 4879 982 4934 exstitit
1014 4886 1171 4932 terra:
1195 4885 1373 4931 motus
1412 4877 1708 4949 ingensque
1739 4891 1802 4930 ac
1825 4879 2122 4944 stupendus
2146 4878 2350 4945 hiatus,

769 4972 846 5024 ita
903 4978 959 5024 ut
998 4969 1152 5039 plura
1188 4969 1386 5038 praedia
1449 4978 1502 5024 et
1558 4969 1803 5023 ecclesia:
1859 4984 1983 5022 cum
2035 4970 2351 5025 hominibus

770 5062 1031 5132 voragine
1063 5062 1318 5130 absorpta
1369 5061 1501 5115 sint.

843 5149 935 5205 20.
985 5149 1107 5204 Maii
1153 5150 1356 5204 mensis
1413 5149 1676 5220 vigesima
1732 5152 1986 5221 septima,
2052 5151 2351 5206 indictione

775 5242 966 5310 quinta
993 5241 1226 5302 decima,
1277 5240 1514 5312 Symeon
1562 5242 1919 5314 Bulgarorum
1956 5245 2207 5314 princeps
2252 5244 2350 5299 ad-

771 5347 966 5388 versus
994 5331 1299 5386 Chrobatos
1325 5332 1671 5402 expeditione
1692 5346 1967 5405 suscepta,
1987 5345 2351 5404 consertaque

772 5443 895 5480 cum
941 5426 1047 5481 illis
1097 5441 1299 5496 pugna,
1347 5427 1521 5481 victus
1573 5427 1686 5498 ipse
1719 5443 1850 5483 suas
1894 5443 2086 5484 omnes
2129 5429 2347 5498 penitus

770 5521 958 5590 capias
1008 5521 1211 5575 amisit.

2459 4625 2740 4682 στεύοντα.
2786 4623 3036 4693 Ἐγένετο
3061 4627 3118 4678 δὲ
3145 4626 3241 4678 καὶ
3287 4623 3591 4696 τηνικαῦτα
3628 4623 3854 4693 σεισμὸς
3880 4625 4041 4692 φοϐέο

2459 4717 2547 4786 ρὸς
2584 4719 2641 4770 ὲν
2666 4716 2744 4786 τῷ
2774 4717 2973 4786 θέματι
3011 4717 3121 4770 τῶν
3153 4717 3500 4788 Θρακησίων,
3546 4715 3642 4768 καὶ
3687 4716 3879 4786 χάσμα
3933 4717 4039 4785 γῆς

2460 4809 2604 4878 μέγα
2651 4810 2747 4862 καὶ
2793 4807 3258 4878 καταπληκτικὸν,
3310 4808 3452 4861 ὥστε
3503 4806 3674 4861 πολλὰ
3717 4811 3900 4878 χωρία
3941 4810 4041 4862 καὶ

2457 4899 2756 4972 ἐκκλησίας
2783 4899 3117 4971 αὐτάνδρους
3139 4898 3532 4968 καταποθῆναι.

2529 5171 2600 5219 κ’.
2625 5164 2787 5236 Μαΐῳ
2807 5165 2863 5218 δὲ
2887 5165 3039 5236 μηνὶ,
3064 5165 3239 5220 εἰκάδι
3256 5163 3479 5234 ἑϐδόμη,
3502 5160 3585 5234 [Ρ.
3610 5160 3740 5232 255]
3767 5160 4040 5216 ίνδικτιῶ-

2455 5274 2544 5319 νος
2576 5256 2658 5320 ιε’,
2691 5256 2918 5327 Συμεὼν
2950 5257 3137 5329 ἄρχων
3170 5256 3511 5325 Βουλγαρίας
3543 5253 3686 5306 κατὰ
3717 5251 4041 5321 Χρωδάτων

2454 5346 2672 5414 ἐκίνησε
2703 5345 3042 5418 στράτευμα,
3068 5347 3161 5400 καὶ
3190 5343 3484 5415 συμδαλὼν
3520 5340 3640 5412 μετ’
3668 5339 3849 5394 αὑτῶν
3881 5341 4024 5391 πόλε-

2459 5454 2581 5506 μον,
2638 5440 2892 5508 ἡττηθεὶς
2941 5441 3072 5506 τοὺς
3117 5441 3208 5495 ὑπ’
3240 5440 3402 5495 αὑτὸν
3451 5439 3697 5498 ἅπαντας
3727 5433 3902 5506 ἄρδην
3928 5435 4042 5486 ἁπ-

2456 5529 2675 5583 ώλεσεν.

2071 5697 2301 5754 VARI/EI
2344 5699 2744 5760 LECTIONES.

842 5792 890 5828 "
919 5791 1183 5864 Seylitzes
1204 5799 1258 5844 et
1283 5791 1564 5846 Cedrenus
1600 5793 1950 5863 προσκυνεῖν.
1987 5790 2235 5847 Combei.
