4154 6450
134 366 239 425 429

1125 364 1268 424 ΠΒ.
1297 365 1394 425 Π.
1431 388 1500 397 -
1532 362 1898 422 ROMANUS
1929 364 2388 428 LACAPENUS.

3271 364 3379 431 430

202 484 309 530 καθ.
348 477 452 528 Τὸν
476 475 533 528 δὲ
560 474 787 545 βασιλέα
817 474 863 506 ⁷⁸
905 475 1185 545 Ῥωμανὸν
1222 476 1477 546 Ἰωάννης
1502 477 1701 544 ἀστρο-

1877 480 1969 534 21.
2013 479 2252 537 Joannes
2306 500 2466 554 porro
2515 497 2864 539 astronomus
2908 484 3214 541 Romanum
3273 492 3377 544 im-

135 570 299 639 νόμος
352 567 687 638 θεασάμενος
734 565 909 629 οὕτως
959 566 1252 635 λελάληκεν
1280 582 1293 596 ·
1341 564 1635 628 Δέσποτα,
1666 564 1704 628 ἡ

134 660 334 727 στήλη
364 660 404 727 ἡ
450 658 739 728 ἱσταμένη
775 662 858 724 εις
904 658 1019 726 τὴν
1064 658 1338 727 καμάραν
1369 656 1569 711 ἐπάνω
1598 654 1706 708 τοῦ

133 752 506 820 Ξηρολόφου,
537 751 634 802 ἐπὶ
665 750 904 819 δυσμὰς
945 749 1293 815 βλέπουσα,
1324 748 1431 802 τοῦ
1463 746 1707 816 Συμεών

132 847 302 911 eam?
340 844 440 899 καί
463 848 515 898 εί
542 846 767 913 ταύτης
809 845 928 911 τὴν
974 844 1256 913 κεφαλὴν
1299 844 1594 912 ἐκκόψῃς,
1631 840 1709 910 τῆ

132 936 287 1004 αὐτῇ
318 936 441 1005 ὥρᾳ
469 939 502 990 ό
526 938 769 1007 Συμεὼν
796 937 1069 1003 τελευτᾷ.
1114 938 1174 990 '0
1195 936 1251 990 δὲ
1284 936 1537 1006 βασιλεὺς
1576 936 1708 988 Ῥωο

136 1032 303 1098 μανὸς
334 1031 664 1093 ἀποστείλας
686 1034 753 1102 τῇ
784 1031 942 1085 νυκτὶ
973 1030 1072 1099 τὴν
1100 1031 1344 1101 κεφαλὴν
1372 1030 1472 1099 τῆς
1504 1030 1706 1099 στήλης

135 1120 394 1189 ἐξέκοψεν
423 1134 438 1149 ⁶
474 1122 568 1174 καὶ
616 1123 753 1191 αὐτῇ
784 1125 849 1190 τῇ
885 1121 1004 1192 ὥρᾳ
1035 1121 1063 1171 ὁ
1098 1122 1323 1190 Συμεὼν
1356 1121 1436 1183 είς
1467 1121 1707 1189 Βουλγα-

136 1211 257 1274 ρίαν
306 1210 682 1280 ἐτελεύτησεν,
732 1211 889 1283 ἀνοίᾳ
923 1211 969 1242 ⁷⁵
1012 1210 1292 1281 συσχεθεὶς
1323 1211 1415 1263 καὶ
1444 1210 1583 1281 νόσῳ
1612 1227 1708 1263 κα-

133 1302 404 1373 τακαρδία
452 1302 636 1366 ἁλοὺς,
688 1301 1003 1373 διέφθαρτο,
1061 1303 1346 1371 ἀνομήσας
1387 1302 1474 1354 διά
1520 1303 1704 1371 κενῆς,

134 1395 345 1464 Πέτρον
373 1396 489 1447 υἱὸν
517 1395 685 1450 αὐτοῦ
718 1396 1125 1466 προϐαλόμενος
1155 1398 1411 1467 ἄρχοντα,
1442 1395 1585 1453 ὃνέκ
1608 1393 1707 1461 τῆς

132 1487 394 1555 δευτέρας
429 1488 595 1541 αὑτοῦ
632 1488 887 1556 γυναικὸς
919 1490 1098 1558 ἔσχεν,
1128 1489 1227 1558 τῆς
1256 1487 1490 1558 ἀδελφῆς
1523 1488 1706 1553 Γεωρ-

134 1584 251 1648 τίου
307 1582 741 1652 Σουρσουόούλη,
773 1582 833 1636 ὃν
863 1586 958 1637 καὶ
1007 1584 1303 1653 ἐπίτροπον
1349 1585 1463 1645 τοῖς
1510 1580 1705 1633 ἐαυτοῦ

134 1676 323 1726 παισὶν
353 1677 379 1726 ὁ
411 1675 637 1744 Συμεὼν
685 1675 1097 1729 καταλέλοιπεν.
1152 1675 1372 1744 Μιχαὴλ
1416 1674 1474 1725 δὲ
1520 1673 1612 1726 τὸν
1644 1674 1707 1724 ἐκ

132 1768 228 1834 ’τῆς
261 1768 537 1836 προτέρας
572 1766 738 1819 αὐτοῦ
784 1768 1041 1833 γυναικὸς
1077 1766 1371 1835 γενόμενον
1414 1766 1705 1834 ἀπέκειρεν

135 1857 404 1925 μοναχόν·
448 1856 782 1926 Ἰωάννηςδέ
816 1859 912 1910 καὶ
965 1857 1223 1927 Βενιαμὶν
1252 1859 1299 1910 οἱ
1346 1856 1443 1909 τοῦ
1494 1857 1703 1925 Πέτρου

131 1945 353 2014 ἀδελφοὶ
380 1946 462 1998 ἔτι
495 1946 654 2016 στολῇ
690 1947 1022 2017 ἐκοσμοῦντο
1056 1946 1421 2018 Βουλγαρικῇ.

200 2037 307 2106 κβκ
356 2039 437 2091 Ti
485 2038 815 2108 κύκλῳιοῦν
868 2038 996 2109 ἔθνη
1043 2038 1140 2091 τοῦ
1187 2038 1412 2107 Συμεὼν
1464 2039 1705 2109 μαθόντα

131 2130 409 2200 τελευτὴνς
435 2131 489 2183 οἶ
515 2148 573 2184 τε
600 2131 891 2202 Χρωόάτοι
935 2132 987 2184 οἱ
1033 2129 1267 2202 Τοῦρκοι
1298 2132 1392 2185 καὶ
1426 2134 1476 2185 oi
1506 2132 1703 2198 λοιποὶ,

131 2220 519 2289 ἐκστρατεύειν
575 2221 719 2274 κατά
754 2222 1081 2291 Βουλγάρων
1128 2220 1497 2277 ἐϐουλεύοντο.
1529 2223 1703 2292 Λιμοῦ

131 2314 183 2364 δὲ
208 2313 472 2381 μεγίστου
499 2314 597 2367 σὺν
618 2314 801 2385 ἀκρίδι
819 2314 877 2367 τὸ
894 2312 1266 2385 Βουλγαρικὸν
1286 2315 1438 2379 ἔθνος
1470 2317 1705 2387 ἰσχυρῶς

132 2405 501 2470 ἐκπτέζοντος,
554 2406 826 2460 ἐδεδίεσαν
880 2408 982 2478 μὲν
1024 2411 1120 2461 καὶ
1161 2409 1268 2462 τῶν
1320 2410 1495 2464 ἄλλων
1534 2410 1705 2464 ἐθνῶν

132 2500 339 2566 ἔξοδον,
380 2501 658 2557 ἐδεδίεσαν
690 2504 748 2557 δὲ
793 2504 959 2558 πλέον
989 2506 1082 2557 καὶ
1131 2507 1234 2575 τὴν
1267 2505 1379 2559 τῶν
1414 2505 1705 2575 Ῥωμαίων

133 2592 436 2649 ἐπέλευσιν.
470 2594 679 2665 Βουλὴν
710 2592 804 2648 οὖν
834 2597 1196 2666 ποιησάμενοι
1239 2596 1383 2651 κατά
1417 2596 1705 2667 Ῥωμαίων

130 2685 556 2756 ἐκστρατεύουσι
594 2686 691 2738 καὶ
722 2688 782 2738 ἐν
816 2686 1131 2757 Μακεδονία
1168 2687 1701 2757 καταλαμϐάνουσιν,

131 2774 315 2843 φόϐον,
333 2776 411 2840 ὡς
424 2776 593 2843 εἰκὸς,
615 2778 726 2840 τοῖς
741 2776 1033 2848 Ῥωμαίοις
1050 2779 1705 2850 ἐμποιήσοντες.·Ἐπειτα

135 2866 399 2933 μαθόντες
420 2868 504 2919 ὅτι
529 2866 716 2936 μέλλει
744 2866 868 2921 κατ’
897 2867 1078 2920 αὐτῶν
1099 2869 1130 2920 ό
1157 2866 1707 2938 βασιλεὺςῬωμανὸς

133 2957 542 3028 ἐκστρατεύειν,
570 2958 960 3012 ἀποστέλλουσι
990 2959 1196 3026 Πέτρος
1224 2977 1286 3012 τε
1314 2962 1411 3013 καὶ
1433 2960 1705 3032 Γεώργιος

132 3048 382 3118 κρυφίως
418 3046 543 3100 τινὰ
576 3048 810 3119 μοναχὸν
846 3049 1159 3120 Κώοκῦριν
1184 3050 1604 3121 ὀνομαζόμενον,
1626 3050 1705 3119 τῷ

1808 582 2108 636 peratort-m
2172 584 2428 627 nia-stum
2484 588 2716 629 cernens
2759 577 2839 629 sic
2873 592 2998 629 eum
3033 578 3231 634 affatus
3262 590 3376 634 est:

1809 662 1940 721 Qua:
1974 663 2027 713 in
2066 662 2267 731 fornice
2302 681 2463 732 supra
2507 665 2859 734 Xeroloplmm
2882 707 2895 725 ,
2933 667 3162 731 domine,
3198 678 3379 723 statua

1807 753 2092 804 constituta
2138 764 2237 813 est.
2289 765 2530 823 spectans
2572 756 2640 807 ad
2672 758 3006 819 occidentem,
3037 758 3241 825 signum
3275 758 3378 827 Sy-

1808 846 2001 896 meonis
2032 854 2132 897 cst.
2179 844 2353 912 Hujus
2394 856 2548 916 caput
2574 848 2621 899 si
2644 846 2938 911 abstuleris,
2971 849 3087 916 ipsa
3118 847 3249 899 liora
3274 846 3379 916 Sy-

1808 952 1959 988 mcmt
2002 939 2273 990 morietur.
2318 939 2461 994 Misit
2507 942 2687 1009 itaque
2741 940 3051 1007 imperator,
3084 954 3149 995 ac
3188 947 3380 995 Statum

1807 1037 1971 1092 caput
2026 1042 2186 1083 noctu
2237 1031 2487 1097 abstulit;
2528 1035 2825 1102 eademque
2864 1034 2995 1087 bora
3051 1035 3289 1103 Symeon
3326 1032 3378 1085 iu

1810 1118 2061 1187 Bulgaria
2096 1121 2260 1192 412
2298 1120 2423 1175 fatis
2474 1125 2748 1188 concedit,
2818 1125 3129 1193 ingentique
3187 1133 3382 1193 captus

1808 1226 2009 1281 angore
2074 1228 2138 1267 ac
2204 1215 2388 1268 cordis
2442 1216 2633 1268 morbo
2684 1217 2981 1285 elanguens
3034 1215 3382 1285 percitusque

1812 1305 2038 1368 interiit,
2078 1306 2284 1361 frustra
2315 1307 2459 1376 leges
2492 1308 2731 1378 juraque
2762 1316 3157 1378 transgressus,
3190 1308 3382 1362 relicto

1806 1409 1872 1448 ex
1924 1399 2229 1450 testamenti
2264 1399 2464 1453 tabulis
2509 1400 2817 1471 principatu
2856 1400 3015 1454 Petro
3045 1401 3155 1455 [ilio
3184 1415 3249 1456 ex
3287 1414 3384 1461 se-

1808 1487 1985 1539 cunda
2037 1504 2225 1550 uxore,
2260 1490 2455 1558 Georgi
2515 1490 2826 1546 Sursubulii
2888 1507 3096 1551 sorore,
3130 1472 3383 1560 quenT’et

1809 1577 2108 1633 liberorum
2156 1596 2381 1635 suorum
2436 1592 2667 1637 tutorem
2711 1585 3014 1637 constituit.
3067 1584 3379 1637 Michaelem

1806 1684 1869 1722 ex
1903 1671 2081 1735 priore
2109 1672 2340 1743 conjuge
2384 1683 2714 1742 susceptum-
2742 1677 3065 1731 monachum
3101 1676 3381 1741 detondit;

1809 1758 2051 1815 Joannes
2099 1777 2225 1815 vero
2251 1773 2305 1817 et
2355 1764 2636 1833 Beniamin
2691 1765 2834 1820 Petri
2871 1766 3067 1822 fratres
3098 1767 3379 1839 Bulgarica

1811 1848 1993 1904 adhuc
2038 1852 2175 1904 stola
2216 1854 2548 1907 ornabantur
2585 1862 2753 1923 atque
2786 1855 2992 1909 habitu.

1876 2033 1967 2089 9.2.
2013 2035 2435 2089 Circumvicinte
2469 2034 2636 2105 igitur
2667 2045 2877 2106 gentes,
2917 2036 3176 2090 Chrobati
3214 2035 3377 2090 Turci

1808 2140 1872 2180 ac
1916 2125 2137 2195 reliqui,
2172 2125 2359 2179 audita
2405 2126 2691 2199 Symeonis
2726 2138 2900 2184 morte
2942 2127 3206 2194 Bulgaros
3241 2127 3381 2182 bello

1810 2220 2085 2274 incessere
2115 2221 2446 2276 statuebant.
2483 2221 2648 2277 Fame
2680 2237 2809 2276 vero
2855 2222 3209 2293 Bulgarorum
3245 2237 3381 2293 gen-

1811 2319 1916 2364 tem
1968 2326 2091 2365 cum
2132 2312 2466 2367 locustarum
2514 2313 2719 2384 ingenti
2767 2315 2920 2382 copia
2970 2314 3207 2383 graviter
3261 2328 3383 2383 pre-

1808 2411 2012 2466 mente,
2050 2418 2174 2457 cum
2230 2403 2460 2457 aliarum
2494 2403 2747 2475 gentium
2784 2403 3140 2475 irruptionem
3194 2403 3383 2460 formi-

1806 2492 2029 2556 dabant,
2061 2501 2173 2546 tum
2208 2494 2476 2563 praecipue
2516 2493 2885 2549 Romanorum
2934 2494 2988 2548 in
3016 2507 3076 2548 se
3119 2492 3381 2561 impetum

1808 2585 2144 2637 metuebant.
2174 2583 2253 2637 Re
2282 2583 2464 2653 itaque
2495 2585 2549 2638 in
2588 2586 2875 2641 consilium
2901 2595 3091 2641 vocata
3115 2586 3381 2642 adversus

1806 2674 2084 2728 Romanos
2133 2674 2326 2743 copias
2376 2677 2618 2730 educunt
2664 2692 2730 2732 ac
2771 2675 3140 2732 Macedoniam
3173 2686 3381 2748 petunt,

1809 2767 1912 2820 hoc
1961 2780 2155 2835 nempe
2198 2777 2529 2836 satagentes,
2561 2776 2624 2823 ut
2654 2768 2917 2824 Romanis
2965 2778 3170 2824 metum
3225 2770 3384 2826 ineu-

1808 2865 2008 2911 terent.
2057 2858 2259 2912 Audito
2311 2873 2444 2912 vero
2488 2859 2798 2914 Romanum
2849 2860 3232 2929 imperatorem
3286 2862 3384 2917 ad-

1806 2961 2000 3001 versus
2047 2961 2141 3000 eos
2194 2948 2494 3002 exercitum
2536 2963 2750 3017 parare,
2804 2966 2910 3005 una
2965 2950 3159 3006 Petrus
3214 2952 3385 3008 Geor-

1806 3036 2036 3107 giusque
2091 3039 2417 3093 monachum
2458 3041 2751 3108 quemdam
2784 3041 3087 3112 Calocyrim
3138 3044 3381 3110 nomine,

131 3142 278 3206 γένει
292 3141 681 3211 Ἀρμενιακὸν,
714 3123 1130 3211 χριῖσοδούλλιον
1174 3144 1596 3214 ἐπιφερόμενον.
1610 3146 1701 3194 Δι-

1810 3142 2006 3196 genere
2030 3127 2372 3194 Armenium,
2405 3146 2625 3185 auream
2654 3132 2858 3187 bullam
2890 3132 3149 3189 ferentem
3172 3138 3386 3190 occulte

128 3233 364 3303 ηγόρευε
382 3232 443 3285 δὲ
461 3234 530 3286 τά
546 3235 604 3285 ἐν
624 3233 771 3303 αὐτῷ
794 3233 870 3297 ὡς
892 3233 989 3303 τὴν
1012 3235 1150 3305 μετά
1166 3234 1452 3304 Ῥωμαίων
1478 3236 1705 3307 εἰρήνην

128 3325 473 3387 ἀσπάζονται
490 3326 586 3379 καὶ
608 3326 880 3397 πρόθυμοι
903 3327 1106 3397 ταύτην
1127 3328 1417 3381 συνθέσθαι
1441 3330 1601 3393 είσὶν,
1642 3329 1703 3380 οὑ

129 3420 292 3486 μόνον
303 3418 387 3484 δὲ,
404 3419 521 3471 ἀλλ’
538 3420 654 3486 εἴγε
670 3419 971 3489 βούλονται,
986 3422 1080 3473 καὶ
1103 3420 1340 3490 γαμικὸν
1355 3425 1574 3491 ποιῆσαι
1590 3438 1705 3473 συν-

129 3511 410 3582 άλλαγμα.
438 3512 544 3564 Τὸν
564 3512 809 3566 τοιοῦτον
831 3514 923 3567 οῦν
951 3515 1184 3583 μοναχὸν
1204 3516 1233 3567 ό
1258 3514 1511 3584 βασιλεὺς
1532 3516 1706 3581 ἀσμε-

127 3606 365 3658 νέστατα
380 3604 809 3674 ἀποδεξάμενος,
830 3606 1075 3675 παρευθὺ
1098 3605 1418 3659 ἀπέστειλεν
1440 3606 1577 3674 μετά
1592 3606 1707 3675 δρό·

130 3713 307 3765 μωνος
366 3697 487 3757 τὸν,
516 3697 752 3767 μοναχὸν
811 3697 1092 3751 Θεοδόσιον
1136 3697 1228 3750 τὸν
1295 3697 1562 3767 Ἀόούκην
1612 3698 1707 3750 καὶ

128 3792 543 3843 Κώνπαντῖνον
597 3788 875 3858 βασιλικὸν
926 3788 1189 3858 κληρικὸν
1239 3789 1331 3842 τὸν
1384 3790 1587 3842 Ῥόδιον
1637 3790 1707 3843 τὰ

124 3885 206 3945 είς
235 3884 467 3953 εἰρήνην
499 3881 838 3948 συλλαλῆσαι
872 3883 990 3945 τοῖς
1016 3880 1345 3951 Βουλγάροις
1385 3882 1445 3934 ἐν
1472 3882 1705 3951 Μεσημ-

124 3976 277 4048 Epig,
300 3976 364 4029 τὸ
397 3976 531 4045 πρὶν
564 3974 663 4045 μὲν
688 3973 968 4045 Μενεόρίᾳ
993 3974 1330 4045 καλουμένῃ,
1375 3974 1483 4027 ἀπὸ
1527 3975 1705 4029 Μένου

123 4069 344 4139 Θρᾳκὸς
396 4066 494 4119 τοῦ
547 4065 756 4135 ταύτην
793 4064 1099 4128 οἰκίσαντος
1136 4067 1230 4119 καὶ
1281 4065 1421 4136 Βρίᾳ
1461 4066 1523 4119 τὸ
1558 4067 1707 4137 παρά

123 4178 235 4213 τισι
264 4157 504 4229 Θρᾳκῶν
561 4158 802 4226 πόλισμα
854 4158 1185 4227 λεγόμενον·
1244 4156 1327 4229 [Ρ.
1381 4158 1512 4230 τευ]
1571 4160 1708 4228 πρὸς

122 4255 182 4308 δὲ
212 4255 273 4307 τὸ
298 4251 742 4323 εὐφραδέστερον
774 4252 1111 4322 Μεσημϐρία
1156 4251 1502 4321 ὀνομάζεται.
1537 4254 1600 4307 Ol
1650 4252 1708 4306 δέ

128 4346 574 4416 παραγενόμενοι
598 4344 693 4396 καὶ
716 4344 784 4395 τά
812 4344 997 4397 εἰκότα
1023 4343 1461 4414 συλλαλήσαντες
1483 4343 1708 4413 ἐξῆλθον

124 4439 242 4507 ἅμα
288 4435 553 4506 Στεφάνῳ
583 4434 876 4505 Βουλγάρῳ
918 4433 1009 4487 διά
1037 4434 1135 4504 τῆς
1181 4433 1353 4506 ξηρᾶς
1381 4451 1394 4466 ο
1433 4437 1527 4489 καὶ
1580 4436 1706 4489 6m-

1810 3221 2054 3273 mittnnt.
2096 3219 2264 3275 Bullae
2318 3233 2475 3276 tenor
2520 3223 2611 3278 hic
2652 3234 2793 3289 erat,
2827 3239 3013 3293 pacem
3075 3241 3136 3282 se
3187 3241 3386 3297 cupere

1806 3325 1930 3364 cum
1980 3308 2262 3374 Romanis,
2308 3319 2362 3365 et
2411 3320 2471 3365 ut
2528 3313 2677 3366 illam
2724 3327 3081 3384 componant,
3116 3321 3385 3390 promptis

1806 3402 2003 3456 animis
2060 3416 2220 3468 esse;
2269 3417 2447 3472 neque
2497 3404 2550 3458 id
2601 3406 2784 3471 modo,
2819 3408 2912 3461 sed
2958 3418 3013 3463 et
3070 3411 3382 3480 nuptiarum

1806 3491 2034 3555 foedera,
2062 3492 2191 3546 dum
2244 3493 2352 3548 illis
2392 3493 2670 3559 adlubeat,
2699 3511 2823 3550 eum
2868 3496 3129 3555 Romanis
3159 3515 3219 3555 se
3264 3516 3387 3557 esse

1808 3581 2061 3637 inituros.
2102 3583 2357 3653 Acceptis
2383 3584 2599 3648 litteris,
2627 3602 2933 3655 earumque
2976 3589 3150 3643 latore
3192 3591 3386 3645 huma-

1808 3675 2036 3730 nissime
2089 3687 2366 3745 suscepto,
2411 3678 2699 3733 confestim
2731 3678 3030 3749 imperator
3055 3682 3218 3752 413
3262 3699 3385 3737 eum

1806 3771 1990 3825 celoce
2040 3770 2405 3827 Theodosium
2458 3772 2701 3827 Abucem
2752 3774 3080 3829 monachum
3140 3786 3195 3830 et
3244 3776 3388 3832 Con-

1810 3863 2114 3917 stantinum
2160 3863 2434 3919 Rhodium
2467 3864 2764 3934 palatinum
2804 3867 3063 3922 clericum
3101 3881 3227 3924 cum
3260 3867 3387 3924 Bul-

1807 3954 1954 4023 garis
2008 3955 2062 4008 in
2093 3953 2421 4012 Mesembria
2473 3959 2541 4012 de
2587 3973 2720 4026 pace
2772 3959 3142 4016 collocuturos
3182 3962 3384 4016 emisit.

1807 4046 2078 4115 Oppidum
2138 4048 2245 4103 hoc
2301 4049 2508 4103 dictum
2553 4050 2684 4105 olim
2740 4049 3096 4117 Menembria,
3143 4067 3173 4107 a
3227 4053 3387 4109 lieno

1806 4137 1926 4191 viro
1958 4138 2193 4193 Thracio
2217 4140 2335 4209 ejus
2364 4140 2669 4206 conditore,
2708 4151 2762 4197 et
2814 4143 2959 4207 Bria,
2996 4143 3113 4212 ejus
3151 4145 3388 4202 nominis

1809 4228 1954 4299 apud
1999 4231 2262 4300 quosdam
2306 4230 2546 4287 Thraces
2593 4234 2750 4297 vico;
2802 4235 3067 4289 mollioris
3098 4250 3228 4292 vero
3262 4251 3388 4305 pro—

1812 4326 2174 4382 nuntiationis
2196 4341 2363 4381 causa
2390 4325 2730 4382 Mesembria
2776 4344 2973 4384 nomen
3006 4332 3235 4401 accepit.
3265 4330 3387 4397 Quo

1811 4420 1865 4472 in
1887 4418 2162 4488 colloquio
2186 4432 2311 4473 cum
2340 4433 2427 4474 res
2454 4420 2740 4474 commode
2772 4429 3006 4477 tractata
3030 4433 3193 4487 esset,
3224 4423 3387 4493 legati

126 4504 255 4584 σθεν
300 4529 490 4584 αὐτῶν
524 4504 844 4582 -κατέλαόον
897 4528 994 4581 καὶ
1045 4504 1319 4597 Γεώργιος
1365 4529 1394 4580 ό
1442 4528 1706 4599 Σουρσουο

1811 4526 1907 4582 per
1932 4513 2302 4567 continentem
2331 4512 2384 4567 in
2416 4515 2607 4567 urbem
2649 4515 2948 4578 redierunt,
2992 4530 3117 4570 cum
3157 4516 3237 4570 eis
3265 4514 3389 4570 Ste-

125 4623 328 4692 ειούλης
356 4623 454 4677 καὶ
474 4614 702 4691 Συμεὼν
724 4624 754 4675 δ
792 4620 1239 4691 Καλουτερκάνος
1274 4620 1370 4673 καὶ
1408 4619 1706 4689 Οῦσαμψος

122 4718 224 4769 καὶ
257 4713 490 4784 Συμεὼν
521 4712 615 4767 τοῦ
647 4712 891 4784 ἀρχηγοῦ
935 4711 1276 4784 Βουλγαρίας
1309 4711 1538 4782 ἀδελφὸς
1568 4713 1704 4784 πρὸς

122 4812 392 4877 γυναῖκα,
414 4806 552 4878 πρὸς
573 4806 630 4860 δέ
650 4807 859 4867 τούτοις
873 4806 904 4859 δ
919 4805 1213 4876 ἀγχιστεὺς
1228 4807 1391 4859 αὐτοῦ
1410 4807 1703 4875 Στέφανος,

122 4903 225 4955 καὶ
264 4902 377 4971 μὴν
402 4901 499 4953 καὶ
528 4900 830 4966 Μαγοτῐνος
861 4897 1069 4959 Κρόνος
1125 4913 1187 4949 τε
1220 4897 1316 4951 καὶ
1344 4898 1585 4969 Μηνικὸς
1626 4897 1706 4951 δι-

124 4994 507 5066 εκρατύναντο
535 4991 672 5060 πρὸς
692 4990 785 5043 τὸν
808 4991 1018 5045 ἄνακτα
1044 4989 1344 5058 Ῥωμανόν.
1373 4988 1710 5060 Θεασάμενοι

123 5088 189 5141 6‘s
210 5088 309 5156 τὴν
341 5084 621 5156 θυγατέρα
650 5082 910 5154 βασιλέως
939 5081 1317 5153 Χριστοφόρου
1342 5082 1582 5152 Μαρίαν,
1617 5084 1712 5135 καὶ

128 5181 392 5250 μεγάλως
418 5178 507 5231 ἐπ’
551 5176 689 5247 αὐτῇ
724 5174 1070 5242 ἀρισθέντες.
1100 5174 1346 5244 ἔγραψαν
1395 5175 1475 5247 τῷ
1518 5175 1713 5245 Πέτρῳ

124 5272 223 5325 διὰ
278 5273 483 5341 τάχους
542 5266 986 5340 παραγενέσθαι,
1048 5264 1316 5339 σύμφωνα
1386 5268 1713 5336 ποιήσαντες

123 5366 402 5434 πρότερον
459 5362 588 5432 περὶ
628 5359 728 5429 τῆς
756 5358 1046 5427 γεγονυίας
1099 5359 1343 5429 εἰρήνης.
1405 5358 1710 5428 ’Δπεστάλη

123 5458 190 5509 δὲ
218 5456 467 5525 Νικῄτας
499 5454 527 5505 ὁ
581 5453 881 5523 μάγιστρος
926 5454 958 5505 δ
1002 5451 1374 5521 συμπένθερος
1430 5450 1709 5522 Ῥωμανοῦ

126 5547 407 5617 βασιλέως
452 5544 765 5613 ὑπαντῆσαι
790 5543 887 5598 καὶ
917 5544 1144 5611 ἀγαγεῖν
1178 5541 1383 5611 Πέτρον
1423 5541 1587 5611 μέχρι
1610 5541 1711 5611 τῆς

125 5639 365 5701 πόλεως.
394 5637 505 5691 Τοῦ
529 5637 842 5708 Βουλγάρου
888 5635 985 5690 οὖν
1033 5634 1239 5705 Πέτρου
1289 5632 1709 5697 καταλαϐόντος,

1811 4606 2024 4676 phanus
2059 4605 2325 4677 Bulgarus
2374 4621 2558 4662 comes
2598 4616 2762 4662 esset.
2796 4606 2925 4662 Post
2965 4607 3067 4662 hos
3108 4607 3386 4662 subsecuti

1813 4700 2079 4770 Georgius
2125 4698 2463 4753 Sursubulus
2511 4708 2567 4753 et
2612 4696 2845 4769 Symeon
2891 4698 3282 4755 Calutercanus
3332 4709 3389 4753 et

1817 4797 2139 4864 L‘sampsus,
2192 4792 2432 4865 Symeon
2483 4794 2613 4849 item
2661 4792 2889 4848 alterius
2930 4794 3086 4848 illius
3122 4793 3388 4864 Bulgaria:

1814 4888 2077 4959 principis
2137 4903 2204 4942 ex
2244 4902 2418 4941 uxore
2475 4888 2661 4941 frater.
2714 4888 2795 4941 Ad
2852 4888 2969 4941 base
3006 4887 3155 4941 illius
3215 4887 3391 4941 amnis

1822 4981 2152 5051 Stephanus,
2203 4979 2508 5049 Magotinus
2549 4993 2768 5048 quoque
2796 4988 2852 5034 et
2884 4979 3096 5033 Cronus
3119 4988 3174 5033 et
3219 4977 3392 5032 Meni-

1815 5088 1938 5136 cus,
1991 5071 2136 5126 Petri
2179 5071 2251 5125 ad
2290 5071 2597 5126 Romanum
2644 5070 3026 5140 imperatorem
3064 5070 3386 5140 legationem

1817 5168 2109 5223 fulserunt.
2154 5165 2566 5235 Conspectaque
2616 5164 2993 5233 Christophori
3046 5153 3393 5232 imperatoris

1817 5260 1924 5314 lilia
1974 5257 2162 5321 Maria,
2194 5271 2256 5310 ac
2284 5256 2404 5324 ejus
2435 5257 2725 5325 plurimum
2751 5256 2929 5323 specie
2956 5256 3206 5316 recreati,
3240 5255 3395 5310 ictis.

1818 5368 1927 5422 que
1969 5353 2123 5422 prius
2156 5350 2304 5415 pacis
2360 5348 2680 5413 foederibus,
2715 5349 2899 5402 missis
2938 5349 3135 5403 litteris
3167 5346 3389 5403 Petrum

1820 5447 1940 5500 sine
1990 5458 2140 5498 mora
2194 5442 2383 5496 venire
2416 5443 2721 5510 jusserunt.
2767 5440 2965 5495 Missus
3001 5454 3131 5495 vero
3176 5440 3390 5494 obviam

1818 5538 2037 5593 Nicetas
2072 5538 2331 5607 magister
2374 5535 2600 5589 Romani
2634 5536 2980 5605 imperatoris
3015 5535 3209 5599 aﬂinis,
3237 5551 3391 5590 enm-

1819 5648 1922 5704 que
1965 5633 2018 5685 in
2072 5632 2264 5685 urbem
2313 5628 2661 5693 indueturus,
2717 5628 2854 5683 Cum
2918 5629 3103 5700 itaque
3153 5629 3390 5685 venisset
3431 5647 3435 5651 ·

1443 5729 1673 5784 νΑιιιΑῑ
1702 5726 2109 5784 LECTIONI'ZS.

242 5829 290 5860 τδ
312 5828 467 5885 deest
502 5826 758 5893 ἀλύοντα,
786 5834 845 5882 ut
876 5827 1044 5896 infra,
1075 5828 1159 5884 vel
1194 5829 1323 5899 quid
1352 5827 1552 5883 simile.
1578 5827 1706 5883 Com

1810 5830 1827 5881 '.
1906 5827 1951 5889 ’ίδ
1979 5824 2107 5894 ἀνίᾳ
2130 5838 2189 5877 τε
2215 5837 2402 5893 margo
2435 5820 2679 5877 Combef.
