4154 6450
703 397 802 459 431

1766 385 2270 446 TIIEOPIIANES
2311 382 2862 445 CONTINUATUS.

3874 376 3976 442 432

706 508 899 561 Petrus
946 500 1235 569 Bulgarus,
1279 507 1582 550 conscensa
1645 491 1924 547 Romanus
1983 494 2276 561 imperator

2394 492 2598 562 ιριήρει
2644 490 2672 541 ὁ
2709 487 2957 559 βασιλεὺς
3003 483 3282 555 Ῥωμανὸς
3325 483 3518 547 mea;
3559 487 3616 537 ὲν
3645 484 3974 554 Βλαχέρναις

706 598 927 651 trireme
986 591 1320 646 Blachcrnas
1373 586 1527 656 petit,
1556 585 1743 654 ibique
1787 585 1851 639 ad
1877 599 1936 637 se
1986 585 2291 637 venientem

707 689 923 741 Petrum
972 696 1025 740 et
1052 684 1184 736 vidit
1222 690 1274 735 et
1308 678 1498 733 osculo
1542 678 1819 734 salutavit.
1854 677 2000 730 inter
2036 690 2094 730 se
2141 690 2291 739 vero,

705 766 781 833 uti
826 794 923 849 par
981 785 1119 837 erat,
1167 772 1478 835 collocutis,
1530 768 2030 837 subscriptionihus
2082 768 2292 821 mtmita

704 883 929 940 rataque
965 868 1147 922 habita
1184 868 1335 934 pacis
1363 865 1566 933 pariter
1600 862 2027 930 nuptiarumque
2063 860 2290 924 fmdera,

705 957 1121 1030 protovestiario
1177 953 1511 1022 Theoiihaue
1556 951 1610 1003 in
1670 951 1931 1005 omnibus
1985 952 2143 1020 quasi
2205 965 2291 1003 se-

703 1063 925 1119 questro
957 1090 970 1114 ,
1014 1062 1077 1101 ac
1125 1047 1355 1101 solerter
1394 1044 1669 1098 Romanos
1717 1044 1860 1097 inter
1915 1043 2290 1113 Bulgarosquo

705 1142 979 1211 negotium
1025 1140 1313 1207 dirigente.

771 1235 866 1289 25.
902 1233 1155 1289 Octobris
1180 1229 1347 1303 414
1381 1232 1586 1283 mensis
1639 1229 1725 1282 die
1775 1237 1971 1281 octavo
2029 1241 2288 1296 egressus

705 1327 1014 1396 patriarcha
1048 1323 1360 1393 Stephanus
1406 1339 1528 1376 cmn
1566 1321 1897 1389 Theophane
1926 1320 2288 1389 protovcstia-

705 1421 809 1479 rio,
849 1426 901 1470 et
924 1416 1091 1470 Maria
1125 1415 1511 1483 Christophori
1544 1414 1893 1483 imperatoris
1920 1414 2026 1465 ﬁlia
2067 1412 2287 1465 univer-

705 1524 876 1578 soque
907 1518 1099 1562 senatu
1160 1508 1224 1560 ad
1281 1505 1647 1560 sanctissima!
1684 1505 1926 1574 Deipara:
1973 1504 2038 1558 ad
2091 1503 2285 1573 Pegas,

707 1602 921 1655 Petrum
949 1609 1003 1654 et
1028 1600 1251 1652 Mariam
1308 1598 1605 1659 benedixit,
1656 1612 1958 1667 eorumque
2015 1597 2286 1664 capitibus

704 1693 973 1761 nuptiales
995 1692 1231 1747 corollas
1268 1692 1549 1761 imposuit,
1599 1706 1856 1758 sponsam
1890 1691 2286 1744 comitantibus

705 1785 1040 1853 Theophane
1090 1784 1509 1853 protovestiario
1556 1790 1610 1836 et
1654 1780 1890 1850 Georgio
1949 1780 2279 1835 Sursubulo.

707 1878 888 1933 Mensa
941 1892 1070 1931 vero
1129 1884 1450 1945 sumptuosa
1498 1890 1562 1929 ac
1618 1872 2159 1944 magniﬁcentissima
2199 1848 2358 1926 in-B

706 1980 937 2034 structa,
996 1968 1318 2037 cunctisque
1355 1966 1421 2020 ad
1477 1966 1787 2035 nuptiarum
1837 1966 2101 2020 solemnia
2161 1980 2286 2035 spc-

704 2062 984 2115 ctantihus
1033 2058 1137 2112 rite
1188 2057 1582 2127 splendideque
1610 2058 1867 2126 peractis,
1928 2055 2286 2123 Theophanes

707 2151 1157 2223 protovestiarius
1212 2164 1321 2203 una
1358 2164 1481 2202 cum
1520 2148 1686 2202 Maria
1716 2148 2061 2218 imperatoris
2094 2146 2202 2200 ﬁlia
2233 2148 2288 2201 in

707 2246 897 2299 urbem
940 2258 1195 2298 reversus
1247 2250 1351 2296 est.
1390 2242 1576 2294 Tertio
1610 2249 1790 2295 autem
1821 2256 1848 2293 a
1885 2240 2094 2309 nuptiis
2146 2239 2287 2294 cele-

704 2336 876 2391 hratis
908 2333 996 2388 die
1024 2333 1307 2387 Romanus
1336 2331 1634 2400 imperator
1668 2332 1719 2384 in
1754 2329 2020 2401 Pegarttm
2055 2345 2287 2385 exsccn-

706 2428 859 2482 sione
883 2424 1231 2494 magniﬁcum
1265 2426 1478 2493 paravit
1508 2422 1838 2487 convivium,
1868 2423 2061 2478 sericis
2093 2422 2287 2477 aulaeis

705 2516 1005 2572 convcstita
1033 2516 1309 2580 machina,
1353 2525 1404 2569 et
1435 2516 1499 2568 ad
1528 2516 1700 2584 ipsam
1729 2515 2081 2584 imperatoria
2107 2515 2289 2569 celoce

705 2610 1028 2665 constituta.
1066 2608 1289 2662 Eoloco
1339 2594 1590 2676 epulatus
1637 2606 1919 2660 Romanus
1961 2621 2084 2661 cum
2128 2605 2287 2660 Petro

706 2701 946 2773 Bulgaro
1000 2707 1052 2755 et
1103 2698 1472 2755 Constantino
1521 2712 1721 2768 genero
1779 2712 1843 2751 ac
1881 2696 1992 2751 ﬁlio
2043 2696 2292 2751 Christo-

707 2792 1289 2864 phoro,Buigat-isquc
1318 2791 1481 2846 etiam
1522 2800 1685 2860 atquc
1740 2790 1903 2843 etiam
1956 2790 2289 2843 enitentibus

708 2896 767 2940 ut
792 2888 943 2957 prior
960 2884 1392 2955 Christophorus
1419 2893 1643 2953 tumque
1667 2882 2064 2937 Constantinus
2088 2880 2287 2935 faustis

708 2977 1193 3033 acclamationibus
1222 2977 1619 3046 imperatorum
1660 2989 1813 3027 more
1866 2973 2283 3037 exciperentur,

708 3086 900 3128 eorum
931 3069 1212 3125 Romanus
1246 3067 1676 3137 ﬂagitationibus
1715 3066 1930 3130 annuit,
1959 3065 2148 3135 sicque
2170 3064 2283 3119 illis

707 3176 797 3216 res
825 3175 893 3215 ex
917 3170 1042 3214 voto
1071 3157 1256 3213 cessit.
1295 3156 1451 3210 Tunc
1490 3170 1621 3210 vero
1669 3155 1927 3210 omnibus
1972 3155 2285 3224 nuptiarum

707 3251 937 3322 expletis
986 3247 1324 3304 solemnibus
1357 3261 1421 3299 ac
1450 3246 1685 3315 gaudiis,
1721 3253 1775 3299 et
1813 3260 1933 3299 cum
1966 3244 2079 3312 jam
2112 3244 2286 3298 Maria

707 3360 832 3400 cum
860 3342 1021 3397 Petro
1051 3342 1165 3395 viro
1198 3355 1302 3394 suo
1326 3340 1379 3392 in
1410 3338 1718 3408 Bulgariam
1760 3346 1909 3393 esset
1950 3337 2285 3408 profectura,

708 3438 775 3493 ad
805 3435 1151 3489 llebdomum
1190 3446 1364 3499 usque
1395 3446 1425 3484 a
1452 3430 1772 3499 parentibus
1811 3445 1918 3483 una
1943 3446 2068 3483 cum
2102 3428 2286 3484 Theo-

707 3529 887 3597 phane
911 3520 1337 3594 protovestiario
1375 3519 1690 3574 deducitur.
1733 3517 1791 3572 lu
1840 3519 1957 3584 ipso
2007 3519 2288 3575 discessus

707 3622 995 3693 procinctu
1029 3617 1224 3688 puellae
1262 3614 1582 3671 circumfusi
1630 3616 1884 3686 copiosas
1926 3615 2162 3671 fundunt
2209 3617 2289 3670 la-

708 3727 948 3786 crymas,
982 3717 1216 3780 quantas
1250 3722 1347 3778 par
1393 3706 1556 3778 415
1613 3717 1697 3761 est
1735 3707 1964 3763 fundere
2008 3709 2101 3777 qui
2161 3724 2286 3763 mox

712 3805 1043 3861 eharissimo
1106 3802 1333 3871 pignore
1362 3798 1612 3869 privandi
1661 3809 1855 3866 erant,
1918 3816 2291 3870 generumque

711 3914 871 3955 suum
896 3894 1223 3957 exosculati,
1251 3903 1415 3961 atque
1443 3892 1562 3961 ejus
1594 3893 1852 3947 manibus
1885 3894 2129 3962 deposita
2157 3895 2287 3959 ﬁlia,

708 3992 763 4046 in
795 3991 1000 4060 regiam
1030 3993 1400 4043 revertuntur.
1429 3983 1595 4038 Maria
1630 3985 1729 4038 viri
1761 3984 1977 4055 Bulgari
2035 3986 2291 4041 manibus

710 4085 931 4149 tradita,
962 4081 1162 4153 gaudio
1188 4079 1354 4133 mista
1375 4088 1428 4132 et
1457 4077 1705 4141 tristitia,
1740 4080 1792 4132 in
1841 4079 2150 4148 Bulgariam
2186 4079 2289 4133 iter

710 4175 1006 4233 contendit.
1041 4172 1339 4226 Tristitiam
1382 4171 1635 4235 faciebat,
1693 4170 1837 4240 quod
1892 4171 2289 4225 amantissimis

714 4270 1056 4344 parentibus,
1091 4265 1239 4338 quod
1274 4266 1439 4335 regiis
1481 4266 1713 4331 milibus,
1756 4266 1901 4334 quod
1947 4266 2290 4322 necessario~

712 4378 833 4419 rum
865 4360 1217 4431 amniumque
1255 4358 1658 4414 consuetudine
1700 4358 2065 4415 deﬁeiebatur
2102 4378 2115 4415 :
2169 4376 2290 4415 rur-

710 4471 920 4525 susque
953 4453 1135 4524 gaudii
1177 4467 1332 4522 seges
1366 4461 1508 4517 erat,
1563 4453 1710 4522 quod
1760 4453 1878 4507 viro
1927 4452 2036 4523 regi
2090 4454 2286 4519 locata,

2315 3204 2364 3269 Ο

2399 584 2754 654 παρεγένετο,
2784 582 2877 634 καὶ
2903 579 2993 632 τὸν
3028 579 3235 648 Πέτρον
3264 576 3340 641 ὡς
3379 577 3544 631 αὑτὸν
3574 577 3975 646 ἀφικνούμενον

2397 676 2658 732 ἐθεάσατό
2692 692 2748 727 τε
2787 675 2883 726 καὶ
2928 673 3349 743 κατησπάσατο.
3409 671 3563 722 Ἐπεὶ
3618 669 3675 722 δὲ
3721 671 3976 736 ἀλλήλοις

2397 769 2578 843 εἰκότα
2613 766 2998 837 συνωμίλησαν
3022 804 3036 828 ,
3093 762 3504 832 ὑπογράφονται
3536 761 3606 813 τά
3640 777 3699 813 τε
3733 759 3980 829 σύμϐολα

2393 862 2494 932 τῆς
2520 862 2745 932 εἰρήνης
2771 858 2867 913 καὶ
2893 858 2961 911 τὰ
3004 856 3221 927 γαμικὰ
3262 854 3711 922 συναλλάγματα,
3747 853 3980 923 μεσολα-

2394 955 2617 1016 ὅοῦντος
2661 954 2719 1007 ὲν
2753 953 2965 1014 τούτοις
3001 951 3094 1003 καὶ
3139 947 3410 1017 νουνεχῶς
3461 945 3831 1007 διευθύνοντος
3883 963 3980 1015 με-

2391 1047 2526 1113 ταξῦ
2577 1046 2865 1117 Ῥωμαίων
2895 1062 2952 1098 τε
2988 1044 3081 1098 καὶ
3112 1042 3440 1111 Βουλγάρων
3474 1038 3981 1109 πρωτοδεστιαρίου

2392 1139 2701 1207 Θεοφάνους

2464 1230 2571 1298 κγ’.
2608 1230 2801 1299 Ὀγδόῃ
2840 1229 2895 1282 δὲ
2948 1226 3047 1280 τοῦ
3101 1225 3439 1296 ὐκτωὸρίου
3494 1223 3666 1295 μηνὸς
3701 1221 3929 1293 ἐξῆλθεν
3956 1223 3985 1273 ό

2393 1325 2741 1396 πατριάρχης
2770 1322 3041 1388 Στέφανος
3064 1320 3180 1388 ἅμα
3201 1319 3467 1385 Θεοφάνει
3494 1312 3984 1385 πρωτοϐεστιαρίῳ

2391 1416 2483 1470 καὶ
2514 1415 2702 1485 Μαρίᾳ
2728 1417 2794 1483 τῇ
2825 1412 2920 1464 τοῦ
2943 1409 3207 1481 βασιλέως
3227 1408 3603 1477 Χριστοφόρου
3626 1406 3861 1473 θυγατρὶ
3890 1404 3985 1455 καὶ

2392 1509 2543 1579 πάσῃ
2573 1510 2639 1577 τῇ
2677 1506 2970 1575 συγκλήτῳ
2997 1505 3074 1566 εἰς
3102 1504 3190 1553 τὸν
3224 1502 3353 1553 ναὸν
3380 1504 3477 1569 τῆς
3510 1499 3818 1571 ὑπεραγίας
3844 1497 3981 1549 Θεο-

2390 1603 2547 1673 τόκου
2582 1601 2680 1668 τῆς
2712 1598 2927 1667 Πηγῆςν
2983 1598 3076 1650 καὶ
3137 1594 3434 1663 εὐλόγησεν
3494 1592 3698 1658 Πέτρον
3755 1608 3815 1642 τε
3884 1591 3983 1642 καὶ

2389 1694 2630 1762 Μαρίαν,
2664 1691 2758 1744 καὶ
2791 1692 2914 1752 τοὺς
2958 1688 3269 1757 νυμφικους
3321 1685 3618 1754 στεφάνους
3651 1685 3772 1745 ταῖς
3800 1678 3984 1734 ato-.517:

2389 1786 2625 1855 ἐπέθηκε
2694 1782 2998 1852 κεφαλαῖς,
3073 1777 3615 1849 παρανυμφευόντων
3669 1774 3987 1843 Θεοφάνους

2389 1876 2889 1946 πρωτοϐεστιαρίου
2919 1874 3011 1926 καὶ
3048 1871 3327 1941 Γεωργίου
3352 1867 3786 1940 Σουρσουὸούλη.
3822 1868 3985 1934 Λαμ-

2388 1968 2531 2039 πρᾶς
2580 1967 2635 2019 δὲ
2680 1965 2774 2018 καὶ
2818 1962 3143 2025 πολυτελοῦς
3188 1961 3479 2029 γεγονυίας
3534 1956 3843 2028 τραπέζης,
3889 1955 3988 2007 καὶ

2389 2062 2607 2114 πάντων
2636 2058 2745 2111 τῶν
2772 2054 3100 2125 εἰθισμένων
3130 2055 3243 2115 τοῖς
3279 2052 3481 2121 γάμοις
3518 2048 3756 2120 φαιδρῶς
3793 2050 3990 2099 ἐπιτε-

2388 2153 2728 2212 λεσθέντων,
2804 2148 3052 2218 εἰσῆλθεν
3136 2145 3417 2213 Θεοφάνης
3482 2140 3989 2213 πρωτοϐεστιάριος

2390 2248 2509 2316 ἅμα
2552 2244 2740 2316 Μαρίᾳ
2779 2246 2844 2313 τῇ
2880 2242 3113 2310 θυγατρὶ
3143 2238 3237 2293 τοῦ
3290 2237 3554 2309 βασιλέως
3591 2240 3648 2290 ὲν
3682 2240 3747 2306 τῇ
3803 2234 3989 2286 πόλει.

2390 2339 2467 2407 Τῇ
2512 2337 2670 2406 τρίτῃ
2719 2335 2775 2388 δὲ
2805 2334 2897 2387 τοῦ
2926 2333 3106 2402 γάμου
3141 2331 3325 2401 ἡμέρᾳ
3359 2329 3617 2397 ἐποίησεν
3647 2329 3676 2379 ὁ
3724 2323 3990 2395 βασιλεὺς

2402 2433 2683 2502 Ῥωμανδς
2721 2429 2957 2499 εὐωχίαν
2990 2426 3252 2497 λαμπρὰν
3277 2426 3334 2477 ὲν
3362 2427 3428 2494 τῇ
3459 2423 3569 2475 τῶν
3602 2420 3804 2489 Πηγῶν
3842 2420 3992 2473 ἀπο-

2392 2528 2595 2598 ϐάθρᾳ,
2657 2525 3076 2594 περικοσμήσας
3129 2519 3301 2591 αὐτὴν
3361 2519 3651 2586 ὑφάσμασι
3708 2517 3990 2582 σηρικοῇ,

2392 2620 2523 2691 παρ’
2569 2619 2706 2689 αὕτῇ
2758 2618 2823 2687 τῇ
2880 2614 3170 2685 ἀποϐάθρᾳ
3222 2611 3315 2664 τοῦ
3372 2607 3653 2681 βασιλικοῦ
3704 2608 3993 2678 δρόμωνος

2392 2713 2686 2782 ἑστηκότος
2710 2727 2723 2741 ο
2755 2710 2883 2763 ἔνθα
2916 2708 3147 2776 συνέστη
3174 2707 3221 2739 τ’
3287 2703 3568 2774 Ῥωμανὺς
3599 2702 3793 2771 Πέτρῳ
3820 2698 3994 2751 Βουλ-

2392 2804 2547 2875 γάρῳ
2603 2804 2720 2873 ἅμα
2764 2799 3164 2868 Κωνσταντί-ιῳ
3206 2796 3441 2867 γαμϐρῷ
3488 2795 3584 2848 καὶ
3622 2792 3996 2864 Χριστοφόρῳ

2394 2897 2518 2966 υἱῷ.
2551 2895 2671 2948 Τῶν
2704 2894 2760 2947 δὲ
2787 2892 3113 2961 Βουλγάρων
3142 2890 3396 2943 ἔνστασιν
3420 2887 3481 2939 οὐ
3519 2886 3718 2957 μικρὰν
3752 2900 3993 2951 ποιησαο

2396 2990 2577 3061 μένων
2637 2988 2904 3059 πρότερον
2958 2981 3369 3053 εὐφημισθῆναι
3416 2976 3813 3050 Χριστοφόρον,
3883 2969 3991 3027 εἷθ’

2392 3081 2535 3134 οὕτω
2577 3080 2674 3131 τὸν
2704 3078 3156 3139 Κωνσταντῖνον,·
3176 3073 3363 3136 ὑπεῖξε
3393 3073 3461 3141 τῇ
3489 3069 3742 3121 ὲνστάσει
3771 3066 3994 3119 τούτων

2408 3170 2688 3242 Ῥωμανδς
2741 3172 2769 3223 ὁ
2826 3166 3101 3238 βασιλεὺς,
3132 3160 3399 3237 [Ρ.¹Ξ57.]
3446 3160 3542 3214 καὶ
3571 3160 3797 3228 γέγονεν
3848 3159 3997 3226 ὅπερ

2391 3266 2684 3337 ᾐτήσαντο.
2733 3262 2888 3314 Ἐπεὶ
2920 3260 2975 3312 δὲ
3007 3258 3186 3312 πάντα
3210 3257 3278 3310 τὰ
3323 3256 3384 3307 ὲν
3439 3252 3638 3323 γάμοις
3700 3249 4001 3303 συνετελέο

2391 3357 2618 3427 σθησαν,
2652 3353 2846 3423 ἔμελλε
2877 3352 2933 3404 δὲ
2966 3353 3000 3421 ἡ
3031 3349 3224 3423 Μαρία
3269 3347 3371 3419 ήδη
3421 3346 3522 3416 τὴν
3570 3343 3706 3413 πρὸς
3735 3342 4000 3410 Βουλγαο

2395 3450 2517 3521 ρίαν
2545 3448 2643 3501 σὺν
2678 3446 2755 3517 τῷ
2801 3445 2957 3515 ἀνδρὶ
2988 3444 3181 3514 Πέτρῳ
3220 3440 3449 3505 ὁδεύειν,
3489 3439 3539 3492 οἱ
3566 3437 3772 3503 ταύτης
3804 3438 4002 3504 γονεῖς

2395 3542 2559 3612 μέχρι
2604 3537 2701 3593 τοῦ
2741 3536 3009 3616 ’βδδόμου
3044 3533 3371 3603 συνεξῆλθον
3402 3533 3539 3601 αὐτῇ
3573 3530 3686 3600 ἅμα
3719 3528 4002 3596 Θεοφάνει

2393 3632 2897 3705 πρωτοῆεστιαρίῳ.
2917 3628 3071 3709 Ἐπεὶ
3101 3629 3158 3681 δὲ
3183 3629 3249 3660 ⁷⁸⁸
3265 3626 3523 3696 ἀπαίρειν
3555 3622 3803 3693 ἔμελλεν,
3826 3638 3895 3674 πε
3908 3639 4002 3689 ριο

2394 3724 2647 3796 χυθέντες
2670 3726 2734 3793 τῇ
2771 3722 3001 3791 θυγατρὶ
3028 3719 3124 3772 καὶ
3151 3716 3332 3771 πυκνὰ
3362 3717 3719 3785 καταχέοντες
3750 3713 3999 3783 δάκρυα,

2392 3817 2487 3870 καὶ
2510 3817 2609 3869 ὅσα
2651 3813 2795 3876 εἰκὸς
2826 3814 2919 3865 ἐπὶ
2966 3812 3220 3881 στερήσει
3246 3809 3557 3878 σπλάγχνου
3586 3804 4001 3876 περιποθήτου,

2393 3911 2485 3963 τόν
2517 3926 2575 3961 τε
2616 3907 2800 3960 αὐτῶν
2834 3904 3084 3975 γαμϐρὸν
3109 3902 3492 3970 ἀσπασάμενοι
3520 3898 3611 3952 καὶ
3632 3899 3841 3968 ταύτην
3864 3900 4001 3957 ταῖς

2392 4001 2585 4055 τούτου
2619 3999 2807 4071 χερσὶν
2862 3996 3233 4065 παραθέμενοι
3265 3996 3325 4047 ὲν
3352 3996 3466 4055 τοῖς
3511 3992 3812 4061 βασιλείοις
3878 3991 3997 4042 ὑπο

2394 4092 2687 4163 έστρεψαν.
2720 4090 2908 4159 Μαρία
2934 4089 2989 4141 δὲ
3010 4088 3404 4157 Βουλγαρικαῖς
3422 4083 3791 4154 παραδοθεῖσα
3825 4080 4000 4151 χερσὶ

2393 4185 2493 4255 τὴν
2543 4184 2635 4236 ἐπὶ
2686 4182 3027 4252 Βουλγαρίαν
3077 4180 3266 4248 ἀπῄει,
3323 4176 3591 4248 χαίρουσά
3645 4192 3706 4227 τε
3734 4173 3859 4244 ἅμα
3896 4175 3999 4227 καὶ

2393 4275 2729 4345 λυπουμένη,
2770 4274 3085 4343 λυπουμένη
3132 4272 3231 4341 μὲν
3262 4271 3319 4323 ὲν
3352 4264 3432 4333 οἷς
3470 4267 3673 4336 γονέων
3709 4264 3999 4335 φιλτάτων

2394 4368 2657 4440 ἐστέρητο
2692 4368 2789 4420 καὶ
2834 4363 3122 4437 βασιλείων
3170 4362 3336 4415 οἴκων
3379 4361 3475 4415 καὶ
3532 4357 3829 4429 συνηθείας
3877 4356 4002 4410 τῶν

2394 4459 2542 4525 γένει
2572 4457 2984 4529 προσηκόντων,
3017 4456 3281 4525 χαίρουσα
3303 4453 3359 4506 δὲ
3380 4454 3438 4505 ἐν
3459 4447 3540 4515 οἷς
3572 4450 3782 4520 βασιλεί
3813 4468 4003 4521 προσ-

707 4549 1073 4617 Bulgarorum
1105 4546 1323 4599 domina
1373 4553 1517 4600 esset
1553 4544 1914 4599 consalutata.
1951 4543 2068 4600 Ibat
2104 4546 2289 4617 itaque

2397 4554 2640 4625 ήρμοστο
2686 4551 2840 4620 ἀνδρὶ
2892 4549 2984 4601 καὶ
3024 4548 3283 4601 δέσποινα
3328 4546 3655 4614 Βουλγάρων
3709 4560 4006 4613 προσηγο-

714 4640 1034 4709 omnigenas
1069 4636 1360 4692 conferens
1388 4652 1540 4705 opes,
1584 4636 1983 4707 innumeraque
2052 4639 2292 4708 supelle-

713 4732 825 4786 ctili
856 4730 1141 4799 0pulenter
1172 4729 1457 4784 instructa.

784 4823 877 4877 24.
906 4820 1063 4875 Tune
1090 4836 1310 4890 quoque
1355 4819 1602 4874 Joannes
1648 4820 1908 4888 magister
1955 4835 2018 4874 ac
2069 4821 2290 4876 schola-

717 4930 837 4970 rum
868 4912 1225 4967 domesticus
1254 4913 1518 4976 Curcuas,
1568 4911 1659 4981 qui
1707 4907 1983 4965 Romanas
2031 4913 2292 4982 praeclare

714 5006 904 5076 00pias
930 5003 1168 5073 regebat,
1215 5018 1321 5073 quo
1352 5003 1463 5058 fere
1499 5019 1563 5058 ex
1601 5013 1843 5072 [empore
1874 5003 2153 5061 Romanus
2186 5007 2290 5059 im-

718 5104 937 5165 perator
966 5094 1235 5148 salutatus
1282 5107 1386 5157 est,
1435 5094 1800 5163 Assyriosque
1833 5094 2079 5164 quotidie
2121 5111 2294 5165 expu-

717 5186 939 5254 gnabat,
969 5180 1244 5253 urbesque
1279 5193 1334 5238 et
1372 5184 1569 5253 oppida
1604 5186 1812 5239 munita
1831 5196 1884 5240 et
1906 5187 2055 5243 vicos
2082 5202 2147 5242 ac
2174 5187 2295 5242 loca

716 5275 1013 5339 evertebat,
1044 5276 1399 5344 captivosque
1426 5276 1683 5340 ducebat,
1733 5285 1897 5345 atque
1932 5280 1984 5331 in
2014 5279 2082 5333 iis
2129 5282 2293 5333 etiam

718 5366 981 5435 insignem
1027 5365 1631 5435 nominatissimamque
1678 5382 1743 5420 ac
1800 5369 1958 5436 plane
2021 5372 2290 5424 munitam

717 5459 1264 5528 potentissimamque
1298 5458 1468 5529 Syriae
1493 5460 1682 5514 urbem
1721 5474 2035 5531 arcemque,
2088 5462 2292 5518 Melitio

718 5566 842 5606 nent
887 5554 1107 5616 dictam,
1143 5553 1292 5605 varie
1340 5561 1640 5607 tentuverat
1693 5554 2079 5625 prmdatusque
2114 5556 2293 5612 fuerat

718 5661 781 5701 ac
832 5645 1049 5716 penitus
1108 5653 1432 5712 vastaverat,
1487 5646 1805 5716 circumque
1866 5649 2040 5715 posita
2094 5652 2292 5719 oppida

2404 4646 2592 4717 ρεύθη.
2633 4644 2823 4715 Ἀπῂει
2880 4644 3060 4695 τοίνυν
3116 4640 3348 4693 πλοῦτον
3397 4639 3742 4709 κομιζομένη
3793 4654 3980 4691 παντο

2396 4739 2541 4808 δαπῆ
2576 4738 2671 4791 καὶ
2703 4737 3016 4805 ἀποσκευὴν
3047 4735 3446 4806 ἀναρίθμητον.

2473 4833 2574 4885 κδ’.
2596 4831 2731 4883 Τότε
2768 4829 2823 4881 δὲ
2864 4830 2957 4881 καὶ
2995 4828 3249 4897 Ἰωάννης
3278 4827 3577 4895 μάγιστρος
3603 4822 3697 4877 καὶ
3726 4822 4004 4891 δομέστι-

2398 4942 2493 4987 κος
2524 4922 2631 4977 τῶν
2683 4921 2887 4992 σχολῶν
2936 4920 2965 4972 ὁ
3012 4919 3355 4989 Κουρκούας,
3410 4916 3589 4979 καλῶς
3640 4914 3864 4967 διοικῶν
3902 4916 4007 4970 τὸν

2402 5015 2718 5086 Ῥωμαϊκὸν
2776 5013 3008 5084 στρατὸν
3050 5013 3239 5083 σχεδὸν
3302 5011 3410 5063 ἀπὸ
3474 5011 3573 5079 τῆς
3626 5010 4004 5077 ἀναρρήσεως

2408 5105 2693 5177 Ῥωμανοῦ
2758 5105 3044 5177 βασιλέως,
3078 5106 3174 5157 καὶ
3222 5101 3625 5171 καταπολεμῶν
3670 5100 3798 5153 καθ’
3859 5100 4001 5153 ἑκά-

2399 5217 2530 5268 στην
2559 5200 2687 5260 τοὺς
2731 5196 3073 5269 Ἀσσυρίους,
3107 5196 3199 5249 καὶ
3249 5195 3433 5257 πόλεις
3478 5194 3572 5246 καὶ
3615 5193 3836 5261 κάστρα
3899 5193 4001 5244 καλ

2398 5288 2591 5357 κώμας
2623 5289 2718 5339 καὶ
2742 5287 2927 5358 χώρας
2959 5285 3137 5339 αὐτῶν
3164 5286 3448 5355 πορθήσας
3480 5283 3576 5337 καὶ
3599 5280 4005 5350 αἰχμαλώτους

2403 5381 2655 5451 ποιήσας,
2717 5380 2834 5448 μεθ’
2879 5374 2955 5431 ῶν
3004 5379 3097 5432 καὶ
3131 5378 3190 5430 τὸ
3222 5378 3494 5446 ἐπίσημον
3535 5374 3629 5428 καὶ
3659 5373 4009 5437 ἐξάκουστον

2403 5473 2498 5525 καὶ
2532 5472 2674 5525 πάνυ
2706 5474 2897 5543 ὀχυρὸν
2944 5473 3037 5525 καὶ
3079 5470 3301 5525 δυνατὸν
3339 5470 3578 5539 κάστρον
3612 5467 3710 5536 τῆς
3762 5466 4007 5535 Συρίας,

2404 5565 2695 5635 Μελιτινὴν
2724 5564 3148 5635 ὀνομαζόμενον,
3197 5564 3473 5631 διαφόρως
3525 5559 4009 5628 καταπολεμήσαε

2406 5658 2501 5711 καὶ
2533 5659 2891 5729 πραιδεύσας,
2937 5664 3033 5714 καὶ
3074 5661 3155 5723 εἰς
3213 5657 3448 5729 φροῦδον
3506 5653 3787 5717 ἀπωλείας
3836 5651 4017 5706 τοῦτο

2018 5739 2253 5797 γΑιιιΑς
2280 5744 2687 5803 LECTIONES.

782 5825 831 5860 ⁷⁵
870 5824 1215 5894 συνειστιάῦη
1249 5824 1549 5884 Ccdrcnus.
1636 5830 1701 5863 ⁷⁶⁶
1727 5829 2032 5901 Legebatur
2068 5835 2277 5891 ἐπειδὴ.
