4154 6450
156 383 261 447 ἰδό

1145 392 1287 451 LIB.
1339 392 1433 452 Vl.
1481 412 1541 424 -·
1580 391 1948 450 ROMANUS
1983 392 2433 454 LACAPEXUB.

3307 390 3409 453 431

157 504 387 567 ποιήσας
422 502 514 553 καὶ
546 501 643 564 τὰς
672 500 829 571 πέριξ
863 503 1051 569 κώμας
1098 522 1204 558 και.
1230 505 1413 575 χώρας
1463 504 1723 572 πυρικαύι

1838 507 2096 573 vicosque
2129 516 2180 561 et
2220 510 2416 576 praedia
2454 506 2562 576 igni
2616 504 2994 567 succenderat,
3028 508 3144 575 ipsa
3200 504 3403 562 invicta

157 608 316 653 στους
348 592 748 661 ἐργασάμενος,
772 594 903 645 αὑτὸ
928 596 988 645 τὸ
1015 595 1285 664 ἀήττητον
1322 597 1415 648 καὶ
1454 596 1733 662 ἀμάχητον

154 681 394 749 κάστρον
468 683 851 749 παρακαθίσας
917 686 1013 737 καὶ
1085 687 1360 749 ἑλεπόλεις
1428 686 1733 755 μηχανικὰς

154 774 380 840 στήσας,
425 775 518 826 καὶ
563 775 644 834 εἰς
696 775 932 843 παντελῆ
994 775 1227 844 ἀπορίαν
1282 776 1374 828 καὶ
1424 774 1734 844 ἀμηχανίαν

150 862 411 929 ὲμσαλὼν
458 864 657 926 αὐτοὺς
687 865 715 916 ὃ
743 882 794 917 τι
824 864 1107 934 πράξαιεν,
1139 868 1232 918 καί
1266 866 1411 929 ἅπαξ
1461 866 1552 917 καὶ
1605 866 1730 916 πολ-

149 955 307 1020 λάκις
343 957 605 1025 πρέσϐεις
633 959 768 1028 πρὸς
799 958 893 1010 τὸν
916 959 1234 1027 ὃομέστικον
1266 958 1591 1010 στελλόντων
1642 958 1733 1009 καὶ

149 1047 307 1114 λόγον
352 1048 670 1115 αἰτούντων,
716 1051 745 1101 ὁ
776 1050 998 1112 συνετὸς
1030 1050 1123 1103 καί⁵
1172 1051 1418 1119 ἐχέφρων
1481 1050 1732 1117 Ἰωάννης

148 1138 519 1209 όδομέστικος
546 1140 657 1192 τῶν
690 1140 895 1210 σχολῶν
926 1144 955 1194 ό
1003 1143 1324 1211 Κουρκούας
1372 1141 1439 1193 τά
1477 1140 1585 1193 τῶν
1640 1141 1731 1193 δα-

149 1228 334 1299 κρύων
355 1232 450 1284 καὶ
470 1228 869 1300 ὲλεεινολογιῶν
892 1232 987 1285 καὶ
1010 1232 1076 1285 τά
1098 1233 1198 1301 τῆς
1229 1232 1400 1302 τύχης
1429 1233 1729 1299 σκοπήσας,

146 1315 235 1373 οἷα
267 1322 342 1375 τὰ
380 1321 722 1393 ἀνθρώπινα,
761 1324 1002 1390 ὑπεῖξεν,
1039 1324 1135 1398 καὶ
1180 1324 1336 1393 λόγον
1367 1324 1491 1384 δοὺς
1525 1324 1727 1388 αὐτοῖς,

146 1414 174 1463 ό
214 1412 463 1482 ’Δπόχαψ
490 1416 519 1466 ό
567 1414 664 1467 τοῦ
711 1416 890 1484 ’Δμερ
937 1415 1155 1483 ἔκγονος
1206 1417 1430 1486 ἀμηρᾶς
1461 1413 1538 1467 ὣν
1567 1415 1731 1467 Μελι-

146 1501 323 1571 τινῆς,
360 1502 455 1555 καὶ
486 1504 516 1556 ό
561 1504 864 1558 Ἀποσαλάθ
904 1506 1209 1576 στρατηγὸς
1238 1506 1627 1572 εὑγενὲστατος
1654 1505 1729 1557 ῶν

148 1594 242 1645 καὶ
291 1594 552 1658 πλούσιος
606 1598 664 1649 ὲν
720 1596 981 1665 Μελιτινῇ
1020 1637 1034 1655 .
1072 1598 1458 1667 παρεγένοντο.
1508 1598 1726 1649 ’Δποδε-

144 1684 374 1749 χθέντες
404 1682 498 1738 οὖν
528 1688 680 1757 παρὰ
702 1687 796 1741 τοῦ
826 1687 1147 1756 δομεστίκου
1179 1690 1286 1741 τῶν
1320 1690 1522 1758 σχολῶν
1546 1687 1726 1741 Ἰωάν-

145 1793 262 1839 νου,
293 1778 433 1847 πρὸς
461 1778 552 1830 τδν
569 1779 952 1849 αὐτοκράτορα
976 1780 1199 1842 τούτους
1240 1780 1557 1834 ἀπέστειλεν
1578 1800 1592 1812 ·
1633 1780 1727 1833 καὶ

1837 597 2352 667 im-xpncualiilique
2409 615 2536 651 arce
2587 601 2832 663 obsessa,
2892 597 3265 666 adhibitisque
3326 599 3403 653 illi

1835 690 2118 743 tormentis
2147 706 2210 741 ac
2244 691 2514 743 machinis
2560 689 3021 748 obsidionalibus.
3078 690 3401 758 oppidanis-

1834 792 1939 845 que
1990 779 2041 830 in
2102 791 2378 833 extremas
2436 782 2719 845 angustias
2782 780 3104 848 consiliique
3166 781 3403 850 inopiam

1834 866 2115 933 conjectis,
2161 883 2224 922 ac
2250 884 2371 921 cum
2407 869 2480 921 illi
2515 869 2680 921 semel
2728 869 3038 937 sirpiusque
3091 871 3278 925 missis
3333 872 3399 923 ad

1830 956 2193 1012 domesticum
2242 962 2432 1028 legatis
2466 958 2623 1013 fidem
2660 974 2720 1013 ac
2748 968 3100 1014 securitatem
3125 976 3358 1030 exposco
3381 990 3402 999 -

1834 1058 1975 1114 rent,
2009 1050 2175 1122 £16
2214 1051 2295 1104 vir
2327 1054 2564 1120 prudens
2591 1053 2953 1120 cordatusque
2989 1052 3227 1107 Joannes
3255 1052 3398 1108 Cur-

1830 1156 1963 1197 cuas
1993 1144 2304 1198 scholarum
2357 1144 2710 1207 domesticus,
2760 1144 3085 1199 miserorum
3133 1145 3404 1215 laerymas

1832 1234 2252 1302 supplicumque
2278 1235 2555 1290 luctuosos
2579 1236 2849 1289 clamores
2883 1248 2947 1289 ac
2978 1249 3076 1302 pro
3121 1236 3391 1289 humana-

1833 1338 1954 1376 rum
1989 1339 2174 1377 rerum
2227 1325 2441 1377 ratione
2480 1324 2712 1376 fortuna:
2765 1324 2972 1377 incerta
3020 1322 3400 1387 considerans,

1829 1426 2021 1467 eorum
2052 1413 2194 1467 votis
2250 1414 2492 1466 animum
2551 1411 2793 1476 inﬂexit;
2841 1414 2905 1466 ad
2958 1428 3121 1482 quem
3180 1422 3402 1482 accepta

1831 1504 1935 1557 fide
1958 1505 2245 1574 Apochaps
2282 1506 2485 1558 ameris
2511 1520 2698 1572 nepos,
2734 1504 3003 1559 Melitines
3040 1506 3157 1573 ipse
3187 1520 3401 1559 amcras

1827 1596 2119 1660 exsisteus,
2154 1596 2559 1665 Aposalathque
2596 1597 2699 1650 dux
2735 1598 2879 1665 apud
2915 1594 3210 1650 Melitinem
3260 1609 3402 1649 stre-

1827 1685 2131 1739 nuissimus
2164 1685 2648 1754 nobilissimusque
2675 1702 2739 1741 ac
2768 1687 3259 1756 locupletissimus,
3307 1704 3396 1741 ven

1830 1790 1980 1829 nere.
2034 1774 2145 1829 Hos
2200 1777 2514 1830 scholarum
2564 1780 2900 1831 domesticus
2954 1778 3191 1834 Joannes
3254 1782 3398 1834 omni

146 1867 420 1937 σύμφωνα
451 1871 676 1940 εἰρήνης
730 1872 1056 1942 ποιήσαντες
1106 1873 1451 1942 ὑπέστρεψαν
1500 1874 1634 1942 πρὸς
1658 1874 1723 1929 τὰ

1828 1864 2170 1919 humanitate
2198 1877 2482 1936 susceptos
2514 1868 2580 1921 ad
2619 1868 3008 1936 imperatorem
3040 1871 3191 1923 misit
3218 1888 3232 1934 ;
3264 1871 3400 1924 icto-

146 1956 279 2013 [δια.
329 1959 559 2012 Ἐκτοτε
621 1960 680 2012 δὲ
734 1960 1220 2031 συνεξεστράτευον
1280 1962 1365 2033 [Ρ.
1439 1962 1569 2035 258]
1615 1966 1726 2028 τοῖς

158 2047 462 2118 Ῥωμαίοις
514 2050 657 2104 κατά
696 2051 812 2105 σῶν
858 2052 1148 2121 ὁμοφύλων
1185 2054 1523 2123 Ἀγαρηνῶν,
1564 2055 1620 2106 ἔν
1664 2071 1724 2108 τε

142 2142 256 2203 τοίς
298 2140 593 2205 ἐπινικίοις
629 2144 1046 2215 συνεισήρχοντο
1073 2149 1186 2209 τοῖς
1235 2146 1523 2215 Ῥωμαίοις
1555 2148 1613 2200 ὲν
1656 2149 1721 2217 τῇ

143 2228 296 2283 πόλει
348 2231 730 2301 αἰχμαλώτους
778 2234 1005 2301 ἄγοντες
1056 2238 1411 2308 Ἀγαρηνοὺς,
1467 2240 1605 2309 ὅπερ
1657 2235 1727 2309 ἦν

142 2320 461 2390 Θαυμαστὸν
492 2327 587 2377 καὶ
610 2325 910 2393 παράδοξον
932 2328 1026 2380 καί⁵
1046 2328 1244 2398 δεῖγμα
1272 2330 1371 2397 τῆς
1399 2329 1575 2383 ἀοέων
1617 2331 1723 2383 Σα-

142 2414 400 2484 ρακηνῶν
431 2416 743 2486 δυστυχίας.
772 2419 1204 2489 Τελευτήσαντος
1231 2421 1287 2473 δὲ
1311 2421 1408 2473 τοῦ
1456 2422 1720 2493 “nandi,

96 2582 99 2587 ⁵
141 2505 337 2574 ἀνδρὸς
371 2508 637 2577 φρονίμου
664 2511 758 2562 καί⁵
788 2511 1032 2575 συνετοῦ,
1066 2502 1315 2566 διὲλύσαν
1357 2514 1455 2582 τὴν
1499 2518 1723 2587 εἰρήνην

138 2598 187 2648 el
214 2597 319 2668 τὴν
343 2599 641 2668 Μελιτινὴν
667 2602 1075 2667 κατοικοῦντες.
1121 2604 1607 2678 Ἐκστρατεύουσιν
1629 2602 1723 2662 οὖν

139 2689 263 2741 κατ’
305 2690 494 2743 αὐτῶν
527 2692 692 2745 πάλιν
734 2694 762 2747 ὃ
811 2711 872 2748 τε
919 2695 1240 2765 δομέστικος
1282 2698 1392 2751 τῶν
1441 2699 1643 2768 σχολῶν
1693 2701 1722 2753 ό

140 2777 470 2847 Κουρκούας
507 2781 762 2855 Ἰωάννης
798 2786 940 2855 μετὰ
976 2786 1083 2841 τῶν
1104 2787 1358 2857 θεμάτων
1385 2790 1481 2843 καὶ
1510 2775 1723 2860 ιίαγμάο

138 2885 245 2923 των
268 2871 371 2925 καὶ
410 2874 440 2925 ό
467 2872 675 2938 Μελίας
707 2877 846 2945 μετά
876 2878 985 2933 τῶν
1019 2880 1321 2949 ’Δρμενίων
1357 2897 1371 2911 °
1398 2882 1493 2935 καὶ
1522 2883 1722 2947 πολλάς

139 2964 423 3032 προνομὰς
453 2966 549 3018 καὶ
573 2968 806 3037 πραίδας
829 2968 952 3023 καθ’
982 2970 1223 3042 ἑκάστην
1261 2973 1597 3045 ποιούμενοι,
1629 2976 1721 3030 καὶ

134 3057 257 3117 ταῖς
279 3056 563 3125 συνεχέσιν
590 3060 912 3131 ἐπιδρομαῖς
958 3063 1456 3133 αἰχμαλωτίζοντες
1500 3066 1722 3130 τούτους

136 3149 232 3199 καὶ
262 3147 600 3218 ληϊζόμενοι,
631 3152 715 3214 είς
734 3155 1006 3223 τοσαύτην
1051 3155 1309 3210 στένωσιν
1338 3157 1439 3226 τὴν
1496 3159 1718 3212 Μελιτι-

135 3237 236 3308 νην
265 3242 641 3313 περιέστησαν
673 3243 811 3298 ὥστε
842 3246 1013 3317 αὐτὴν
1065 3248 1476 3317 συντομώτατον
1521 3253 1721 3319 ἐκπορ-

136 3331 306 3402 θῆσαι
366 3334 463 3387 καὶ
511 3335 617 3399 ἕως
655 3336 883 3405 ἐδάφους
921 3339 1315 3408 καταστρέψαι,
1348 3341 1410 3393 οὑ
1454 3342 1614 3410 μόνον
1664 3341 1721 3394 δὲ

132 3424 365 3495 ταύτην,
396 3426 531 3480 ἀλλά
556 3428 652 3482 καί
680 3428 779 3490 τὰς
812 3429 1046 3499 ὁμόρους
1079 3431 1217 3501 αὑτῇ
1258 3431 1438 3493 πόλεις
1490 3434 1581 3485 καὶ
1614 3431 1721 3502 χὼ-

135 3532 238 3585 ρας
297 3517 643 3589 πολυςρόρους
689 3536 752 3572 τε
792 3520 887 3574 καὶ
924 3522 1185 3584 πιοτάτας
1228 3520 1395 3584 οὔσας
1450 3524 1542 3577 καὶ
1600 3523 1720 3586 οἵας

138 3608 343 3672 πολλὰς
396 3610 658 3679 παρέχειν
704 3610 1019 3681 προσόδους.
1062 3611 1281 3681 Ταύτην
1309 3612 1403 3665 οὖν
1431 3613 1531 3680 τὴν
1554 3614 1721 3667 Μελι-

131 3700 293 3769 τινὴν
334 3701 418 3763 είς
475 3700 854 3770 κουρατωρίαν
884 3702 1351 3771 ἀποκαταστήσας
1390 3703 1419 3755 ό
1470 3702 1720 3772 βασιλεὺς

136 3791 341 3855 πολλὰς
395 3792 639 3861 χιλιάδας
672 3794 893 3863 χρυσίου
922 3794 1015 3847 καὶ
1053 3795 1319 3865 ἀργυρίου
1354 3794 1565 3847 ὲκεῖοεν
1625 3795 1722 3848 δα-

132 3885 541 3954 σμοφορεῖσθαι
570 3885 797 3954 ὲτησίως
830 3885 1153 3958 πεποίηκεν.

208 3975 326 4042 κς·’.
357 3976 731 4047 Κατηγορήθη
785 3977 846 4031 δὲ
894 3978 1146 4048 Νικήτας
1198 3980 1227 4032 ὁ
1282 3979 1583 4050 μάγιστρος
1628 3980 1721 4033 καὶ

138 4068 405 4140 πενθερὸς
451 4068 830 4139 Χριστοφόρου
887 4069 1149 4139 βασιλέως
1204 4070 1281 4133 ὡς
1333 4070 1720 4141 ὑποτιθέμενος

131 4160 288 4230 αὑτῷ
310 4160 460 4213 κατά
484 4160 573 4213 τοῦ
603 4161 737 4213 ἰδίου
762 4161 1017 4228 γενέσθαι
1053 4163 1260 4233 πατρὸς
1308 4162 1404 4216 καὶ¹
1445 4165 1542 4232 τῆς
1570 4163 1721 4233 βάσι-

128 4249 286 4315 λείας
316 4250 487 4303 αὑτὸν
515 4250 769 4314 ὲξεῶσαι.
818 4251 1020 4305 Τοῦτον
1071 4248 1165 4305 οὖν
1217 4252 1578 4322 ἐξαγαγόντες
1622 4255 1722 4323 τῆς

132 4343 350 4407 πόλεως
368 4343 672 4416 ἀπέκειραν
689 4344 943 4415 μοναχὸν,
969 4346 1393 4417 ὑπερορίσαντες
1424 4346 1501 4418 τῷ
1526 4347 1720 4401 ἑαυτοῦ

130 4437 478 4506 προαστείῳ.

1827 1971 1934 2025 que
1956 1958 2105 2026 pacis
2143 1957 2347 2012 findere
2377 1960 2599 2013 domum
2631 1961 2833 2014 reversi
2865 1969 3014 2014 sunt.
3044 1960 3283 2031 Indeque
3311 1976 3401 2018 so-

1826 2050 1928 2103 ciis
1967 2049 2160 2105 adlecti
2185 2065 2250 2103 ac
2275 2050 2521 2104 foederati
2550 2052 2811 2106 adversus
2842 2054 3069 2107 tribules
3092 2068 3224 2110 suos
3253 2055 3399 2124 Aga-

1826 2152 1987 2192 renos
2018 2155 2140 2193 cum
2177 2140 2437 2195 Romanis
2457 2141 2524 2194 ad
2559 2143 2755 2198 bellum
2790 2145 3298 2213 proﬁciscebantur,
3337 2163 3401 2201 ac

1828 2228 2087 2298 triumphi
2122 2232 2301 2299 specie
2346 2246 2468 2284 cum
2521 2233 2979 2303 iisdcmcaptivos
3020 2236 3400 2291 suosdueenu

1824 2325 1905 2371 tes
1932 2319 2204 2381 (mirando
2233 2335 2365 2374 sane
2396 2322 2712 2388 spectaculo
2759 2334 2813 2377 et
2872 2324 3144 2384 inaudito.
3200 2325 3396 2393 impio-

1825 2424 2056 2479 rumque
2105 2409 2501 2465 Saracenorum
2554 2412 2873 2467 afﬂictarum
2938 2429 3118 2468 rerum
3172 2414 3397 2482 indicio)

1825 2501 2014 2555 urbem
2068 2501 2533 2569 ingrediebantur.
2568 2502 2781 2558 Mortuo
2811 2515 2994 2558 autem
3048 2504 3396 2574 Apochapso,

1824 2592 1945 2646 viro
1972 2592 2237 2659 prodeunte
2272 2608 2335 2646 ac
2360 2594 2629 2661 sapiente.
2664 2594 3034 2650 Melitinenses
3060 2610 3248 2664 pacem
3280 2596 3397 2651 dis-

1824 2684 2130 2739 solverunt.
2166 2684 2365 2739 lterum
2396 2685 2561 2754 igitur
2583 2686 2849 2741 adversus
2894 2703 2988 2744 eos
3038 2689 3399 2758 proficiscun-

1825 2786 1913 2831 tur
1958 2775 2276 2831 scholarum
2323 2778 2659 2833 domesticus
2700 2776 2941 2833 Joannes
2987 2777 3234 2834 Curcuas
3271 2794 3396 2835 cum

1822 2868 2147 2923 cohortibus
2177 2883 2240 2923 ac
2263 2867 2591 2938 legionibus,
2624 2869 2922 2938 Melissque
2953 2870 3232 2926 Armeniis
3259 2887 3400 2939 prae-

1823 2961 2017 3016 fectus.
2052 2960 2118 3015 lli
2152 2962 2351 3016 multas
2403 2963 2647 3031 quotidie
2693 2972 2916 3033 agentes
2967 2964 3200 3033 praedas,
3252 2965 3400 3019 assi-

1823 3053 2059 3122 duisque
2105 3052 2522 3108 excursionibus
2574 3062 2740 3108 totam
2794 3055 2899 3108 late
2943 3056 3221 3125 regionem
3268 3057 3399 3111 diri-

1823 3145 2035 3213 pientes
2061 3155 2224 3213 atque
2243 3144 2454 3199 incolas
2474 3145 2810 3214 subigentes,
2833 3146 2884 3199 in
2907 3155 3085 3201 tantas
3103 3146 3395 3201 Melitinem

1822 3246 2118 3307 coegerunt
2150 3238 2448 3306 angustias,
2482 3247 2541 3290 ut
2572 3237 2896 3291 brevissimo
2950 3250 3196 3306 tempore
3222 3240 3394 3307 ipsam

1821 3329 2254 3399 expugnaverint
2283 3345 2347 3383 ac
2378 3330 2499 3385 solo
2536 3338 2692 3384 tenus
2729 3330 3100 3398 aequaverint,
3138 3346 3235 3384 nec
3274 3346 3393 3385 eam

1823 3419 2004 3485 modo,
2025 3420 2116 3472 scd
2147 3429 2200 3473 ct
2219 3422 2424 3475 vicinas
2450 3420 2613 3475 urbes
2634 3429 2796 3488 atque
2828 3422 3025 3491 oppida
3060 3430 3119 3475 et
3144 3422 3397 3489 regiones

1824 3508 2197 3564 feracissimos
2236 3514 2579 3581 upimasque,
2612 3526 2677 3566 ac
2700 3527 2821 3579 qua:
2852 3512 3056 3567 multus
3101 3523 3398 3582 prmentus

1823 3600 2098 3664 aﬂ‘errent.
2156 3600 2308 3656 Hanc
2359 3604 2522 3673 igitur
2569 3604 2867 3657 Melitiuem
2898 3602 3062 3674 417
3104 3606 3397 3674 imperator

1822 3691 1876 3745 in
1912 3693 2243 3746 curatoriam
2273 3695 2395 3761 (alii
2432 3696 2769 3763 provinciam
2800 3695 3080 3766 dixerint)
3124 3698 3394 3767 redigcns,

1823 3784 1993 3837 multa
2018 3784 2143 3839 inde
2165 3786 2283 3838 auri
2301 3788 2620 3858 argentique
2639 3788 2807 3842 millia
2828 3788 3033 3843 tributo
3052 3803 3239 3845 annuo
3264 3790 3398 3845 fisco

1825 3875 2105 3931 inferenda
2139 3876 2353 3932 indixit.

1891 3966 1980 4022 25.
2009 3966 2278 4023 Czeterum
2328 3968 2542 4023 Nicetas
2594 3969 2855 4038 magister
2903 3986 2966 4023 ac
3008 3970 3394 4038 Christoplimi

1824 4060 2168 4128 imperatoris
2195 4078 2353 4116 socer
2387 4071 2675 4118 accusatus
2729 4074 2834 4129 est,
2884 4063 3029 4133 quod
3092 4063 3392 4118 rebellandi

1827 4149 2089 4205 adversus
2117 4161 2322 4221 patrem
2362 4167 2597 4221 eumque
2629 4154 2768 4208 solio
2814 4154 3145 4208 deturbandi
3199 4163 3391 4209 auctor

1822 4246 1896 4302 illi
1932 4246 2142 4302 fuisset.
2176 4246 2443 4314 Quocirca
2476 4248 2612 4302 urbe
2664 4247 2897 4316 ejectum
2955 4246 3009 4300 in
3054 4247 3386 4301 monachum

1823 4337 2137 4407 detondent,
2195 4340 2359 4411 inque
2404 4342 2721 4395 suburbano
2770 4354 2871 4395 suo
2930 4339 3177 4394 exsulem
3228 4355 3389 4409 agere

1823 4439 2043 4498 cogunt.

207 4533 310 4581 κε’.
364 4528 515 4595 Μηνὶ
546 4526 603 4580 δὲ
644 4527 846 4601 Ἰουλίῳ
879 4537 960 4595 ιε’,
996 4529 1324 4593 ίνδικτιῶνος
1365 4530 1440 4596 ς’,
1496 4532 1721 4603 τελευτᾷ

1895 4521 1983 4575 26.
2012 4520 2211 4575 Mensis
2233 4520 2360 4575 Julii
2398 4521 2583 4589 quinta
2607 4520 2838 4583 decima,
2876 4520 3176 4575 indictione
3214 4528 3387 4580 sexta,

126 4618 420 4685 Στέφανος
443 4619 810 4690 πατριάρχης,
834 4620 1277 4691 πατριαρχεύσας
1298 4620 1394 4691 ἐτη
1422 4622 1519 4675 δύο
1547 4622 1719 4692 μῆνας

124 4711 354 4765 ἑνδεκα.
394 4711 714 4782 Δεκεμϐρίῳ
743 4712 799 4765 δὲ
841 4714 994 4782 μηνὶ,
1028 4716 1092 4783 τῇ
1130 4715 1719 4785 τεσσαρεσκαιδεκάτῃ,

122 4805 335 4867 ἄγουσι
371 4802 648 4870 Τρύφωνα
680 4803 914 4871 μοναχὸν
942 4805 1000 4856 ὲν
1028 4802 1105 4874 τῷ
1139 4805 1366 4875 Ὀψικίῳ
1395 4806 1717 4873 μονάζοντά,

118 4893 225 4946 ἐπ’
252 4892 517 4965 εὐλαϐείᾳ
550 4895 642 4947 καὶ
681 4894 929 4965 ἁγιότητι
963 4896 1427 4966 μαρτυρούμενον,
1476 4899 1569 4950 καὶ
1609 4916 1723 4966 χει-

124 4985 426 5055 ρατονοῦσι
449 4985 800 5057 πατριάρχην
845 4988 938 5041 ἐπὶ
989 4987 1166 5058 χρόνῳ
1213 4988 1385 5060 ῥητῷ,
1417 4989 1609 5060 μέχρις
1655 4993 1721 5044 ἂν

117 5080 222 5141 εἰς
252 5078 460 5148 μέτρον
491 5077 707 5146 ἡλικίας
756 5078 940 5151 φθάσῃ
990 5079 1372 5149 Θεοφύλακτος
1396 5083 1425 5134 ό
1452 5080 1548 5134 τοῦ
1586 5081 1722 5134 Ῥω-

124 5169 317 5237 μανοῦ
375 5169 533 5232 υίὸς,
603 5170 663 5223 δν
726 5169 948 5241 ἔμελλον
1006 5171 1349 5242 πατριάρχην
1396 5176 1723 5245 χειροτονεῖν

118 5262 796 5325 Κωνσταντινουπόλεως.

212 5457 318 5503 κς.
372 5437 561 5493 Εἰκάδι
589 5438 649 5493 δὲ
676 5440 900 5512 πέμπτη
936 5440 1034 5494 τοῦ
1077 5441 1242 5496 αὑτοῦ
1297 5442 1466 5514 μηνὸς
1514 5445 1722 5515 χειμὼν

118 5530 425 5600 ἀςρόρητος
456 5530 702 5597 γέγονεν.
746 5530 887 5585 ὥστε
923 5534 1413 5605 κρυσταλλωθῆναι
1466 5539 1565 5609 τὴν
1621 5540 1723 5609 γῆν

114 5622 235 5676 ἐπὶ
267 5622 485 5693 ἡμέρας
512 5627 615 5691 pi.
646 5622 810 5679 Ὅθεν
838 5626 932 5679 καὶ
977 5627 1203 5695 γέγονεν
1244 5628 1273 5680 ό
1332 5630 1505 5699 μέγας
1544 5631 1721 5700 λιμὸς,

119 5715 273 5777 τοὺς
316 5715 540 5769 πώποτε
576 5717 905 5785 γενομένους
957 5719 1451 5790 ὑπερϐαλλόμενος,
1489 5725 1582 5778 καὶ
1627 5725 1722 5777 ϐά-

117 5823 306 5870 vato;
330 5809 397 5861 lx
421 5807 611 5863 τούτου
643 5810 831 5873 πολὺς.
871 5811 945 5875 ὡς
970 5810 1331 5882 μὴδύνασθαι
1360 5815 1479 5877 τοὺς
1518 5813 1722 5878 ζῶντας

1829 4612 2060 4664 moritur
2118 4612 2428 4680 Stephanus
2486 4612 2813 4679 patriarcha.
2881 4624 3007 4664 cum
3064 4610 3112 4663 ei
3177 4610 3393 4662 muneri

1830 4703 2137 4770 praefuisset
2176 4718 2350 4758 annos
2397 4704 2559 4767 duos,
2616 4718 2833 4757 menses
2866 4702 3139 4757 undecim.
3194 4700 3394 4755 Mensis

1828 4807 2007 4848 autem
2052 4795 2360 4849 Decembris
2411 4803 2608 4864 quarta
2657 4795 2867 4849 decima
2919 4795 3265 4863 Tryphonem
3302 4794 3398 4846 ad-

1830 4890 2036 4941 ducunt
2084 4887 2138 4940 in
2186 4887 2409 4954 Opsicio
2448 4887 2789 4955 profitentem
2825 4886 3176 4947 monachum,
3219 4884 3393 4937 virum

1831 4977 2104 5047 religiosis
2148 4978 2400 5032 moribus
2442 4993 2506 5033 ac
2540 4978 2828 5033 sanctitate
2875 4977 3183 5047 probatum,
3240 4974 3393 5029 ordi-

1830 5082 2072 5139 nauitque
2116 5070 2486 5139 patriarcham
2543 5071 2609 5124 ad
2667 5079 2875 5124 certum
2930 5076 3165 5138 tempus,
3222 5069 3397 5121 donec

1831 5163 2039 5219 scilicet
2071 5159 2510 5232 Theopliylactus
2543 5160 2772 5215 Romani
2805 5160 2947 5215 (ilius
2972 5170 3197 5215 maturae
3222 5159 3398 5213 aetatis

1830 5272 2003 5312 anuos
2060 5256 2367 5325 attingeret,
2426 5270 2585 5323 quem
2638 5254 3001 5323 patriarcham
3054 5251 3397 5323 Cpolitauum

1830 5351 2129 5405 ordinatori
2161 5359 2331 5405 erant.

1900 5442 1988 5495 ‘27.
2031 5441 2285 5509 Ejusdem
2319 5440 2529 5494 mensis
2548 5438 2645 5492 die
2670 5438 2929 5505 vigesima
2965 5440 3163 5505 quinta
3179 5436 3395 5505 gravis-

1833 5536 2030 5589 simum
2068 5535 2168 5587 fuit
2215 5533 2409 5601 frigus,
2448 5531 2583 5585 adeo
2631 5538 2690 5583 ut
2738 5530 2857 5583 dies
2916 5528 3018 5582 lit)
3078 5536 3222 5582 terra
3273 5527 3394 5593 gelu

1832 5636 2086 5684 concreta
2137 5626 2459 5695 obriguerit.
2530 5621 2645 5677 Hoc
2694 5623 2813 5691 gelu
2859 5623 3151 5675 subsecuta
3200 5619 3392 5673 fames.

1832 5733 2035 5791 quanta
2084 5727 2209 5772 ante
2244 5731 2521 5787 nunquam
2556 5715 2874 5776 exstiterat;
2920 5727 3096 5781 exque
3136 5712 3222 5765 illa
3273 5726 3379 5764 cre-

1834 5817 1943 5875 brae
1972 5814 2107 5869 adeo
2160 5822 2364 5867 mortes
2417 5818 2477 5864 ut
2524 5822 2627 5866 nec
2667 5805 2957 5863 efferendis
3009 5803 3242 5860 mortuis
3288 5803 3391 5856 vix:
