4154 6450
720 391 820 452 ιῗὶῦ

1769 390 2277 450 ΤΠΕΟΡΠᾹΝΕΒ
2317 390 2875 452 CONTINUATUS.

3885 388 3991 453 £36

722 498 1046 555 sufﬁcerent.
1091 495 1263 550 Porro
1310 496 1591 551 Rotuanus
1617 505 1822 551 tantam
1862 498 2010 550 illam
2039 497 2146 549 vim
2173 496 2300 550 mali
2330 546 2331 553 η

2437 498 2722 567 κκομίζειν
2747 499 2874 561 τοὺς
2904 495 3228 559 τεθνεῶτας.
3284 498 3344 549 Ὀ
3386 496 3444 550 δὲ
3485 497 3738 567 βασιλεὺς
3773 494 3993 564 Ῥωμα-

720 589 1094 648 considerans,
1122 603 1219 657 pro
1250 587 1484 659 benigna
1516 604 1615 643 sua
1643 598 1940 656 teneraque
1980 588 2034 641 in
2068 589 2304 641 miseros

724 683 931 749 Indole,
978 680 1397 735 convenientem
1430 681 1508 736 eis
1549 695 1737 734 curam
1783 681 2037 735 adhibuit
2082 681 2304 735 sedulo-

722 791 831 843 que
886 772 1189 842 prospexit,
1244 772 1391 842 larga
1450 771 1923 841 eleemosvnarutn
1987 772 2308 841 praebitione

725 867 887 921 famis
927 865 1277 934 indigentiam
1298 865 1503 917 solans.
1540 863 1857 917 Portieuum
1881 878 2100 934 quoque
2131 863 2306 930 spatia

726 958 983 1013 fenestris
1015 972 1079 1011 ac
1120 948 1379 1010 tabulatis
1426 956 1727 1019 obstruxit,
1766 971 1834 1009 ne
1860 971 1953 1024 per
1987 971 2050 1008 ea
2083 956 2176 1009 nix
2209 954 2308 1008 fri-

726 1065 940 1121 gusque
978 1051 1031 1103 in
1070 1062 1339 1116 pauperes
1366 1047 1534 1119 418
1567 1058 1968 1116 grassarentur.
1998 1047 2137 1101 Tum
2167 1061 2309 1115 quo-

728 1157 837 1210 que
874 1156 968 1196 eas
1009 1156 1148 1209 quas
1189 1140 1404 1193 arculas
1440 1149 1633 1193 vocant
1664 1139 1717 1191 in
1747 1141 1962 1192 cunctis
2009 1139 2311 1208 porticibus

729 1232 1072 1295 construxit;
1108 1246 1504 1299 nummumque
1530 1241 1847 1299 argenteum
1866 1229 2177 1298 jacentibus
2200 1229 2312 1283 illic

731 1325 921 1396 cgenis
965 1334 1101 1392 quot
1148 1324 1435 1378 mensibus
1462 1322 1676 1389 erogari
1714 1322 1989 1390 praecepit,
2034 1328 2310 1375 menstrua

740 1431 962 1485 quoque
1027 1414 1258 1467 trimisia
1313 1430 1408 1482 per
1456 1412 1717 1467 ecclesias
1762 1411 2094 1481 pauperibus
2151 1410 2316 1479 jussit

735 1508 1015 1573 distribui,
1072 1507 1211 1561 adeo
1255 1516 1313 1561 ut
1366 1522 1488 1575 quae
1534 1520 1627 1563 per
1684 1506 1899 1559 arculas
1952 1517 2006 1558 et
2054 1503 2316 1559 ecclesias

738 1600 1109 1670 erogabantur
1140 1600 1348 1669 argenti
1395 1597 1512 1651 cusi
1541 1597 1896 1662 numismata,
1925 1596 1993 1650 ad
2026 1596 2315 1650 duodecim

738 1693 908 1747 millia
946 1700 1383 1746 numerarentur.
1409 1688 1597 1760 Neque
1632 1690 1750 1745 hate
1786 1690 1964 1743 solum
2004 1689 2318 1743 misericor-

740 1785 829 1847 dia
854 1798 1061 1853 pronus
1089 1783 1209 1846 eius
1231 1783 1447 1836 animus
1476 1797 1890 1852 pauperumque
1921 1780 2165 1835 liberalis
2190 1795 2314 1849 pro-

2411 591 2502 654 νδς
2548 595 2648 660 τὴν
2703 591 2976 661 ἀφόρητον
3022 590 3239 658 ἐκείνην
3280 589 3401 658 βίαν
3443 590 3790 658 κατανοήσας
3833 587 3991 652 ἀξίαν

2411 684 2510 752 τῆς
2542 682 2737 736 ἐαυτοῦ
2775 681 3099 752 συμπαθοῦς
3134 683 3228 734 καὶ
3256 681 3550 750 ἐλεήμονος
3596 681 3815 747 φύσεως
3861 680 3995 749 πρό-

2413 793 2561 829 νοιαν
2613 777 2929 846 ἐποιήσατο,
2990 773 3073 845 [Ρ.
3129 773 3258 844 259]
3323 773 3547 836 πολλαῖς
3603 771 3997 841 ἐλεημοσύναις

2413 870 2513 937 τὴν
2543 869 2606 919 ἐκ
2633 867 2729 920 τοῦ
2776 867 2935 936 λιμοῦ
2998 865 3537 936 παραμυθησάμενος
3580 862 3789 915 ἔνδειαν
3816 878 3829 890 ·
3897 861 3996 912 άν-

2416 959 2653 1030 ἐφραξέν
2675 950 2740 1011 τε
2766 959 2949 1026 θυρίσι
2967 959 3079 1011 καὶ
3110 957 3447 1026 σανιδὼμασι
3472 957 3572 1018 τάς
3586 954 3696 1007 τῶν
3750 952 4001 1021 ἐμϐόλων

2419 1051 2598 1115 στοάς,
2628 1052 2704 1115 ὡς
2735 1052 2808 1122 μὴ
2832 1054 2930 1119 τὴν
2955 1053 3109 1120 χιόνα
3135 1051 3229 1103 καὶ
3256 1050 3320 1102 τὸ
3358 1048 3529 1118 ψῦχος
3582 1047 3795 1100 ἐκεῖθεν
3819 1049 3999 1098 ἐπεισ-

2421 1144 2558 1196 ιέναι
2587 1146 2699 1206 τοῖς
2728 1144 2944 1209 πένησι.
2985 1142 3117 1194 Τότε
3145 1142 3239 1194 καὶ
3262 1139 3360 1202 τὰς
3384 1138 3683 1209 λεγομένας
3709 1136 3918 1207 άρκλας
3940 1137 4000 1186 ἐν

2418 1236 2555 1288 πᾶσι
2588 1235 2964 1288 κατεσκεύασε
3002 1236 3117 1294 τοῖς
3163 1232 3439 1303 ἐμϐόλοις,
3492 1229 3731 1302 ἀργύριά
3766 1246 3825 1281 τε
3857 1228 4002 1280 κατὰ

2424 1330 2569 1398 μῆνα
2602 1330 2718 1390 τοῖς
2755 1328 2815 1381 ἐν
2842 1327 3071 1391 ταύταις
3092 1326 3517 1395 κατακειμένοις
3541 1324 3734 1391 πένησι
3761 1320 3999 1374 δίδοσθαι

2418 1419 2700 1483 διετάξατο
2751 1420 2845 1472 καὶ
2883 1419 2953 1472 τά
3014 1421 3239 1487 μηνιαῖα
3275 1417 3526 1487 τριμίσια
3555 1415 3613 1467 ἐν
3648 1417 3767 1475 ταῖς
3802 1413 4003 1481 ἐκκλη-

2423 1510 2570 1571 σίαις
2608 1514 2723 1572 τοῖς
2762 1510 2962 1581 πένησι
3023 1509 3398 1579 διανέμεσθαι,
3447 1507 3523 1570 ὡς
3575 1502 3714 1559 εἶναι
3764 1504 3836 1556 τά
3867 1503 4006 1555 διδό-

2428 1618 2565 1672 μενα
2596 1604 2709 1663 τοῖς
2742 1619 2800 1654 τε
2857 1603 2915 1654 ὲν
2961 1605 3082 1663 ταῖς
3132 1601 3361 1672 άρκλαις
3390 1601 3626 1668 πτωχοῖς
3657 1597 3753 1649 καὶ
3803 1599 3919 1656 τοῖς
3949 1599 4005 1646 ἐν

2421 1696 2545 1755 ταῖς
2575 1692 2896 1759 ἐκκλησίαις
2949 1692 3193 1762 ἀργύρου
3223 1688 3710 1759 ἐγκεχαραγμένου
3763 1686 4009 1755 χιλιάδας

2425 1784 2655 1838 δώδεκα.
2719 1785 2796 1836 Οὐ
2857 1784 3017 1852 μόνον
3068 1783 3124 1835 δὲ
3185 1783 3360 1835 ταῦτα
3413 1785 3448 1852 ἡ
3510 1779 3801 1849 συμπαθὴς
3838 1776 4008 1831 αύτοῦ

742 1874 890 1929 visor
919 1874 1023 1929 sibi
1060 1875 1181 1943 ipse
1209 1875 1522 1934 constituit.
1552 1873 1644 1926 sed
1681 1872 1895 1925 abunde
1921 1882 2030 1925 tres
2070 1871 2315 1939 quotidie

2435 1865 2564 1945 μυχῆ
2604 1874 2944 1929 διετύπωσεν
2971 1875 3081 1928 τῶν
3118 1875 3367 1943 πενήτων
3416 1873 3814 1943 προνοουμένη,
3867 1869 4007 1923 ἀλλὰ

744 1982 1012 2035 pauperes
1043 1981 1229 2021 secum
1264 1964 1550 2020 comedere
1592 1964 1785 2028 voluit,
1835 1964 2036 2033 quibus
2087 1964 2318 2033 singulis

742 2058 1100 2129 eleemosyna:
1134 2058 1298 2111 titulo
1326 2072 1585 2111 nummus
1614 2056 1853 2111 cederet.
1891 2055 2096 2121 Quarta
2131 2064 2313 2109 autem

747 2144 882 2203 feria
936 2164 999 2203 ac
1034 2163 1326 2216 parasceve
1363 2157 1475 2202 tres
1513 2162 1715 2215 egenos
1768 2147 2070 2200 monachos
2121 2160 2324 2200 mensa:

748 2240 929 2295 socios
955 2239 1271 2302 adhibebat,
1311 2239 1512 2308 quibus
1538 2238 1767 2306 singulis
1784 2238 2144 2292 constitutum
2162 2252 2324 2291 num-

751 2347 903 2385 mum
937 2334 1216 2401 erogabat.
1254 2332 1519 2399 Quodque
1560 2330 1612 2383 in
1648 2329 2000 2383 monasteriis
2043 2330 2322 2385 observari

755 2424 915 2487 solet,
965 2432 1023 2476 ut
1056 2423 1197 2477 inter
1243 2422 1641 2476 comedendum
1681 2420 1843 2475 lectio
1885 2421 2170 2483 habeatur,
2221 2419 2327 2473 hoc

755 2514 846 2569 ille
881 2513 1197 2583 praestabat,
1236 2512 1338 2567 sibi
1362 2511 1479 2581 ipse
1527 2526 1593 2566 ac
1639 2511 1887 2566 convivis
1928 2511 2198 2578 duplicem
2233 2526 2331 2580 ap-

753 2622 966 2676 ponens
999 2622 1267 2670 mensam,
1302 2618 1361 2660 ut
1403 2616 1515 2659 tum
1546 2618 1747 2674 corpus
1781 2613 2046 2659 consueto
2076 2604 2200 2659 cibo
2221 2603 2331 2658 ale-

760 2706 935 2760 retur,
974 2706 1089 2750 tum
1116 2697 1297 2750 anima
1339 2696 1721 2751 doctrinarum
1752 2696 2038 2765 voluptate
2072 2696 2331 2763 voblecta-

759 2799 927 2846 retur.
968 2790 1182 2856 Quibus
1211 2790 1304 2845 ille
1362 2790 1657 2860 diligenter
1710 2789 2008 2843 attendens,
2059 2788 2328 2851 animum,

758 2882 1230 2951 compungebatur
1269 2895 1334 2935 ac
1374 2879 1737 2945 lacrymarum
1776 2879 1925 2948 large
1950 2877 2128 2932 fontes
2172 2877 2334 2933 emit-

762 2974 933 3028 tebat.
998 2971 1132 3042 Ejus
1198 2987 1329 3025 vero
1394 2971 1554 3025 ﬁdem
1609 2985 1736 3039 erga
1799 2968 2124 3032 monachos,
2192 2983 2334 3038 quos

758 3064 1060 3134 praesertim
1119 3061 1384 3116 sanctitas
1431 3070 1485 3115 et
1528 3059 1719 3129 religio
1772 3057 1952 3112 claros
2002 3056 2332 3120 reddiderat,

759 3164 967 3226 quanta
999 3154 1185 3213 fuerit,
1217 3155 1343 3223 quis
1378 3150 1551 3222 possit
1596 3150 1893 3205 enarrare?
1932 3150 2134 3202 Eorum
2173 3164 2333 3203 nemo

761 3251 813 3303 iu
862 3257 1217 3316 conspectum
1275 3245 1547 3309 veniebat,
1601 3243 1826 3299 sedulus
1873 3242 2095 3295 virtutis
2135 3242 2330 3305 cultor,

762 3338 853 3394 cui
883 3347 1038 3391 actus
1071 3351 1203 3390 suos
1226 3351 1349 3391 cum
1385 3334 1573 3388 multis
1601 3333 1859 3403 lacrymis
1881 3348 1991 3387 non
2018 3342 2332 3401 exponeret.

762 3431 903 3486 Cum
944 3438 1125 3484 autem
1196 3428 1301 3483 tide
1340 3426 1730 3481 devotissimus
1778 3439 1843 3479 ac
1898 3439 2109 3479 summe
2148 3423 2336 3478 ortho-

763 3522 942 3576 doxus
966 3529 1132 3585 esset,
1166 3518 1319 3573 urbis
1352 3532 1544 3572 omnes
1565 3516 1824 3572 ecclesias
1871 3516 2209 3584 sumptuosis
2237 3530 2336 3567 au—

764 3612 880 3667 laeis
934 3624 1333 3679 cereorumque
1384 3617 1437 3661 et
1488 3606 1801 3676 lampadem
1866 3605 2018 3674 copia
2082 3605 2338 3673 przeclare

766 3704 1073 3759 exornavit.
1138 3702 1241 3755 Sed
1296 3708 1351 3755 et
1402 3701 1691 3755 monachis
1752 3700 1806 3752 in
1859 3698 2162 3760 montibus,
2223 3707 2337 3749 tum

766 3811 961 3866 nempe
993 3794 1223 3865 Olympo
1248 3802 1361 3848 tum
1396 3792 1625 3863 Cymina
1650 3802 1703 3847 et
1728 3806 1889 3861 quem
1927 3797 2127 3844 vocant
2169 3788 2337 3860 (.19

767 3887 977 3943 Petram
1003 3886 1238 3941 Auream
1267 3894 1320 3939 et
1350 3884 1661 3950 Barachaeo,
1694 3899 1975 3953 nunquam
2002 3882 2210 3937 destitit
2242 3898 2339 3935 au-

767 3996 872 4035 nua
907 3978 1176 4048 stipendia
1216 3978 1437 4032 mittere
1469 3992 1770 4047 eorumque
1799 3990 1887 4031 res
1932 3990 2131 4030 curare
2166 3989 2230 4028 ac
2259 3975 2339 4028 eis

766 4072 1075 4143 providere,
1106 4069 1310 4138 quique
1342 4068 1480 4122 inter
1520 4068 1645 4123 illos
1675 4066 1909 4122 actionis
1939 4066 2087 4121 cultu
2119 4080 2183 4118 ac
2210 4080 2340 4117 cou-

772 4161 1142 4232 templationis
1202 4160 1532 4228 spectabiles
1586 4168 1796 4221 essent,
1850 4157 1915 4211 ad
1963 4172 2022 4212 se
2062 4170 2345 4210 accersere

766 4268 1067 4323 eorumque
1091 4268 1313 4322 precum
1347 4251 1605 4317 suffragia
1632 4250 1928 4320 percipere.
1952 4247 2063 4303 Nec
2082 4248 2132 4302 id
2158 4249 2340 4309 modo,

769 4347 861 4402 sed
895 4355 948 4400 et
974 4346 1228 4414 religiosa
1256 4342 1652 4398 exercitatione
1678 4341 1923 4404 inclusis,
1950 4350 2004 4396 et
2036 4341 2131 4409 qui
2163 4354 2222 4393 se
2252 4355 2347 4391 an-

769 4437 1106 4509 gustissimis
1161 4435 1454 4505 tuguriolis
1511 4434 1656 4489 velut
1702 4447 1924 4489 carcere
1982 4431 2342 4494 abdidissent,

2420 1967 2514 2020 καὶ
2555 1966 2678 2020 καθ’
2728 1968 2944 2037 ἡμέραν
2992 1967 3143 2038 αὐτῷ
3195 1969 3346 2037 τρεῖς
3403 1965 3706 2019 συνεσθίειν
3765 1963 4009 2032 πένητας

2419 2059 2722 2123 διετάξατο,
2751 2059 2801 2111 οἳ
2832 2059 2936 2112 άνὰ
2964 2060 3022 2113 ἒν
3052 2059 3360 2129 ἐλάμϐανον
3385 2058 3651 2127 νόμισμα.
3685 2055 3918 2126 Τετράδι
3950 2054 4008 2105 δὲ

2422 2152 2520 2204 καὶ
2550 2154 2878 2221 παρασκευῇ
2908 2153 3057 2219 τρεῖς
3097 2151 3332 2220 πένητες
3388 2150 3613 2219 μοναχοὶ
3656 2146 3833 2217 τούτῳ
3879 2163 4008 2199 συν-

2423 2241 2637 2313 ήσθιον,
2675 2242 2738 2295 τὸ
2776 2244 3160 2311 τετυπωμένον
3218 2243 3437 2296 ἕκαστοι
3495 2240 3867 2308 λαμϐάνοντες
3919 2239 4010 2290 νό-

2429 2350 2628 2403 μισμα.
2668 2334 2850 2403 Ὅπερ
2880 2332 2937 2385 δὲ
2971 2334 3029 2385 ὲν
3073 2336 3186 2395 τοῖς
3239 2331 3623 2402 μοναστηρίοις
3674 2330 3867 2383 εἴωθεν
3923 2330 4009 2395 γί-

2426 2424 2615 2479 νεσθαι
2674 2426 2732 2477 ἐν
2782 2425 2859 2494 τῷ
2926 2425 3105 2494 καιρῷ
3167 2425 3271 2478 ἀνὰ
3320 2428 3418 2494 τῆς
3482 2423 3797 2485 ἑστιάσεως,
3851 2420 4014 2473 τοῦτο

2428 2518 2593 2581 αὐτὸς
2626 2518 2824 2582 ἐποίει,
2855 2518 3052 2584 διπλῆν
3085 2517 3263 2585 ἐαυτῷ
3296 2517 3391 2569 καὶ
3432 2517 3544 2579 τοῖς
3577 2514 3868 2584 δαιτυμόσι
3911 2513 4013 2581 τὴν

2427 2609 2709 2679 τράπεζαν
2738 2608 3085 2679 παρατιθεὶς,
3120 2608 3261 2661 ὥστε
3297 2608 3357 2659 τὸ
3392 2607 3491 2678 μὲν
3520 2606 3680 2676 σῶμα
3709 2604 4012 2675 τρέφεσθαι

2428 2704 2495 2771 τῇ
2530 2702 2751 2772 συνήθει
2774 2704 2971 2773 τροφῇ,
2998 2705 3063 2772 τῇ
3086 2702 3143 2753 δὲ
3168 2700 3316 2771 ψυχῇ
3348 2698 3673 2769 καταλλήλῳ
3694 2697 3805 2749 τῶν
3835 2696 4015 2763 λόγων

2432 2795 2779 2865 ἐπεντρυφᾷν
2815 2794 3000 2864 ἡδονῇ,
3029 2787 3111 2856 οἷς
3139 2794 3345 2855 ἐκεῖνος
3400 2790 3675 2860 ἐπιμελῶς
3726 2788 4017 2858 προσέχων

2432 2886 2524 2939 τὸν
2566 2884 2692 2939 νοῦν
2736 2885 3037 2939 κατένυσσε
3069 2885 3167 2954 τὴν
3204 2885 3381 2954 ψυχὴν
3409 2884 3503 2936 καὶ
3526 2880 3726 2942 πολλὰς
3759 2878 4018 2949 δακρύων

2433 2978 2581 3047 ἠφίει
2640 2977 2843 3046 πηγάς.
2898 2976 3009 3046 Τὴν
3039 2976 3095 3028 δὲ
3149 2975 3330 3027 πίστιν
3374 2976 3507 3043 ὅσην
3562 2973 3827 3040 ἐκέκτητο
3877 2970 4017 3039 πρὸς

2435 3072 2645 3133 πάντας
2708 3070 2807 3140 μὲν
2867 3070 3157 3139 μοναχοὺς,
3217 3068 3453 3138 μάλιστα
3481 3065 3537 3118 δὲ
3568 3065 3695 3127 τοὺς
3729 3064 3816 3114 ἐπ’
3852 3062 4019 3130 ἁγιω-

2440 3163 2575 3234 σύνῃ
2611 3162 2929 3233 διαϐοήτους
2982 3161 3078 3215 καὶ
3110 3160 3384 3230 εὐλαϐείᾳ,
3414 3159 3495 3221 τίς
3526 3158 3592 3211 ἂν
3654 3156 4018 3223 διηγήσαιτο;

2439 3256 2554 3308 Οὐκ
2581 3255 2842 3307 ἐθεάσατο
2857 3254 2968 3324 γάρ
2991 3270 3121 3305 ποτε
3150 3253 3384 3321 μοναχὸν
3409 3251 3612 3321 ἀρετῆς
3632 3247 4019 3316 ἀντεχόμενον,

2438 3341 2589 3415 ᾧτινι
2616 3349 2715 3410 τὰς
2744 3347 2939 3401 ἑαυτοῦ
2972 3346 3197 3415 πράξεις
3238 3346 3335 3396 σὺν
3377 3343 3589 3404 πολλοῖς
3626 3341 3895 3407 δάκρυσιν
3924 3340 4023 3390 οὐκ

2439 3436 2755 3507 ἐξηγόρευε.
2822 3437 3151 3495 Πιστότατος
3208 3436 3264 3489 δὲ
3318 3434 3394 3485 ὢν
3448 3434 3541 3485 καὶ
3607 3428 4024 3502 ὀρθοδοξότατος

2439 3531 2615 3590 πάσας
2644 3530 2742 3593 τὰς
2767 3529 2867 3599 τῆς
2912 3529 3119 3590 πόλεως
3163 3526 3457 3597 ἐκκλησίας
3485 3523 3712 3585 πέπλοις
3736 3521 4025 3589 διαφανέσι

2440 3622 2534 3674 καὶ
2596 3622 2981 3689 φωταγωγίαις
3050 3620 3324 3688 λαμπρῶς
3367 3617 3702 3686 κατεκόσμει
3748 3615 3842 3667 καὶ
3894 3628 4029 3665 κατ-

2441 3713 2783 3782 εφαίδρυνεν.
2832 3712 2992 3765 Ἀλλὰ
3028 3713 3122 3765 καὶ
3157 3713 3271 3773 τοῖς
3327 3711 3385 3762 ἐν
3437 3710 3588 3775 δρεσι
3628 3707 3907 3776 μοναχοῖς,
3947 3703 4033 3769 τῷ

2441 3822 2499 3858 τε
2549 3804 2808 3874 Ὀλύμπῳ
2846 3805 2941 3857 καὶ
2982 3803 3059 3872 τῷ
3087 3803 3303 3872 Κομινᾷ
3335 3801 3431 3854 καὶ
3462 3802 3528 3869 τῇ
3561 3800 3752 3868 Χρυσῇ
3794 3810 4025 3849 κατονο-

2444 3896 2726 3967 μαζομένῃ
2763 3898 2944 3966 Πέτρᾳ
3001 3896 3097 3949 καὶ
3140 3894 3233 3947 τοῦ
3282 3892 3595 3962 Βαραχαίου
3646 3890 3785 3959 ὄρει,
3822 3888 3886 3940 οὗ
3949 3886 4037 3937 δι-

2443 3987 2630 4041 έλιπεν
2658 3988 2890 4058 ἐτησίως
2935 3986 3101 4057 ῥόγας
3149 3983 3554 4050 ὲξαποστέλλων
3598 3982 3692 4035 καὶ
3721 3978 4037 4049 φροντίζων

2442 4079 2649 4133 τούτων
2674 4082 2769 4132 καὶ
2795 4080 3216 4150 προνοούμενος,
3253 4077 3346 4131 καὶ
3386 4078 3513 4137 τοὺς
3551 4072 3886 4141 ὀνομαστοὺς
3931 4070 4034 4122 ἐπὶ

2444 4173 2641 4242 πράξει
2697 4173 2791 4224 καὶ
2834 4171 3038 4241 θεωρίᾳ
3091 4167 3567 4239 μετακαλούμενος
3607 4165 3683 4228 ὼς
3711 4162 3902 4223 αὑτὸν,
3933 4163 4038 4214 καὶ

2444 4267 2553 4319 τῶν
2585 4264 2760 4335 εὐχῶν
2795 4262 2972 4317 αὐτῶν
3002 4263 3100 4323 τάς
3136 4261 3387 4328 εὐλογίας
3429 4256 3667 4327 τρυγῶν.
3728 4254 3803 4307 Οὐ
3864 4253 4039 4323 μόνον

2446 4359 2524 4424 δὲ,
2555 4358 2688 4412 ἀλλὰ
2723 4356 2814 4409 καὶ
2845 4358 2958 4417 τοῖς
3002 4354 3091 4407 διὰ
3116 4354 3250 4407 Θεὸν
3304 4352 3643 4417 ἐγκλείστοις
3688 4348 3781 4402 καὶ
3826 4364 4040 4399 στενω-

2447 4454 2629 4511 τάτοις
2652 4450 2918 4511 οἰκίσκοις
2951 4446 3268 4516 καθείρξασι
3298 4446 3392 4498 καὶ
3422 4445 3555 4497 πᾶσι
3599 4444 3712 4504 τοῖς
3754 4455 4039 4510 μοναστη-

770 4530 1009 4584 cunctis’
1031 4527 1268 4602 denique
1299 4526 1647 4581 monasteriis
1671 4533 1902 4579 statutas
1932 4537 2180 4577 annonas
2217 4523 2331 4576 sub-

2456 4545 2590 4616 ρίοις
2623 4542 2722 4604 τὰς
2760 4540 3008 4610 ἐτησίους
3058 4540 3244 4609 ρόγας,
3284 4536 3351 4598 ἃς
3408 4534 3763 4593 διετύπωσεν,
3817 4531 3881 4583 ού
3952 4530 4042 4582 δι-

772 4621 1090 4678 ministrare
1154 4633 1263 4672 non
1328 4618 1596 4672 cessabat.
1657 4618 1786 4671 Haec
1836 4616 1984 4670 velut
2038 4630 2102 4668 ex
2160 4614 2331 4668 inulti:

2447 4614 2633 4688 έλιπεν
2662 4629 3026 4700 ἐπιχορηγῶν,
3060 4625 3243 4678 Ταῦτα
3282 4625 3359 4688 ὡς
3402 4625 3466 4675 ἐκ
3495 4620 3706 4674 πολλῶν
3734 4618 3893 4682 ὀλίγα
3924 4617 4045 4667 τῶν

772 4728 978 4785 paucas
1046 4712 1147 4765 viri
1222 4710 1454 4765 virtutes
1520 4709 2007 4779 eleemosynasque
2072 4706 2348 4776 percurri-

772 4818 916 4859 mus.

842 4894 935 4949 28.
972 4893 1133 4947 Petro
1183 4892 1543 4963 Bulgarurum
1602 4892 1839 4963 principi
1893 4892 2133 4948 Joannes
2181 4893 2350 4947 frater

777 5000 905 5039 cum
961 4984 1086 5039 aliis
1144 4982 1431 5054 Symemiis
1487 4986 1819 5053 proceribus.
1857 4986 2054 5039 struxit
2104 4985 2349 5039 insidias.

777 5078 1146 5147 Deprehensis
1181 5078 1309 5139 illis,
1341 5076 1581 5132 Joannes
1612 5079 1832 5146 quidem
1866 5078 2050 5148 ﬂagris
2089 5080 2350 5134 emenda-

758 5178 868 5244 tus
891 5170 945 5224 in
975 5184 1199 5224 carcere
1231 5169 1549 5233 includitur,
1581 5170 1773 5239 reliqui
1815 5171 2030 5226 acerbis
2064 5171 2350 5241 suppliciis

778 5262 992 5318 subacti
1028 5271 1177 5317 sunt.
1216 5260 1423 5315 Horum
1470 5261 1756 5317 Romanus
1802 5263 2101 5333 imperator
2130 5280 2160 5317 a
2194 5264 2354 5319 Petro

779 5354 979 5409 certior
1001 5353 1201 5418 factus,
1221 5351 1486 5408 Joannem
1516 5355 1847 5408 monachum
1882 5354 2027 5424 (eum
2059 5356 2148 5425 qui
2176 5367 2355 5409 rector

780 5445 1102 5514 exstiterat)
1166 5445 1355 5507 mittit,
1412 5454 1682 5513 praetextu
1758 5447 1976 5515 quidem
2053 5448 2354 5501 redimendi

780 5537 1045 5607 captivos,
1082 5552 1141 5592 re
1168 5538 1286 5606 ipsa
1334 5553 1461 5593 vero
1500 5548 1558 5592 ut
1597 5537 1861 5593 Joannem
1888 5549 2104 5608 caperet
2150 5551 2202 5594 et
2252 5540 2356 5609 By-

781 5631 1024 5687 zantium
1050 5630 1305 5697 duceret;
1346 5632 1492 5700 quod
1519 5642 1573 5687 et
1605 5633 1679 5687 ita
1709 5634 1960 5703 contigit.
2003 5631 2119 5688 Una
2154 5637 2357 5705 quippe

780 5736 908 5777 cum
940 5722 1152 5779 Joanne
1182 5727 1365 5778 navim
1401 5726 1709 5794 ingressus,
1748 5742 1780 5781 a
1812 5726 2137 5782 Mesembria
2174 5729 2225 5781 in
2264 5744 2355 5783 ur-

784 5822 907 5873 bem
939 5815 1155 5873 delatus
1178 5825 1283 5872 est.
1321 5815 1432 5872 Nec
1461 5818 1635 5874 multo
1663 5826 1785 5888 post
1820 5817 2066 5888 projecto
2098 5819 2352 5875 monachi

2451 4725 2617 4781 αὑτοῦ
2650 4722 3096 4792 κατορθωμάτων
3129 4719 3220 4771 κα)⁸
3245 4711 3627 4785 ἐλεημοσυνῶν
3655 4707 4042 4779 διεξήλθομεν.

2523 4902 2609 4976 [Ρ.
2652 4900 2783 4972 260]
2834 4898 2944 4970 κη’.
2979 4897 3170 4967 Πέτρῳ
3225 4896 3282 4948 δὲ
3329 4893 3408 4963 τῷ
3448 4889 3744 4958 Βουλγάρῳ
3801 4883 4049 4937 ἐπέθετο

2466 4995 2715 5064 Ἰωάννης
2750 4996 2777 5045 ὁ
2810 4991 3038 5059 ἀδελφὸς
3071 4987 3235 5041 αὑτοῦ
3287 4986 3427 5055 μετὰ
3486 4983 3583 5036 καὶ
3627 4980 3832 5048 ἐτέρων
3878 4993 4049 5045 μεγι-

2454 5088 2665 5160 στάνων
2694 5086 2789 5140 τοῦ
2820 5082 3045 5154 Συμεών
3074 5098 3087 5112 ·
3127 5081 3224 5134 καὶ
3272 5077 3633 5148 φωραθέντων
3664 5070 3848 5125 αὐτῶν
3876 5072 3906 5122 ὁ
3941 5072 4049 5137 μὲν

2467 5180 2718 5248 Ἰωάννης
2755 5176 3018 5229 τύπτεται
3072 5174 3167 5227 καὶ
3227 5170 3536 5238 ἐγκλείεται
3586 5164 3829 5233 φυλακῇ,
3886 5162 3942 5214 οἱ
3990 5161 4052 5212 δὲ

2455 5274 2633 5326 λοιποὶ
2660 5270 2956 5339 τιμωρίαις
2990 5268 3050 5319 οὐ
3096 5268 3216 5327 ταῖς
3272 5262 3561 5332 τυχούσαις
3615 5255 4049 5309 ὑποϐάλλονται.

2458 5363 2644 5415 Ταῦτα
2678 5361 2735 5414 δὲ
2764 5358 2900 5429 δῆλα
2927 5360 3135 5427 Πέτρου
3183 5354 3509 5423 ποιήσαντος
3540 5348 3617 5416 τῷ
3650 5345 3865 5416 βασιλεῖ
3906 5343 4055 5394 Ῥω-

2461 5453 2637 5523 μανῷ,
2669 5449 2987 5504 ἀπέστειλεν
3017 5450 3045 5499 ὁ
3073 5446 3326 5517 βασιλεὺς
3359 5444 3451 5495 τὸν
3486 5440 3717 5510 μοναχὸν
3758 5436 4053 5501 Ἰωάννη-ι.

2457 5547 2514 5610 ὃς
2537 5545 2781 5612 ἐγεγόνει
2820 5543 3085 5613 ραίκτωρ,
3130 5538 3401 5609 προφάσει
3452 5536 3549 5603 μὲν
3584 5531 3678 5584 τοῦ
3711 5531 3943 5597 ποιῆσαι
3992 5529 4055 5576 τ’,

2460 5638 2717 5705 ἀλλάγιον
2744 5636 2854 5688 τῶν
2886 5631 3274 5704 κρατουμένων
3298 5625 3684 5697 αἰχμαλώτων,
3714 5623 3781 5690 τῇ
3810 5618 4057 5688 ἀληθεία

2459 5730 2515 5783 δὲ
2551 5730 2803 5799 Ἰωάννην
2852 5724 3147 5794 κατασχεῖν
3198 5721 3290 5773 καὶ
3355 5721 3412 5771 ἐν
3468 5712 4057 5770 Κωνσταντινονπάλει

2461 5823 2714 5891 ἀγαγεῖν.
2758 5820 2823 5872 ‘0
2851 5817 2915 5888 δὴ
2971 5818 3064 5869 καὶ
3127 5824 3392 5885 γέγονεν’
3448 5804 3707 5861 εἰσελθὼν
3764 5806 3873 5871 γὰρ
3934 5802 4062 5871 ἃμα
