4154 6450
137 397 231 455 43ἲ
1118 395 1267 457 LIB.
1308 396 1407 456 Vl.
1440 420 1507 431 --
1546 393 1913 454 ROMANUS
1936 390 2395 453 LACAPENUS.
3090 388 3103 405 ¹
3280 388 3382 450 438

146 514 371 581 Ἰωάννῃ
419 512 499 574 είς
543 509 729 563 πλοῖον
773 510 882 564 ἀπὸ
911 509 1277 580 Μεσημϐρίας
1325 506 1489 581 ἦλθεν
1541 511 1599 563 ὲν
1648 512 1703 579 τῇ

1822 508 2031 571 habitu,
2066 522 2190 562 cum
2227 504 2416 561 uxoris
2457 501 2739 573 amplexus
2765 512 3058 575 quaereret,
3090 504 3389 573 imperator

140 603 309 656 πόλει.
336 566 449 656 ἰαὶ
479 566 597 673 μετ’
625 603 690 655 οὐ
741 602 873 655 πολὺ
904 566 1094 655 τούτόυ
1124 566 1182 654 ab
1216 566 1503 673 μοναχικδν
1530 566 1703 671 σχῆμα

1815 600 1891 653 illi
1920 566 2064 653 aedes
2103 596 2405 665 assignavit
2438 597 2723 665 multaque
2754 594 2983 649 omnino
3018 594 3218 662 prmdia
3243 608 3384 649 cen—

141 694 545 766 ἀπορρίψαντος
589 697 685 749 καὶ
711 698 943 764 γυναῖκα
993 695 1445 766 ἐπιζητήσαντος,
1480 695 1703 750 δέδωκεν

1816 693 1960 757 tulit,
1993 706 2171 761 exque
2197 707 2297 747 sua
2330 691 2507 761 ipsius
2532 689 2992 745 Armeniaeorum
3029 689 3207 760 patria
3247 703 3382 744 eon-

140 788 284 856 αὐτῷ
330 790 359 840 ό
400 787 653 857 βασιλεὺς
676 783 824 841 οἶκον
848 788 940 840 καὶ
971 787 1227 857 κτήματα
1277 788 1569 858 πάμπολλα
1618 788 1703 841 καὶ

1807 784 1993 854 jugem
2026 785 2075 839 ei
2103 783 2321 847 locavit,
2352 792 2514 852 atque
2532 782 2586 835 in
2612 781 2849 836 Caesaris
2867 781 3029 836 domo
3054 781 3383 851 praemagni-

137 882 371 941 γυναῖκα
403 880 470 932 ἐκ
520 879 621 948 τῆς
651 877 844 932 ἑαυτοῦ
881 880 1138 948 πατρίδος
1160 880 1258 948 τῆς
1280 879 1387 933 τῶν
1422 882 1703 950 Ἀρμενιαε

1813 878 1942 931 ticas
1963 878 2182 947 nuptias
2213 875 2363 938 fecit,
2391 874 2712 930 ductoribus
2746 886 2965 945 sponsa:
2994 869 3385 943 Christophoru

139 969 242 1020 κῶν
264 970 623 1041 ὁρμωμένην,
652 970 830 1039 γάμον
857 987 916 1023 τε
944 972 1199 1041 λαμπρὸν
1224 974 1280 1024 ὲν
1320 975 1385 1043 τῇ
1426 972 1520 1025 τοῦ
1570 974 1702 1026 Καί-

139 1079 299 1132 σαρος
355 1063 503 1134 οἰκία
549 1066 869 1131 πεποίηκεν,
900 1064 1275 1135 Χριστοφόρου
1307 1065 1568 1134 βασιλέως
1617 1068 1713 1121 καὶ

147 1154 395 1209 Ἰωάννου
452 1154 697 1226 μοιαχοῦ
740 1155 833 1209 τοῦ
881 1156 1168 1227 γεγονότος
1207 1158 1493 1229 ραίκτορος
1528 1177 1708 1229 παρα-

135 1246 585 1314 νυμφευσάντων.

201 1336 302 1390 κθ’.
369 1337 533 1391 Ἀλλὰ
572 1338 667 1391 καὶ
698 1338 917 1408 Μιχαὴλ
951 1342 1205 1409 μοναχος,
1237 1340 1400 1403 αὐτὸς
1428 1344 1456 1396 ό
1482 1344 1709 1414 ἁδελφὸς

136 1427 365 1497 Πέτρου,
395 1428 541 1481 κατὰ
600 1430 835 1499 σπουδῆς
862 1430 1002 1499 ἔχων
1030 1432 1129 1502 τῆς
1156 1433 1525 1505 Βουλγαρικῆς
1556 1438 1712 1502 ὲξουο

136 1520 251 1580 σίας
277 1520 661 1585 ἐπιλαϐέσθαι,
697 1522 1091 1578 ίδιοστασίασεν
1127 1525 1185 1578 ἐν
1218 1544 1323 1580 τινι
1355 1528 1708 1601 Βουλγαρικῷ

136 1613 358 1680 καστρῳ
391 1628 405 1641 ·
450 1611 545 1664 καὶ⁵
574 1613 748 1681 τούτῳ
783 1616 1202 1686 προσερριὲησαν
1245 1620 1294 1670 οἱ
1342 1621 1442 1688 τῆς
1499 1625 1706 1693 Πέτρου

135 1700 305 1770 ἀρχῆς
340 1702 690 1772 διεστηκότες
741 1705 966 1761 Σκύθαι.
1020 1702 1095 1760 Οὗ
1151 1709 1291 1777 μετὰ
1336 1710 1433 1779 τὴν
1460 1712 1552 1765 τοῦ
1590 1713 1706 1783 βίου

134 1787 516 1859 καταστροφὴν
536 1790 770 1860 ἐπῆλθον
790 1786 936 1847 οὗτοι
964 1797 1083 1858 ταῖς
1123 1797 1454 1867 Ῥωμαϊκαῖς
1478 1801 1705 1872 χώραις,

1811 969 2147 1038 imperatore
2178 984 2241 1024 ac
2276 967 2488 1025 Joanne
2527 967 2821 1033 monacho,
2856 967 2953 1038 qui
2988 974 3173 1023 rector
3213 966 3383 1022 exsti-

1811 1068 1971 1115 terat.

1882 1324 2047 1397 420
2072 1324 2164 1379 29.
2195 1323 2340 1392 Quin
2377 1334 2432 1380 et
2464 1324 2699 1382 Michael
2728 1327 3058 1390 monachus,
3093 1327 3209 1397 ipse
3236 1326 3382 1382 Petri

1810 1416 2008 1483 frater,
2043 1417 2316 1487 Bulgarici
2348 1418 2562 1488 imperii
2591 1419 2845 1488 cupidus,
2891 1433 3143 1475 seorsum
3181 1419 3233 1473 in
3260 1417 3385 1473 Bul-

1809 1509 1975 1579 garia:
1997 1512 2232 1579 quadarn
2269 1526 2398 1566 arce
2429 1511 2735 1577 rebellavit,
2778 1511 3094 1582 multosque
3125 1512 3381 1583 Scythas.

1807 1601 1903 1669 qui
1936 1616 1967 1654 a
2003 1599 2150 1655 Petri
2193 1601 2503 1671 principatu
2527 1602 2890 1668 desciverant,
2919 1601 2985 1657 ad
3017 1617 3076 1659 se
3100 1605 3382 1672 pertraxit.

1808 1690 1874 1745 Hi
1905 1690 2169 1747 Michaele
2209 1692 2345 1747 vivis
2376 1700 2632 1763 exempto
2667 1692 2927 1749 Romanae
2983 1693 3208 1750 ditionis
3248 1696 3383 1752 fines

1809 1782 2149 1846 invaserunt,
2216 1782 2297 1837 sic
2326 1782 2587 1838 nimirum
2624 1792 2683 1838 ut
2721 1798 2752 1838 a
2791 1782 3057 1841 Macetide
3082 1799 3178 1853 per
3228 1784 3383 1856 Stry-

133 1876 267 1931 ὣστε
310 1880 593 1949 συμϐῆναι
642 1884 863 1949 τούτους
906 1887 1014 1941 ἀπὸ
1060 1860 1361 1955 Μακέτιδος

1813 1886 2029 1925 monem
2060 1872 2127 1926 ad
2151 1872 2388 1927 Atticam
2431 1872 2850 1945 Nieopolimque
2876 1876 3156 1946 progressi
3188 1886 3383 1931 cuncta

136 1967 293 2034 μόνος
319 1969 461 2039 πρὸς
497 1969 722 2026 Ἐλλάδα
747 1975 843 2026 καὶ
867 1975 967 2045 τὴν
993 1976 1290 2033 Νικόπολιν
1320 1986 1710 2056 προσχωρῆσαι

135 2061 225 2112 καὶ
268 2059 342 2113 τὰ
387 2062 568 2115 ἐκεῖσε
611 2064 787 2117 πάντα
808 2064 1117 2137 ληΐσασθαι.
1149 2070 1445 2138 Νικόπολις
1496 2076 1554 2129 δὲ
1608 2079 1709 2130 ἐπ-

130 2149 449 2219 ωνόμασται
481 2153 625 2207 κατὰ
654 2154 716 2207 τὸ
746 2157 1035 2229 ἐπώνυμον
1073 2160 1171 2229 τῆς
1211 2164 1385 2233 νίκης,
1413 2168 1479 2236 ἢν
1498 2166 1709 2235 Αὔγου-

135 2255 253 2305 στος
296 2243 565 2309 σεϐαστδς
596 2248 740 2301 κατὰ
786 2251 1070 2304 Ἀντωνίου
1092 2254 1186 2306 καὶ
1216 2256 1573 2329 Κλεοπάτρας
1599 2263 1713 2331 εἱρ-

131 2332 337 2398 γάσιτο
376 2339 472 2390 καὶ
520 2337 619 2407 τὴν
657 2341 971 2409 Αἰγυπτίων
1012 2345 1186 2415 ἀρχὴν
1240 2351 1354 2412 τοῖς
1422 2350 1710 2421 Ῥωμαίοις

132 2424 159 2474 ὑ
170 2427 442 2481 πέκλινεν.
494 2482 501 2487 ,

198 2516 264 2570 λ’.
319 2519 552 2589 Μαρτίῳ
581 2521 639 2575 δὲ
682 2525 831 2594 μηνὶ,
892 2528 1125 2600 δευτέρᾳ
1172 2532 1373 2605 ἡμέρᾳ,
1429 2538 1708 2607 κοσμήτης

133 2605 326 2660 ἔπεσεν
358 2611 418 2661 ὲν
440 2610 517 2680 τῷ
548 2612 696 2683 φόρῳ
724 2616 789 2666 ἐκ
815 2616 923 2669 τῶν
952 2618 1010 2671 ὲν
1042 2622 1156 2684 τοῖς
1195 2624 1445 2695 στιχηδὺν
1493 2605 1712 2698 ἱσταμέ-

132 2712 240 2761 νοις
267 2700 453 2754 ἐκεῖσε
488 2703 663 2757 κίοσιν
695 2707 1078 2778 ἐπικειμένων,
1112 2713 1208 2767 καὶ
1257 2714 1575 2772 ἀπέκτεινεν
1616 2720 1709 2774 ἄνα

130 2789 260 2859 δρας
296 2792 360 2857 ἒξ
400 2794 469 2845 ’⁷.
511 2794 707 2863 Γέγονε
756 2797 813 2851 δὲ
862 2800 957 2853 καὶ
1001 2802 1328 2875 ἐμπρησμὸς
1390 2809 1562 2878 μέγας
1618 2812 1709 2865 καὶ

132 2881 362 2951 φοϐερὸς
407 2884 491 2947 είς
547 2886 640 2939 τὸν
686 2887 781 2941 τοῦ
831 2891 996 2962 φόρου
1036 2894 1286 2965 ἔμϐολον,
1352 2899 1581 2970 πλησίον
1612 2904 1706 2956 τοῦ

132 2971 257 3024 ναοῦ
286 2973 393 3043 τῆς
428 2976 736 3046 ὐπεραγίας
766 2979 1051 3048 Θεοτόκου,
1083 2985 1225 3040 ὥστε
1256 2991 1601 3062 κατακαῆναι
1639 2997 1707 3048 τά

130 3081 187 3116 τε
218 3066 574 3137 κηροπωλεῑα
590 3069 685 3124 καὶ
711 3072 779 3127 τὰ
798 3075 1062 3148 γουνὰρια
1090 3078 1185 3133 τοῦ
1218 3080 1387 3155 φόρομ
1408 3084 1571 3155 μέχρι
1600 3087 1708 3139 τῶν

131 3157 343 3227 Ψιχῶν.

195 3251 301 3306 λα’.
363 3254 713 3329 Ἐτελεύτησε
760 3260 817 3313 δὲ
861 3262 1228 3334 Χριστοφόρος
1265 3265 1518 3334 βασιλεὺς
1576 3273 1704 3341 μηνὶ

125 3344 425 3417 Αὐγούστῳ
459 3350 783 3415 ίνδικτιῶνος
834 3356 1120 3426 τετάρτης,
1176 3356 1349 3411 πολλὰ
1396 3361 1703 3431 κοψαμένου

125 3440 218 3490 καὶ
248 3439 622 3511 θρηνήσαντος
649 3444 810 3498 αὑτὸν
839 3444 933 3499 τοῦ
984 3449 1211 3519 πατρὸς,
1262 3451 1447 3520 μεῖζον
1496 3454 1527 3523 ἦ
1587 3459 1702 3509 κατ’

123 3527 483 3594 Αἰγυπτίους,
514 3529 590 3593 ὡς
622 3531 722 3602 ἤδη
744 3533 826 3595 είς
848 3532 1027 3602 γῆρας
1055 3535 1219 3588 αὐτοῦ
1252 3537 1580 3607 ἐληλακότος
1608 3542 1703 3594 καὶ

124 3619 232 3670 τῶν
257 3619 395 3673 υἱῶν
418 3621 584 3675 αὑτοῦ
612 3622 691 3676 ἔτι
721 3624 930 3693 νηπίων
952 3624 1142 3682 ὄντων.
1174 3628 1283 3681 Καὶ
1317 3630 1476 3701 ἐτέθη
1502 3632 1563 3683 τὸ
1592 3632 1703 3685 λεί-

123 3710 292 3777 ψανον
322 3712 494 3766 αὐτοῦ
538 3713 598 3767 ἐν
632 3717 699 3783 τῇ
731 3716 958 3788 ῥηθείσῃ
990 3722 1125 3789 μονῇ
1149 3720 1243 3773 τοῦ
1277 3723 1484 3793 πατρὸς
1510 3724 1699 3780 αὐτοῦ.

191 3974 275 4048 [Ρ.
298 3975 433 4051 261]
482 3977 579 4048 λβ’.
618 3980 947 4051 Κατήγαγον
973 3982 1031 4035 δὲ
1063 3984 1155 4037 καὶ
1200 3986 1470 4057 Τρύφωνα
1503 4009 1701 4062 πατρι-

121 4065 297 4136 άρχην
355 4069 655 4142 Αὐγούστῳ
720 4074 849 4142 μηνὶ
904 4074 1234 4140 ἰνδικτιῶνος
1293 4078 1564 4150 cpiam",
1610 4086 1701 4138 τὸν

121 4161 287 4229 ῥητὸν
346 4163 539 4233 χρόνον
593 4164 889 4220 τελέσαντα
919 4184 933 4197 ·
985 4167 1082 4221 καὶ
1130 4170 1383 4226 ἀπελθὼν
1412 4175 1468 4226 ἐν
1494 4179 1560 4246 τῇ
1599 4177 1701 4248 ἰδίᾳ

121 4258 257 4324 μονῇ
310 4255 563 4327 τελευτᾷ,
623 4261 972 4329 χηρευσάσης
1016 4262 1343 4333 Ἐκκλησίας
1380 4266 1571 4335 χρόνον
1605 4268 1700 4323 ἕνα

121 4349 211 4398 καὶ
236 4349 419 4417 μῆνας
450 4346 490 4401 ε’
512 4349 599 4402 διὰ
630 4350 691 4402 το
720 4350 819 4420 τῆς
848 4352 1065 4421 ἡλικίας
1095 4353 1285 4417 ἀτελὲς
1317 4355 1697 4424 Θεοψυλᾶκτου

116 4438 233 4491 υἱοῦ
297 4440 585 4509 Ῥωμανοῦ
649 4441 949 4511 βασιλέως·
984 4446 1147 4498 αὑτὸν
1202 4448 1310 4517 γὰρ
1347 4447 1591 4518 ἔμελλεν,
1623 4452 1697 4516 ὡς

113 4530 216 4603 ἠδη
243 4534 494 4603 εἴρηται,
522 4536 867 4608 πατοιάρχην
902 4538 1187 4593 καθιστᾶν.

182 4708 285 4777 λγ’.
326 4709 609 4773 Βασίλειος
637 4713 691 4765 δέ
722 4730 806 4776 τις
860 4716 1127 4771 Μακεδὼν
1162 4721 1361 4787 πλάνος
1398 4727 1694 4779 Κωνσταν-

109 4801 261 4853 τῖνον
290 4799 474 4853 Δοῦκα
506 4802 696 4855 ἑαυτὸν
726 4808 1065 4877 ἐπιφημίσας
1094 4812 1320 4877 πολλοὺς
1361 4818 1478 4886 μεθ’
1504 4822 1695 4874 ἑαυτοῦ

114 4892 481 4963 συνεπήγετο.
538 4888 708 4959 θῦτος
793 4899 1077 4967 συσχεθεὶς
1140 4904 1246 4957 ὑπὸ
1317 4908 1694 4978 Ἐλεφαντίνου

110 4985 580 5055 τουρμὰρχου,ὲκ
603 4986 698 5040 τοῦ
747 4989 991 5058 Ὀψικίου
1050 4992 1223 5059 ὄντος,
1262 4997 1400 5070 ῆχοη
1433 5002 1491 5054 ὲν
1544 5003 1695 5055 Κωνο

111 5077 583 5140 σταντινουπόλει,
644 5079 739 5132 καὶ
770 5081 876 5133 ὑπὸ
915 5083 1123 5154 Πέτρου
1156 5087 1405 5160 ὑπάρχου
1435 5092 1533 5162 τῆς
1566 5097 1708 5163 μιᾶς.

108 5166 498 5238 ἀλλοτριοῦται
543 5171 745 5242 χειρός.
784 5168 918 5227 Εἶτα
966 5177 1160 5247 καιροῦ
1194 5179 1494 5250 λαϐόμενος
1524 5202 1693 5239 κατα-

108 5259 388 5325 λαμϐάνει
443 5261 605 5315 πάλιν
644 5263 706 5315 τὸ
761 5265 1041 5334 Ὀψίκιον,
1099 5270 1195 5323 καὶ
1245 5276 1401 5343 χεῖρα
1487 5278 1694 5347 χαλκῆν

108 5352 237 5402 ἀντὶ
299 5352 401 5421 τῆς
460 5346 1289 5432 κοπείσης’προσαρμοσάμενος
1332 5367 1426 5419 καὶ
1482 5346 1695 5440 σπάθῆν

110 5444 471 5514 ὑπερμεγέθη
528 5452 948 5514 κατασκευάσας
980 5452 1253 5523 διήρχετο,
1294 5456 1506 5512 πλανῶν
1540 5456 1696 5525 αὖθις

106 5536 223 5589 τῶν
254 5540 668 5605 ἁγυρτευόντων
721 5543 950 5607 πολλοὺς
974 5544 1049 5606 ὡς
1088 5540 1175 5617 εἴη
1198 5548 1361 5612 αὐτὸς
1403 5552 1694 5606 Κωνσταν-

106 5630 272 5691 τινος
299 5630 330 5683 ό
377 5630 474 5684 τοῦ
534 5633 755 5698 Δουκός.
814 5634 922 5700 Οὓς
979 5637 1072 5690 καὶ
1104 5640 1561 5712 συνεφελκόμενος
1595 5660 1694 5713 με-

1812 1964 1885 2018 ibi
1914 1965 2153 2036 populati
2189 1967 2323 2021 sint.
2355 1965 2632 2039 Nicopolis
2658 1983 2789 2024 vero
2827 1968 2970 2024 dicta
3014 1976 3098 2024 est
3143 1984 3175 2024 a
3221 1968 3397 2023 victo-

1815 2057 1915 2123 ria,
1948 2074 2111 2127 quam
2149 2059 2428 2130 Augustus
2454 2061 2641 2115 retulit
2695 2061 2763 2115 de
2802 2058 3043 2115 Antonio
3073 2069 3130 2115 et
3156 2060 3389 2130 Cleopa-

1815 2156 1917 2211 tra,
1948 2158 2079 2204 tunc
2113 2150 2323 2207 scilicet
2354 2166 2481 2208 eum
2510 2150 2775 2207 Romanis
2803 2152 3051 2209 fascibus
3085 2150 3385 2225 Egyptum

1812 2240 2061 2310 subjecit.

1882 2524 1974 2578 50.
2008 2524 2210 2582 Mensis
2257 2525 2437 2584 Martii
2469 2530 2559 2587 die
2598 2534 2859 2595 secunda,
2908 2535 3001 2604 qui
3035 2535 3089 2589 in
3127 2535 3246 2591 foro
3285 2551 3383 2592 co-

1812 2615 2013 2670 lumnis
2044 2616 2154 2670 illic
2182 2618 2375 2674 ordine
2396 2622 2591 2678 erectis
2622 2634 2893 2680 cosmetes
2923 2625 3216 2697 impositus
3240 2638 3380 2691 erat,

1811 2706 2010 2762 decidit
2052 2723 2116 2764 ac
2163 2724 2257 2764 sex
2300 2711 2449 2767 viros
2482 2714 2705 2768 occidit.
2754 2715 3009 2784 Magnum
3046 2732 3267 2789 quoque
3318 2735 3384 2774 ac

1810 2798 2156 2857 formidabile
2176 2804 2405 2876 contigit
2427 2806 2739 2863 incendium
2772 2809 2825 2865 in
2852 2809 2953 2864 fori
2980 2812 3209 2880 porticu,
3238 2814 3383 2868 baud

1810 2892 1997 2957 procul
2030 2892 2097 2946 ab
2127 2894 2242 2949 aede
2277 2898 2639 2954 sanctissimae
2664 2897 2925 2970 Deiparm,
2971 2904 3107 2959 adeo
3151 2913 3211 2959 ut
3255 2920 3387 2975 pars

1811 2984 1901 3036 illa
1944 2983 2047 3036 fori
2081 3001 2244 3053 quam
2301 2990 2498 3043 ccrarii
2557 2999 2610 3045 et
2668 3008 2829 3062 quam
2881 2994 3157 3063 pellitiarii
3214 2997 3386 3051 artifi-

1815 3087 1907 3128 ces
1961 3086 2251 3145 occupant,
2282 3080 2375 3133 .ad
2427 3078 2659 3137 Psiebas
2709 3099 2882 3154 usque
2929 3086 3040 3156 igni
3092 3086 3382 3158 absumpta

1811 3165 1901 3217 sit.

1882 3256 1973 3311 51.
2003 3256 2438 3330 CltristOpborus
2479 3278 2609 3319 vero
2664 3265 2960 3336 imperator
3007 3278 3263 3327 mortuus
3303 3284 3385 3327 est.

1813 3363 2002 3403 mense
2036 3349 2307 3419 Augusto,
2341 3354 2530 3409 indict.
2562 3357 2617 3421 4,
2652 3355 2901 3412 Romano
2944 3368 3098 3429 patre
3124 3362 3273 3417 illius
3302 3365 3385 3416 ln-

1810 3456 1912 3496 nus
1962 3443 2166 3513 ingenti
2217 3446 2364 3500 luctu
2400 3463 2466 3503 ac
2509 3449 2728 3519 planetu
2773 3463 3155 3522 prosequente,
3218 3472 3382 3525 supra

1806 3550 1969 3604 quam
1999 3539 2159 3592 etiam
2193 3538 2573 3610 Egyptiorum
2612 3546 2856 3602 moribus
2888 3560 3165 3617 receptum
3201 3550 3290 3615 sit,
3319 3568 3383 3606 eo

1806 3626 1952 3692 quod
1997 3638 2252 3696 vergente
2280 3631 2393 3700 jam
2441 3633 2614 3701 ipsius
2664 3645 2820 3691 relate
2867 3637 2986 3707 ejus
3021 3640 3174 3695 liberi
3202 3643 3386 3698 adhuc

1806 3717 1957 3784 pueri
1987 3732 2050 3772 ac
2077 3720 2316 3777 minores
2344 3735 2550 3779 essent.
2606 3726 2929 3797 Depositum
2962 3731 3105 3787 illius
3149 3734 3384 3790 cadaver

1808 3808 1862 3860 in
1894 3811 2061 3877 patris
2084 3813 2171 3866 sui
2201 3817 2554 3884 monasterio,
2584 3820 2743 3888 cujus
2769 3822 2818 3873 in
2853 3822 3239 3891 superioribus
3269 3841 3384 3883 me-

1808 3899 2086 3957 minimus.

1877 3990 2035 4061 421
2073 3995 2159 4048 32.
2196 3997 2300 4053 Sed
2320 4007 2377 4053 et
2399 3998 2745 4071 Tryphonem
2787 4008 3161 4075 patriarcbam
3182 4027 3382 4066 mense

1806 4078 2073 4151 Angusto,
2094 4087 2394 4146 indictione
2425 4095 2608 4162 tertia,
2628 4111 2749 4151 eum
2778 4108 2995 4168 tempus
3019 4103 3379 4158 constitutum

1804 4180 2096 4247 explesset,
2143 4181 2320 4236 ollicio
2372 4199 2692 4253 moverunt;
2728 4189 2819 4259 qui
2854 4190 3046 4246 abiens
3099 4194 3151 4247 in
3190 4209 3383 4248 mona-

1802 4271 1971 4325 sterio
2000 4288 2102 4327 suo
2148 4288 2177 4327 e
2211 4274 2348 4330 vivis
2392 4278 2889 4345 exeedit,Eeclesia
2949 4294 3168 4352 pastore
3217 4286 3375 4341 vidua

1804 4377 2007 4417 annum
2033 4381 2225 4430 unum,
2253 4383 2470 4424 menses
2492 4372 2761 4440 quinque,
2781 4376 2925 4443 quod
2944 4374 3382 4448 Tbeopbylactus

1796 4455 2044 4509 nondum
2081 4464 2297 4510 matura
2329 4461 2460 4512 satis
2491 4470 2648 4515 aetate
2682 4473 2845 4518 esset.
2879 4462 3058 4533 Ipsum
3084 4468 3229 4521 enim
3267 4468 3378 4521 Ro-

1734 4549 1773 4601 D
1805 4561 1998 4601 manus
2034 4549 2393 4605 constituerat
2427 4553 2795 4618 patriarcbam
2826 4556 3121 4625 prtefieere,
3158 4560 3234 4612 uti
3264 4559 3377 4628 jam

1802 4637 2007 4692 dictum
2034 4649 2135 4695 est.

1871 4732 1959 4786 55.
1988 4732 2220 4789 Basilius
2252 4750 2379 4789 vero
2409 4736 2631 4805 quidam
2667 4738 2888 4796 Macedo
2922 4742 3210 4812 imposlor,
3232 4746 3378 4801 Con-

1799 4826 2099 4879 stantinum
2137 4828 2333 4880 [lucem
2383 4846 2440 4883 se
2472 4848 2590 4886 esse
2616 4832 2853 4901 jactans,
2896 4838 3099 4893 inultos
3132 4840 3235 4894 sibi
3280 4841 3376 4893 ad-

1795 4916 1997 4982 junxit.
2027 4917 2123 4970 llic
2153 4917 2218 4970 ab
2240 4917 2601 4986 Elephantino
2623 4925 2846 4979 tribuno
2864 4924 3157 4996 Opsieiano
3179 4938 3375 4998 captus

1805 5008 1855 5060 in
1890 5008 2075 5061 urbem
2108 5008 2367 5065 inductus
2392 5022 2495 5075 est,
2518 5015 2768 5085 Petriqne
2792 5019 2943 5073 urbis
2970 5018 3209 5088 praefeeti
3244 5037 3373 5075 sen-

1802 5101 1966 5152 tentia
1999 5100 2164 5153 altera
2196 5117 2455 5156 manuum
2489 5114 2794 5164 trz'tcatur.
2825 5108 3179 5167 P0stmodum
3208 5129 3371 5169 Orca-

1800 5192 2007 5244 sionem
2040 5202 2236 5247 nactus
2294 5196 2358 5247 ad
2392 5193 2591 5263 Opsicit
2625 5215 2671 5252 at
2721 5201 2882 5265 redit,
2913 5218 3222 5273 aureamque
3267 5206 3370 5261 sibi

1802 5299 2024 5338 manum
2081 5284 2199 5354 ejus
2258 5287 2377 5341 loco
2427 5305 2547 5357 qua:
2597 5303 2876 5359 uuputala
2926 5295 3104 5349 fuerat
3150 5307 3367 5366 aptans,

1802 5372 2187 5443 ingentemque
2204 5374 2442 5443 gladium
2472 5377 2770 5442 fabricatis.
2798 5383 3000 5438 multos
3030 5384 3228 5440 iterum
3266 5387 3371 5440 eir-

1803 5462 2188 5520 cumforaneos
2219 5482 2281 5519 ac
2317 5470 2616 5525 nebulones
2641 5471 2907 5529 sedueens
2943 5476 3022 5529 sic
3047 5476 3375 5546 vagabatur,

1801 5571 1970 5623 seque
2019 5557 2155 5611 adeo
2194 5557 2618 5615 Constantinum
2662 5564 2825 5621 Ducis
2867 5566 3037 5622 filium
3082 5582 3205 5623 esse
3238 5584 3374 5624 sua-

1798 5647 1952 5701 dens.
1988 5647 2191 5703 florum
2231 5651 2414 5722 itaque
2454 5662 2736 5713 contracta
2781 5674 2942 5715 manu
2985 5674 3235 5732 magnam
3267 5659 3397 5717 adu.

1414 5735 1453 5787 V
1508 5736 1571 5789 Ri
1586 5738 1644 5790 Αιέ
1704 5739 2102 5796 LECTIONES.

180 5808 227 5847 ν’
249 5810 509 5886 ἑξήκοντα
540 5816 798 5889 Srylitzes
831 5830 883 5877 et
911 5823 1210 5881 Cedrenus.
1231 5826 1476 5883 Combef.
1552 5832 1595 5862 τ’
1627 5832 1890 5904 τετάρτης
1915 5850 2118 5907 margo.
