4154 6450
768 382 871 442 Η3

767 579 875 629 diis
924 585 1160 642 astuque
1215 567 1585 639 aggredientis
1642 566 1903 634 impetum
1964 561 2344 626 reformidant,

767 668 991 719 domum
1031 665 1208 719 redire
1256 662 1683 717 constituerunt.
1718 658 1796 713 Ae
1839 670 1971 711 vero
2020 656 2124 710 hoc
2184 655 2345 708 adni-

768 767 945 811 tentes
989 764 1047 811 ut
1106 753 1409 809 Romanam
1442 752 1671 806 classem
1704 750 1957 809 laterent,
1985 762 2110 801 cum
2165 761 2349 800 mense

769 848 1077 919 Septembri
1137 847 1435 901 indictione
1483 844 1676 915 quinta
1717 842 1926 896 decima
1985 839 2051 893 ad
2100 838 2350 892 Thraciae

771 947 951 1009 partes
988 938 1349 993 transfretare
1394 934 1638 1005 aggressi
1667 939 1869 995 essent,
1901 944 2065 1000 quem
2099 928 2346 984 dicebam

768 1033 1054 1101 patricium
1085 1030 1476 1099 Theophanem
1508 1026 1731 1081 obvium
1773 1024 2086 1077 habuerunt
2116 1038 2132 1076 :
2170 1035 2349 1089 neque

766 1122 911 1175 enim
967 1122 1070 1175 viri
1133 1118 1563 1174 solertissimum
1623 1130 1692 1170 ac
1741 1112 2055 1183 pervigilem
2106 1112 2349 1165 animum

770 1228 986 1279 unaque
1019 1211 1391 1265 fortissimum
1426 1206 1760 1262 fefellerunt.
1794 1204 1916 1258 Mox
1950 1204 2116 1274 igitur
2142 1202 2351 1257 natalis

772 1308 968 1358 iterum
1020 1320 1200 1375 pugna
1249 1300 1657 1364 committitur,
1713 1299 2071 1366 plurimaeque
2111 1296 2349 1351 hostium

771 1402 1073 1457 submersa:
1112 1415 1301 1461 naves,
1343 1397 1501 1451 multi
1535 1394 1727 1450 occisi.
1770 1392 1934 1447 Pauci
1972 1408 2096 1447 cum
2124 1392 2351 1445 navibus

772 1495 909 1549 cladi
942 1492 1199 1548 subducti
1246 1491 1413 1560 inque
1451 1488 1616 1543 Cuies
1664 1488 1818 1540 littus
1849 1486 2019 1539 evecti
2069 1486 2354 1552 ingruente

774 1595 933 1641 nocte
963 1585 1090 1654 fuga
1133 1590 1451 1639 evaserunt.
1479 1577 1847 1646 Theophanes
1882 1574 2049 1646 426
2088 1574 2353 1645 patricius

772 1694 896 1732 cum
951 1676 1155 1746 insigni
1213 1672 1438 1729 victoria
1496 1670 1859 1739 maximisque
1899 1668 2096 1722 erectis
2136 1667 2354 1736 tropaeis

778 1785 1036 1824 reversus
1068 1767 1369 1821 honoriﬁce
1394 1774 1449 1819 et
1476 1762 1763 1833 magniﬁce
1784 1760 2085 1830 suscipitur
2106 1774 2172 1814 ac
2193 1774 2355 1814 accu-

775 1861 967 1915 hitoris
996 1859 1264 1928 dignitate
1298 1868 1549 1913 ornatur.

846 1952 939 2009 40.
970 1952 1109 2018 Quia
1141 1967 1273 2007 vero
1321 1951 1502 2006 dictus
1533 1948 1778 2004 Joannes
1815 1945 2075 2017 magister
2104 1955 2161 1999 et
2192 1944 2358 2000 scho-

777 2045 950 2099 larum
981 2044 1320 2099 domesticus
1372 2058 1438 2097 eo
1483 2043 1627 2097 bello
1657 2039 2114 2112 praestantissima
2158 2038 2359 2091 virtute

776 2138 1026 2199 fulserat,
1045 2137 1327 2205 multaque
1351 2151 1417 2191 ac
1438 2151 1635 2203 magna
1669 2144 1872 2203 tropaea
1899 2142 2170 2197 erexerat,
2194 2142 2360 2201 atque

779 2228 1009 2283 Romani
1040 2228 1255 2297 imperii
1290 2228 1424 2283 ﬁnes
1451 2230 1559 2281 late
1591 2227 1916 2297 protulerat,
1940 2226 2362 2295 compluresque

776 2322 1159 2389 Agarenorum
1185 2320 1350 2375 urbes
1373 2329 1665 2375 everterat.
1694 2318 1949 2389 quodque
1972 2317 2073 2370 viri
2102 2316 2361 2371 illustris—

776 2412 916 2466 sima
953 2414 1130 2467 virtus
1160 2421 1328 2476 esset,
1357 2414 1695 2481 cogitaverat
1747 2409 2034 2464 Romanus
2066 2408 2363 2477 imperator

780 2509 841 2555 ut
883 2498 1003 2568 ejus
1047 2499 1215 2554 ﬁliam
1247 2498 1498 2555 Romano
1527 2500 1711 2568 nepoti
1742 2515 1808 2553 ex
1849 2498 2215 2554 Constantino
2249 2500 2361 2553 ﬁlio

780 2606 1008 2647 uxorem
1038 2592 1357 2648 ascisceret.
1376 2591 1609 2647 Curcua:
1629 2592 1749 2645 ﬁlia:
1771 2591 2143 2663 Euphrosyna:
2166 2607 2362 2647 nomen

778 2694 918 2747 erat,
951 2682 1305 2738 Constantini
1332 2684 1445 2737 tilio
1473 2682 1707 2738 Romani
1732 2699 1747 2749 ;
1778 2696 1939 2751 quem
1968 2682 2363 2738 Constantinus

780 2774 1339 2845 Porphyrogennetus
1383 2783 1686 2830 castratum
1728 2773 1945 2843 patricii
1980 2774 2245 2844 dignitate
2298 2789 2364 2827 ac

780 2866 1101 2921 cubicularii
1145 2867 1395 2922 donavit.
1427 2864 1677 2921 Conﬂata
1707 2865 1835 2919 hinc
1877 2866 1997 2920 viro
2030 2866 2362 2934 reliquorum

780 2961 1154 3030 Augustorum
1206 2960 1431 3023 invidia,
1465 2958 1645 3013 oiIicio
1690 2966 1961 3023 movetur,
2012 2973 2137 3011 cum
2191 2972 2365 3013 annos

782 3053 923 3107 duos
973 3068 1137 3122 supra
1187 3051 1377 3123 viginti
1445 3052 1735 3107 continuos
1782 3066 1847 3107 ac
1892 3066 2107 3107 menses
2159 3061 2363 3120 septem

784 3145 1069 3199 dOniestici
1102 3160 1303 3200 munus
1332 3144 1612 3215 gessisset.

857 3412 919 3465 ιιι
936 3453 951 3467 .
969 3412 1159 3482 Operm
1180 3413 1411 3482 pretium
1436 3412 1651 3468 vero‘sit
1668 3412 1896 3467 viritum
1917 3426 2087 3482 genus
2110 3419 2224 3466 tum
2244 3412 2373 3466 edu-

785 3506 1495 3575 cationem,institutionem
1515 3521 1621 3575 que
1652 3516 1816 3575 atque
1841 3504 2007 3559 animi
2034 3520 2097 3559 ac
2125 3505 2372 3574 corporis

788 3596 1024 3650 indolem
1045 3607 1304 3667 gestaque
1336 3598 1565 3664 referre,
1587 3601 1861 3666 quamque
1876 3605 2063 3651 nostra
2084 3599 2187 3651 hac
2215 3605 2375 3651 aztate

789 3689 965 3744 ﬁdelis
990 3699 1285 3758 rectusque
1303 3690 1593 3745 exstiterit.
1612 3688 1893 3745 Oriundus
1915 3700 2032 3745 erat
2048 3691 2373 3745 Armeniaca

788 3779 956 3849 stirpe
976 3797 1006 3835 c
1022 3780 1185 3834 Docia
1214 3778 1288 3833 Da
1299 3780 1435 3834 rbidi
1460 3781 1684 3850 oppido,
1706 3790 1860 3850 patre
1879 3794 1991 3835 non
2010 3782 2267 3846 obscuro,
2284 3797 2376 3848 pa-

791 3872 959 3925 latino
980 3871 1134 3925 valde
1161 3870 1442 3940 Opuiento,
1461 3871 1692 3928 Joannis
1724 3871 2065 3928 lcanatorum
2088 3874 2373 3929 domestici

793 3964 923 4018 tilio.
950 3962 1090 4029 Quin
1112 3970 1165 4017 et
1188 3964 1365 4019 sacris
1389 3964 1581 4019 litteris
1612 3964 1887 4019 eruditum
1935 3965 2184 4029 tradunt,
2214 3966 2377 4021 Chri-

790 4068 834 4113 s:
846 4057 1041 4127 ophori
1057 4056 1393 4126 Gangreusis
1407 4058 1767 4128 iuett'opoiita:
1783 4074 1970 4127 opera,
1986 4075 2145 4129 quem
2161 4059 2378 4130 sangui-

791 4151 878 4205 nis
932 4150 1340 4205 nccessitudiue
1387 4150 1764 4218 contingebat.
1813 4150 2041 4205 Celebre
2079 4153 2241 4206 etiam
2281 4168 2377 4222 per

790 4260 887 4298 ora
920 4243 1067 4297 volat
1092 4242 1296 4298 dixisse
1330 4242 1629 4297 antistitem
1671 4245 1816 4311 :fore
1848 4253 1903 4296 ut
1947 4242 2179 4297 Joannes
2211 4246 2293 4299 hic
2322 4248 2377 4299 in

791 4336 1203 4404 redemptionem
1234 4344 1283 4389 et
1323 4335 1572 4388 solatium
1604 4334 1962 4389 Romanorum
1992 4346 2145 4392 esset.
2180 4337 2376 4396 Multas

790 4428 993 4498 quippe
1028 4427 1403 4498 plurimasque
1444 4427 1607 4499 427
1635 4427 1798 4481 urbes
1828 4437 1881 4482 et
1910 4444 2071 4483 arces
2100 4439 2155 4483 et
2178 4432 2375 4500 oppida

1862 362 2368 423 THEOPHANES
2408 361 2963 425 CONTINUATUS.

768 502 879 538 non
915 483 1127 556 patricii
1168 480 1517 549 Theophanis
1549 478 1760 532 navalia
1790 476 1975 545 pra-lia
2008 490 2183 542 exque
2218 472 2351 525 insi-

2466 473 2659 541 aaxia;
2721 475 2817 526 καὶ
2846 474 2916 527 τα
2940 473 3392 542 ἐσχηματισμένα
3430 473 3661 542 πολέμια
3696 476 3789 525 τοῦ

3919 356 4019 420 Mi

3826 493 4022 546 πατρι-

2450 564 2568 615 κίου
2596 563 2922 631 Θεοφάνους,
2954 563 3342 617 ἐϐουλεύσαντο
3370 566 3436 617 τά
3470 568 3644 617 οίκεία
3673 567 4018 622 καταλαϐεῖν.

2449 654 2558 707 Καὶ
2585 653 2649 723 δὴ
2716 654 2898 706 λαθεῖν
2950 655 3045 706 τὸν
3098 655 3284 707 στόλον
3340 653 3575 727 [Ρ.26ι]
3606 657 4021 722 σπουδάζοντες,

2449 743 2808 812 Σεπτεμὸρίῳ
2866 745 2997 812 μηνὶ
3023 744 3355 806 ίνδικτιῶνος
3383 744 3642 814 πέμπτης
3670 746 3761 798 καὶ
3790 746 4024 816 δεκάτης

2447 836 2641 896 νυκτὸς
2711 833 3070 887 ἀντιπλεῦσαι
3126 834 3455 905 ὡρμηκότες
3508 836 3602 887 ἐπὶ
3654 836 3723 890 τά
3785 838 4024 907 Θρᾳκῷα

2452 929 2616 996 μέρη,
2672 927 2823 998 παρά
2883 926 2976 980 τοῦ
3024 927 3285 997 ῥηθέντος
3349 929 3644 998 πατρικίου
3714 929 4024 996 Θεοφάνους

2450 1020 2843 1090 ὑπηντήθησαν
2865 1034 2877 1048 ⁸
2911 1019 3032 1071 οὐδὲ
3085 1018 3194 1086 γάρ
3231 1018 3420 1071 ἔλαθον
3464 1020 3565 1087 τὴν
3596 1019 3759 1071 αὐτοῦ
3786 1021 4021 1088 ἐγρηγο-

2452 1113 2705 1182 ρωτάτην
2752 1112 2848 1164 καὶ
2904 1111 3160 1178 γενναίαν
3221 1111 3425 1182 ψυχήν.
3464 1112 3638 1175 Εὐθὺς
3664 1109 3757 1165 οὖν
3794 1113 4024 1183 δευτέρα

2449 1202 2725 1273 ναυμαχία
2779 1202 3131 1266 συνάπτεται,
3180 1206 3274 1257 καὶ
3328 1205 3555 1257 πλεῖστα
3585 1204 3746 1259 πλοῖα
3778 1204 4028 1258 ἐδύθισεν

2452 1298 2546 1350 καὶ
2605 1296 2834 1358 πολλοὺς
2885 1297 3094 1350 τούτων
3140 1297 3831 1368 ἀπέκτεινενὸείρημένος
3864 1300 4026 1366 ἀνήρ.

2464 1388 2663 1455 Ὀλίγοι
2696 1388 2751 1441 δὲ
2784 1388 2923 1458 μετά
2949 1388 3149 1443 πλοίων
3194 1389 3591 1459 περισωθέντες
3619 1390 3712 1442 καὶ
3736 1393 3793 1441 ἐν
3822 1392 3889 1457 τῇ
3928 1387 4028 1457 τῆς

2455 1479 2638 1549 Κύλης
2665 1479 3081 1548 παραπεσόντες
3108 1480 3249 1551 ἀκτῇ
3310 1481 3503 1543 νυκτὸς
3561 1478 3894 1550 ἐπελθούσης
3954 1481 4033 1531 δι-

2452 1572 2669 1642 έφυγον.
2696 1573 2975 1643 Θεοφάνης
2996 1572 3051 1626 δὲ
3071 1575 3100 1625 6
3122 1574 3405 1643 πατρίκιος
3429 1575 3568 1641 μετά
3600 1575 3754 1642 νίκης
3770 1572 4033 1643 λαμπρᾶς

2454 1669 2548 1721 καὶ
2587 1667 2859 1735 μεγίστων
2902 1666 3261 1735 ὑποστρέψας
3316 1666 3601 1737 τροπαίων
3657 1667 3893 1737 ἐντίμως
3940 1666 4034 1718 καὶ

2458 1755 2891 1827 μεγαλοπρεπῶς
2919 1756 3190 1827 ὑπεδέχθη
3227 1758 3323 1810 καὶ
3357 1756 3859 1828 παρακοιμώμενος
3922 1760 4035 1809 ἐτι-

2459 1850 2631 1923 μήθη-

2532 1949 2605 2012 μ’.
2648 1942 2866 2012 Ἐπειδὴ
2894 1941 2953 1995 δὲ
2981 1943 3010 1994 6
3037 1941 3225 2012 ῥηθεὶς
3272 1941 3530 2012 Ἰωάννης
3590 1942 3893 2011 μάγιστρος
3943 1938 4040 1991 καὶ

2456 2034 2777 2103 δομέστικος
2817 2035 2927 2088 τῶν
2955 2035 3163 2105 σχολῶν
3211 2035 3431 2105 ἀριστος
3466 2035 3683 2102 ἐγένετο
3735 2035 3817 2095 είς
3841 2034 3912 2084 τα
3938 2049 4039 2083 πο-

2457 2127 2641 2196 λέμια,
2700 2126 3017 2182 καὶ“πολλά
3069 2128 3164 2181 καὶ
3218 2127 3433 2196 μεγάλα
3480 2126 3746 2196 ἀνέστησε
3773 2125 4039 2195 τρόπαια.

2458 2221 2554 2272 καὶ
2580 2219 2649 2273 τὰ
2680 2212 2964 2289 Ῥωμαῖκά
3006 2220 3321 2273 ἐπέκτεινεν
3372 2221 3498 2289 ὅρια
3523 2259 3538 2283 ,
3573 2219 3830 2280 πλείστας
3856 2234 3916 2269 τε
3942 2216 4042 2269 πό-

2459 2312 2572 2375 λεις
2620 2311 2923 2385 ἐπόρθησεν
2966 2312 3075 2365 τῶν
3130 2312 3471 2382 Ἀγαρηνῶν,
3504 2312 3599 2364 καὶ
3644 2309 3734 2363 διὰ
3769 2309 3831 2362 τὸ
3867 2325 4042 2377 περι-

2461 2406 2627 2475 φανὲς
2659 2407 2758 2476 τῆς
2788 2405 2880 2460 τοῧ
2913 2406 3103 2477 ἀνδρὸς
3155 2407 3377 2476 ἀρετῆς,
3404 2406 3688 2475 ἠϐουλήθη
3722 2404 3749 2456 6
3784 2402 4044 2473 βασιλεὺς

2474 2500 2753 2570 Ῥωμανὸς
2796 2501 2875 2562 είς
2913 2500 3005 2552 τὸν
3036 2498 3233 2552 ἑαυτοῦ
3271 2498 3499 2566 ἔκγονον
3546 2495 3826 2564 Ῥωμανὸν
3855 2494 3949 2546 τὸν
3980 2494 4043 2545 ἐκ

2462 2592 2880 2646 Κωνσταντίνου
2906 2592 3003 2645 τοῦ
3064 2590 3185 2644 υίοῦ
3216 2589 3382 2643 αὑτοῦ
3415 2588 3697 2658 θυγατέρα
3720 2585 4041 2639 ἀναλαϐεῖν.

2477 2685 2539 2738 'll
2597 2681 2690 2738 οὖν
2730 2684 2979 2756 θυγάτηρ
3025 2685 3117 2737 τοῦ
3156 2683 3449 2754 Κουρκούα
3473 2679 3540 2752 ἦν
3572 2683 3606 2751 ἡ
3636 2680 3985 2751 Εὐφροσύνη,
4016 2680 4045 2731 6

2463 2781 2520 2833 δὲ
2566 2780 2680 2843 υίὸς
2722 2779 2815 2831 τοῦ
2881 2780 3291 2832 Κωνσταντίνου
3338 2774 3405 2848 ἦν
3450 2776 3729 2845 Ῥωμανὸς
3775 2778 3803 2828 6
3856 2776 4046 2827 εὐνου-

2466 2869 2672 2939 χισθεὶς
2710 2869 2864 2939 παρὰ
2918 2870 3336 2922 Κωνσταντίνου
3368 2868 3462 2921 τοῦ
3494 2868 4044 2938 Πορφυρογεννήτου,

2466 2963 2561 3015 καὶ
2612 2963 2846 3033 ἐτιμήθη
2904 2963 3192 3033 πατρίκιος
3246 2964 3340 3015 καὶ
3400 2962 3781 3032 πραιπὸσιτος.
3838 2960 4044 3012 Φθόνου

2465 3054 2523 3106 δὲ
2553 3054 2703 3125 αὖτῷ
2765 3056 2864 3123 τῆς
2914 3056 3173 3125 τοιαύτης
3224 3055 3412 3107 ἕνεκεν
3457 3053 3768 3114 ὑποθέσεως
3793 3051 3902 3104 τῶν
3935 3051 4049 3101 λοι-

2396 3165 2440 3225 c
2474 3146 2589 3198 πῶν
2620 3146 2883 3215 βασιλέων
2919 3148 3249 3217 κινηθέντος,
3301 3145 3466 3199 παύει
3502 3147 3600 3214 τῆς
3631 3146 3826 3213 ἀρχῆς,
3874 3143 4050 3194 εἴκοσι

2476 3239 2568 3290 καὶ
2592 3239 2701 3290 δύω
2728 3239 2951 3309 χρόνους
2975 3240 3071 3293 καὶ
3105 3240 3279 3311 μῆνας
3316 3239 3459 3293 ἑπτα
3487 3238 3804 3309 δομέστικος
3834 3235 4051 3288 άδιαδο-

2473 3347 2566 3399 χος
2593 3331 2837 3393 τελέσας.

2553 3430 2663 3489 μα’.
2707 3423 2853 3491 Πλὴν
2909 3423 3002 3477 οὖν
3045 3423 3197 3488 ἄξιον
3257 3424 3431 3476 εἰπεῖν
3462 3423 3605 3476 τότε
3634 3422 3791 3490 γένος
3813 3421 3911 3474 καὶ
3956 3419 4055 3489 τὴν

2475 3513 2698 3585 ἀγωγὴν
2758 3511 2921 3566 αὑτοῦ
2975 3514 3069 3566 καὶ
3096 3515 3153 3566 τὸ
3181 3516 3524 3583 ἐπιτήδευμα
3554 3514 3648 3567 καὶ
3672 3515 3730 3566 τὸ
3762 3512 3924 3581 φύσει
3957 3513 4057 3579 τῆς

2475 3606 2653 3675 ψυχῆς
2694 3607 2787 3659 καὶ
2848 3605 2942 3658 τοῦ
3008 3606 3261 3676 σώματος
3309 3608 3474 3662 αὑτοῦ
3532 3608 3624 3661 καὶ
3682 3606 3780 3675 τὴν
3830 3606 4055 3677 πρᾶξιν,

2442 3763 2455 3771 ρ
2478 3698 2569 3747 καὶ
2590 3698 2768 3758 ὁποῖος
2796 3695 2987 3759 ’,τιστὺς
3020 3698 3112 3749 καὶ
3137 3696 3297 3766 ὀρθὸς
3328 3697 3571 3765 ἀνεφάνη
3597 3698 3663 3767 τῇ
3686 3697 3851 3765 γενεᾷ
3878 3695 4056 3764 ἡμῶν.

2454 3775 2644 3851 ⁷Οὗτος
2691 3790 2754 3841 ἐκ
2783 3789 2974 3857 γένους
3031 3789 3140 3843 τῶν
3171 3788 3552 3859 Ἀρμενιακῶν
3596 3784 3665 3859 ἦν
3708 3788 3816 3841 ἀπὸ
3859 3789 4065 3839 Δόκιαν

2477 3879 2678 3950 χωρίου
2731 3879 3049 3949 Δαρὸιδοῦν,
3106 3880 3312 3950 πατρὸς
3367 3881 3463 3948 μὲν
3512 3880 3623 3931 τῶν
3667 3879 3770 3932 οὐκ
3799 3880 4059 3948 ἀσήμων,

2478 3974 2773 4025 παλατίνου
2803 3972 2945 4025 πάνυ
2978 3972 3235 4025 πλουσίου
3282 3971 3399 4024 υίοῦ
3433 3972 3681 4024 Ἰωάννου
3730 3971 4061 4039 δομεστῖκου

2477 4066 2586 4117 τῶν
2610 4064 2930 4132 ιίκανάτων.
2988 4064 3225 4132 Λέγεται
3261 4065 3317 4117 δὲ
3344 4064 3441 4117 καὶ
3484 4064 3554 4117 τὰ
3596 4063 3717 4136 ἱερά
3751 4064 4064 4134 γράμματα

2479 4156 2945 4210 ἐκπεπαιδεῦσθαι
3006 4158 3156 4227 παρὰ
3214 4156 3596 4227 Χριστοφὸρου
3655 4158 4063 4227 μητροπολῐτου

2480 4249 2743 4318 Γαγγρῶν
2796 4248 2889 4302 τοῦ
2922 4249 3234 4318 συγγενοῦςῖ
3259 4249 3446 4303 αὑτοῦ.
3494 4249 3581 4313 Ὣς
3603 4249 3789 4320 ᾄδεται
3819 4250 3876 4303 δὲ
3908 4252 3937 4303 6
3970 4250 4059 4301 Ivi-

2480 4326 2701 4409 γος,ὃτι
2734 4340 2836 4413 ἔφη
2874 4342 2901 4393 6
2953 4341 3263 4412 ἀρχιερεὺς,
3336 4336 3524 4406 Οὗτος
3562 4343 3595 4394 ό
3635 4340 3919 4408 Ἰωάννης
3976 4345 4063 4407 εἷς

2479 4436 2780 4501 λύτρωσιν
2830 4434 2929 4486 καί
2969 4433 3183 4485 ἄνεσιν
3214 4432 3333 4485 τῶν
3368 4433 3671 4501 Ῥωμαίων
3713 4432 4065 4501 γενήσεται.

789 4530 844 4573 et
886 4520 1107 4575 castella
1142 4530 1197 4573 et
1238 4520 1576 4573 munitiones
1610 4518 1989 4587 Agarenorum
2039 4520 2365 4589 subjugavit,

2483 4527 2690 4587 Πολλὰς
2728 4526 2838 4595 γὰρ
2900 4525 2992 4577 καὶ
3042 4525 3302 4586 πλείστας
3355 4526 3541 4587 πόλεις
3590 4528 3684 4576 καὶ
3725 4526 3943 4595 κάστρα
3972 4528 4071 4577 καλ

790 4614 1069 4684 dupluque
1112 4612 1517 4683 productiorcin
1563 4614 1865 4665 tiomauam
1908 4613 2173 4666 ditionem
2225 4613 2372 4682 fecit,

791 4724 918 4763 eum
967 4708 1121 4776 prius
1168 4706 1378 4760 Christi
1426 4705 1550 4758 lidei
1604 4706 1788 4760 hostes
1844 4706 1897 4759 in
1949 4722 2044 4760 eas
2092 4711 2375 4775 angustias

792 4799 1106 4870 adegissent
1140 4797 1328 4866 sicque
1359 4798 1790 4865 mancipassent,
1818 4805 1876 4850 ut
1904 4806 2057 4851 extra
2086 4798 2376 4854 Charsiani

794 4910 977 4948 arcem
1004 4892 1402 4962 llypselemque
1436 4900 1490 4943 et
1516 4890 1614 4967 Aiy
1644 4889 1871 4944 [luvium
1908 4906 2015 4943 non
2039 4901 2377 4945 excurreret.

795 4985 999 5041 Fidelis
1043 5000 1170 5038 vero
1216 4984 1383 5052 inque
1428 4982 1800 5036 liotnanorum
1842 4982 2228 5048 imperatorem
2262 4993 2379 5037 stu-

795 5080 987 5134 diosus
1019 5092 1342 5148 gnavusque
1376 5076 1520 5129 illius
1553 5091 1747 5130 seruus
1788 5073 2029 5129 Joannes
2062 5075 2377 5129 scholarum

797 5174 1135 5228 domesticus
1160 5171 1226 5225 ad
1252 5170 1582 5239 Euphratem
1609 5184 1778 5237 usque
1805 5183 1868 5222 ac
1884 5167 2089 5237 Tigrim
2120 5167 2382 5223 Romana:

798 5264 1026 5321 ditionis
1069 5266 1202 5320 lines
1248 5262 1498 5333 protulit,
1544 5262 1826 5331 spoliaque
1870 5277 1933 5315 ac
1991 5277 2218 5315 mttnera
2268 5261 2381 5316 Bo-

802 5360 980 5414 manis
1009 5358 1229 5422 obtulit,
1280 5357 1517 5425 indeque
1553 5356 1851 5424 imperator
1886 5370 2081 5408 novum
2120 5357 2378 5425 papulum

802 5468 866 5508 ac
910 5451 1213 5506 exercitum
1249 5448 1613 5517 comparavit,
1668 5448 1949 5516 multaque
1996 5446 2199 5500 tributa
2230 5456 2385 5515 quot-

802 5545 963 5601 annis
994 5544 1279 5614 pendenda
1334 5542 1553 5605 indixit,
1589 5540 1858 5610 pluraque
1902 5539 2075 5607 spolia
2107 5549 2159 5593 et
2187 5555 2383 5594 currus

801 5649 857 5693 et
886 5637 1132 5707 captivos
1179 5637 1462 5708 Agarenos
1494 5636 1620 5689 inde
1664 5633 1894 5687 reiexit.
1940 5631 2190 5686 Maximis
2235 5633 2380 5685 enim

803 5731 1201 5788 certaminibus
1258 5745 1317 5785 se
1366 5730 1481 5799 ipse
1533 5728 1815 5797 oiijectans
1871 5725 2169 5780 inﬁdelium
2219 5725 2381 5778 urbes

2482 4618 2667 4688 χώρας
2713 4620 2807 4670 καὶ
2864 4617 3155 4669 καστέλλια
3214 4617 3308 4669 καὶ
3374 4618 3539 4670 τοπια
3587 4619 3697 4671 τῶν
3738 4620 4069 4688 ’Δγαρηνῶν

2482 4709 2833 4780 ἐχειρώσατο,
2890 4709 2984 4762 καὶ
3030 4710 3130 4777 τὴν
3168 4708 3478 4777 Ῥωμυίαν
3540 4709 3737 4779 διπλῆν
3798 4716 4074 4779 κατεστή-

2486 4815 2635 4863 σατο,
2690 4798 2955 4868 πρότερον
3008 4797 3173 4851 οὖσαν
3229 4798 3321 4850 καὶ
3375 4799 3752 4869 κατεχομένην
3792 4801 3898 4853 ὑπὸ
3956 4803 4075 4854 τῶν

2480 4890 2732 4962 ἀρνητῶν
2760 4892 2854 4943 τοῦ
2895 4892 3133 4959 Χριστοῦ
3171 4892 3333 4961 μέχρι
3364 4891 3455 4943 τοῦ
3477 4893 3791 4961 Χαρσιανοῦ
3819 4896 4069 4965 κάστρυυ

2480 4985 2575 5036 καὶ
2628 4984 2725 5052 τῆς
2786 4984 3024 5052 ’Υψηλῆς
3084 4985 3177 5037 καὶ
3224 4986 3318 5037 τοῦ
3372 4986 3512 5037 ’Λλυ
3579 4986 3854 5055 ποταμοῦ.
3926 4989 4069 5041 Ὀδὲ

2474 5080 2664 5136 πιστδς
2688 5077 2781 5128 καὶ
2837 5076 3120 5134 σπουδαῖος
3155 5078 3289 5142 πρὶς
3331 5076 3611 5147 Ῥωμανδν
3666 5081 4063 5150 αὐτοκράτορι

2493 5168 2744 5237 Ἰωάννης
2799 5166 2882 5239 [Ρ.
2934 5168 3064 5237 263i]
3116 5168 3437 5236 δομέστικοξ
3489 5172 3597 5224 τῶν
3663 5172 3872 5241 σχολῶν
3904 5174 4073 5243 μέχρι

2483 5261 2572 5313 τοῦ
2618 5262 2902 5329 Εὐφράτου
2944 5263 3037 5313 καὶ
3064 5260 3157 5314 τοῦ
3182 5262 3356 5331 Τίγρη
3376 5265 3443 5316 τὰ
3471 5264 3595 5334 ὅρια
3616 5264 3732 5316 Δτῶν
3772 5265 4075 5335 Ῥωμαίων

2484 5355 2752 5423 ἐστήσατο
2811 5356 2905 5407 καὶ
2950 5356 3153 5425 προῖκα
3205 5357 3299 5407 καὶ
3325 5355 3472 5422 δῶρα
3494 5358 3559 5425 τῇ
3597 5356 3881 5429 Ῥωμανὲᾳ
3911 5377 4077 5429 προσ-

2485 5446 2737 5515 ήνεγκεν,
2786 5450 2881 5499 καὶ
2945 5447 3074 5500 λαὸν
3126 5447 3223 5499 καὶ
3268 5448 3826 5517 στρατδνόβασιλεὺς
3856 5454 4073 5505 ἐκεῖθεν

2488 5542 2917 5608 προσεκτήσατο,
2952 5541 3047 5593 καὶ
3070 5541 3274 5611 φόρους
3304 5540 3534 5605 πολλοὺς
3596 5542 3831 5613 ἐτησίοις
3865 5544 4076 5613 111161-

2489 5649 2598 5682 νειν
2656 5632 2957 5699 έτύπωσεν,
3020 5635 3115 5686 καὶ
3144 5633 3353 5687 πολλῶν
3380 5634 3640 5705 λαφύρων
3675 5638 3771 5689 καὶ
3805 5638 4081 5707 ἁρμάτων)

2490 5728 2582 5777 καὶ
2628 5727 2991 5795 αἰχμαλώτων
3065 5728 3382 5799 ’Δγαρηνῶν
3411 5728 3625 5783 ἐκεῖθεν
3665 5730 3985 5801 ἀπήνεγκεν
4008 5732 4079 5781 ³⁸.

2068 5818 2299 5874 VARUS
2346 5820 2744 5879 LECTIONLS.

878 5920 927 5946 ”
958 5918 1107 5969 Dus!
1136 5933 1229 5972 νον
1270 5917 1472 5977 aliqua.
1504 5915 1588 5972 εει
1624 5922 1809 5968 ξιιιυῑυι
1859 5912 2193 5983 βαρῆηονειη
2227 5916 2470 5970 Combef.
