4154 6450
765 388 867 448 147

1859 386 2265 445 THEUPUAN
2278 386 2369 444 ES
2407 387 2590 446 CON'I
2606 388 2684 446 ΙΝ
2697 384 2944 446 UATUS

3915 369 4019 433 “8

770 510 928 565 atque
958 504 1143 565 parata
1178 495 1503 564 possideret.
1542 495 1705 547 Mittit
1737 495 1901 564 igitur
1928 494 2207 549 Romanus
2240 510 2336 549 σοι
2367 535 2378 558 Α

2479 499 2511 551 Ο
2556 496 2613 549 δὲ
2672 491 2949 562 Ῥωμανδς
3017 486 3347 547 ἀποστείλας
3415 483 3510 536 καὶ
3563 480 3807 550 ζητήσας
3866 483 4020 535 οὐδέν

774 599 1010 655 ,iiitores
1042 586 1260 656 judices
1288 626 1302 649 ,
1347 585 1705 656 diligentique
1761 600 1941 639 rerum
2000 584 2344 654 inspectione

2479 588 2698 658 φεῦρεν,
2728 587 2823 639 καὶ
2875 580 3134 652 μεταδοὺς
3166 577 3267 647 τῆς
3314 574 3491 645 ἀρχῆς
3546 574 4019 640 άποκατεστησεν.

772 679 973 732 nullius
1012 692 1163 733 reum
1195 677 1448 730 criminis
1478 676 1762 729 on‘endens
1808 677 1863 731 in
1904 675 2187 744 pristinam
2217 688 2343 729 eum

772 771 1095 839 dignitatem
1153 768 1417 821 restituit.
1470 766 1601 833 Ejus
1645 778 1824 820 tamen
1872 765 1949 819 rei
1989 779 2157 818 causa
2200 764 2348 834 apud

775 865 1014 931 reliquos
1040 860 1390 930 Augustosci
1422 860 1655 913 emillata
1693 858 1895 911 invidia
1932 873 2157 911 munere
2183 858 2346 911 abdi-

773 959 950 1015 catur,
984 951 1214 1019 CillSllUC
1237 950 1356 1003 loco
1380 949 1731 1012 Panthcrius,
1756 949 2002 1000 Romano
2028 947 2351 1016 imperatori

774 1039 1056 1106 sanguinis
1116 1036 1526 1092 necessitudine
1581 1036 1951 1103 conjunctus,
2010 1035 2350 1089 domesticus

770 1132 1154 1183 constituitur.

846 1220 937 1276 M.
986 1220 1255 1274 ueterum
1304 1217 1586 1271 Rullianus
1630 1218 1926 1287 imperator
1977 1217 2129 1271 urbis
2170 1212 2356 1271 debita

767 1314 959 1368 omnia
986 1327 1168 1382 :esque
1200 1312 1439 1366 alienum
1471 1312 1670 1365 civium
1699 1309 2123 1375 omne,divitum
2152 1312 2366 1380 pariter.

779 1420 1194 1475 pauperumque
1234 1419 1297 1458 ac
1342 1417 1663 1473 egenorum,
1710 1410 1978 1472 quantum
2035 1417 2101 1454 ex
2154 1403 2358 1457 tabulis

2446 681 2631 750 Φθόνῳ
2657 678 2713 731 δὲ
2739 675 2888 745 αὐτῷ
2917 674 3025 726 τῶν
3066 670 3325 725 τοιούτων
3356 666 3667 720 ὑποθέσεων
3711 665 3868 734 παρα
3916 664 4025 718 τῶν

2450 772 2652 825 λοιπῶν
2696 768 3049 839 κινηθέντων,
3079 763 3338 816 ἐκπίπτει
3372 761 3470 829 τῆς
3500 758 3693 827 ἀρχῆς,
3730 758 3828 808 καὶ
3861 756 4026 825 δομι-

2453 880 2635 925 στικος
2665 862 2778 913 ἀντ’
2806 859 2971 913 αὑτοῦ
3008 854 3420 925 προχειρίζβται
3466 848 3792 918 Πανθήριος,
3829 864 4030 915 συγγε-

2454 958 2549 1027 νὴς
2578 953 2671 1007 τοῦ
2705 952 2967 1022 βασιλέως
2998 944 3316 1018 ⁴Ῥωμανοῦ.

2533 1220 2633 1288 μδν.
2677 1218 2737 1269 '0
2765 1216 2823 1267 δὲ
2857 1212 3109 1283 βασιλεὺς
3152 1207 3431 1278 Ῥωμανὸς
3456 1207 3634 1261 πάντα
3661 1204 3731 1257 τά
3760 1203 3895 1273 χρέη
3935 1202 4040 1267 τῆς

2460 1311 2667 1371 πόλεως
2699 1305 2807 1360 ἀπό
2830 1322 2889 1358 τε
2913 1303 3204 1365 πλουσίων,
3259 1298 3630 1366 μεγιστάνων,
3679 1293 3912 1364 πτωχῶν
3944 1295 4043 1345 καὶ

2461 1400 2729 1465 πενήτων,
2761 1396 2862 1448 ὅσα
2904 1392 2972 1446 ἂν
3009 1392 3070 1443 ὲν
3104 1387 3327 1458 φανερῷ
3378 1385 3790 1449 ἀπεδείκνυντο,
3822 1382 4043 1435 ἀπέδω-

780 1500 998 1570 probari
1029 1505 1261 1566 poterat,
1293 1495 1547 1549 dissolvit
1580 1504 1861 1564 ;suntque
1892 1495 2025 1549 adeo
2053 1495 2145 1564 qui
2173 1493 2361 1548 dicant

2479 1507 2586 1542 ιενο
2619 1488 2695 1550 ὣς
2731 1485 2865 1554 φασί
2899 1500 3043 1545 τινες
3071 1483 3153 1535 ὃτι
3193 1481 3426 1533 δέδωκεν
3468 1477 3800 1547 κεντηνάρια
3854 1476 4044 1525 ἐννεα-

781 1592 997 1646 dedisse
1015 1589 1352 1659 undeviginti
1382 1589 1722 1642 ccnteuaria.
1748 1587 2041 1642 Nominum
2065 1587 2279 1642 tabulas
2306 1587 2361 1641 in

781 1682 1014 1738 Chalccs
1070 1696 1349 1751 purpureo
1400 1678 1664 1731 umbilico
1704 1679 2033 1745 combussit,
2090 1679 2363 1734 universis

788 1774 964 1830 fauste
994 1774 1446 1837 acclamantibus,
1477 1774 1725 1843 votisque
1757 1773 2144 1840 imperatorem
2174 1786 2365 1841 prose-

2464 1582 2689 1635 καίδεκα
2712 1597 2725 1611 ·
2761 1579 2859 1639 τὰς
2891 1577 2947 1629 δὲ
2995 1574 3288 1644 ὁμολογίας
3329 1569 3668 1623 κατέκαυσεν
3694 1569 3775 1628 εἰς
3804 1565 3866 1617 τὸ
3904 1581 4046 1632 πορ-

2466 1671 2672 1741 φυροῦν
2704 1669 2971 1739 ὀμφάλιον
3000 1668 3098 1736 τῆς
3129 1663 3375 1733 Χαλκῆς,
3407 1662 3626 1715 πάντων
3658 1657 4050 1727 ἐπευχομένων

2467 1768 2557 1819 τὸν
2586 1764 2831 1835 βασιλέα.
2864 1762 2955 1832 Τῷ
2997 1762 3054 1815 δέ
3113 1760 3347 1828 εἰκοστῷ
3377 1757 3616 1828 δευτέρῳ
3650 1755 3819 1808 αὑτοῦ
3866 1754 4051 1825 χρόνῳ

787 1870 1106 1935 quentibus.
1142 1866 1360 1935 lmperii
1387 1880 1532 1918 anno
1558 1864 1802 1919 secundo
1823 1880 1986 1933 supra
2019 1864 2361 1933 vigesimum,

2479 1859 2671 1912 Ξέδωκέ
2696 1856 2767 1909 τά
2796 1853 3043 1908 ἐνοικικά
3084 1853 3270 1918 πάσης
3298 1851 3395 1918 τῆς
3424 1847 3653 1909 πόλεως,
3702 1845 3811 1897 ἀπὸ
3846 1844 4052 1912 μικροῦ

789 1961 961 2029 pretia
1008 1959 1296 2012 domorum
1345 1957 1556 2011 civibus
1585 1955 1749 2026 5,30
1774 1938 2030 2010 omnibus
2068 1956 2366 2010 conducto-

791 2053 943 2106 ribus
970 2065 998 2102 a
1034 2050 1270 2103 maximo
1311 2048 1378 2103 ad
1412 2048 1698 2102 minimum
1732 2063 1908 2117 usque
1945 2048 2172 2103 dimisit.
2208 2047 2367 2103 Feria

789 2151 984 2213 quarta
1022 2148 1075 2194 et
1117 2142 1420 2195 Parasceve
1466 2143 1533 2194 ad
1577 2154 1972 2194 conversurum
2006 2140 2200 2195 exiens
2222 2141 2368 2196 mdes

793 2237 994 2288 scortis
1022 2232 1278 2287 omnibus
1310 2240 1598 2301 argenteos
1630 2233 1769 2287 duos
1796 2232 2057 2301 erogabat
2090 2251 2106 2297 ;
2138 2232 2369 2288 inclusis

792 2329 926 2383 viris
949 2335 1004 2381 et
1036 2326 1255 2381 fetuinis
1290 2325 1522 2393 singulis
1563 2335 1674 2379 tres
1713 2340 1964 2380 nummos
1995 2325 2365 2393 impendebat.

797 2418 1071 2473 Ecclesia:
1102 2433 1230 2472 vero
1264 2425 1319 2471 et
1368 2416 1700 2471 monasteria
1734 2417 1889 2486 plura
1917 2419 2190 2473 exstruxit
2220 2436 2235 2482 ;
2275 2435 2370 2473 ve—

797 2518 907 2566 stes
938 2523 1159 2580 quoque
1196 2523 1334 2562 auro
1367 2516 1654 2563 contextas
1682 2509 2000 2579 calicesque
2032 2524 2157 2565 cum
2199 2511 2371 2568 discis

810 2616 988 2656 .acros
1033 2600 1266 2669 largitus
1304 2599 1726 2670 est.‘Hnspitale
1754 2616 1974 2671 quoque
2012 2601 2080 2657 ad
2109 2602 2373 2659 Mabriani

795 2693 936 2747 sedes
980 2693 1262 2759 excitavit,
1316 2693 1557 2764 fecitque
1606 2674 1825 2751 stabula
1856 2709 1921 2750 ac
1964 2695 2205 2768 hospitia
2254 2699 2371 2768 pul-

795 2786 1068 2841 cherrima
1094 2802 1110 2841 :
1147 2793 1321 2843 strata
1347 2789 1513 2841 etiam
1545 2787 1747 2842 struxit
1775 2788 1979 2843 cubilia
2011 2803 2082 2843 ac
2099 2790 2373 2856 cubicula,

788 2892 988 2932 eorum
1020 2878 1266 2933 omnium
1292 2879 1465 2948 gratia
1488 2880 1582 2948 qui
1606 2880 1853 2950 hospites
1873 2880 2064 2936 urbem
2098 2890 2291 2952 petunt
2313 2897 2377 2938 ac

800 2971 925 3024 lites
961 2980 1152 3041 agunt.
1182 2969 1325 3038 Quin
1349 2980 1406 3026 et
1428 2971 1496 3026 de
1537 2971 1753 3029 illorum
1796 2972 2153 3042 ipsorumque
2186 2987 2375 3027 eorum

795 3064 1166 3132 jumentorum
1206 3080 1269 3119 ac
1311 3064 1638 3119 famulorum
1669 3065 1796 3118 cibo
1829 3066 2135 3135 pabuloque
2184 3066 2379 3122 statuit

2468 1951 2569 2011 ἓως
2609 1947 2867 2019 μεγάλου.
2893 1942 3171 2014 Τετράδην
3202 1942 3297 1995 καὶ
3343 1937 3701 2010 παρασκευὴν
3754 1934 4053 2002 ἐξερχόμε-

2468 2056 2557 2102 νος
2576 2038 2739 2100 εἰςτά
2762 2033 3213 2104 μεταστασίματα
3244 2028 3405 2082 ἐδίδει
3429 2028 3611 2081 πᾶσαν
3638 2023 3926 2093 πολιτικὴν
3950 2023 4057 2075 ἀνὰ

2469 2129 2725 2201 ἀργυρῶν
2761 2127 2881 2180 δύο“
2918 2124 3012 2177 καὶ
3059 2123 3204 2187 τοὺς,
3250 2120 3601 2195 ἐγκλείστους
3660 2117 3755 2169 καὶ
3804 2114 3909 2177 τὰς
3958 2115 4056 2182 ἐγς

2470 2223 2721 2285 κλείστας
2754 2219 3010 2288 ἐρόγευεν
3042 2214 3146 2268 ἀνά
3186 2213 3542 2285 νομισμάτων
3587 2209 3775 2280 τριῶν.
3813 2205 4056 2274 Ἐκκλη-

2474 2317 2594 2379 σίας
2635 2314 2693 2368 δὲ
2749 2312 2845 2367 καὶ
2904 2308 3247 2380 μοναστήρια
3286 2306 3459 2358 πολλὰ
3505 2304 3758 2357 ἔκτισεν·
3785 2299 3924 2353 ἀλλά
3965 2300 4059 2353 καὶ

2471 2408 2695 2469 ἐνδύτας
2740 2403 3185 2476 χρυσοῡφάντους
3220 2401 3312 2452 καὶ
3341 2398 3741 2478 δισκοποτήρια
3784 2391 4058 2461 arts-lapi-

2476 2518 2627 2556 σατο.
2664 2499 2774 2552 Kal.
2807 2496 3140 2564 Εενοδοχεῖον
3197 2491 3529 2561 καθίδρυσεν
3576 2490 3654 2551 είς
3692 2486 3760 2540 τά
3794 2484 4061 2554 Μαϐρια-

2473 2590 2588 2655 νοῦ,
2632 2590 2727 2642 καὶ
2776 2585 3044 2648 στάϐλους
3100 2582 3333 2653 ποιήσας
3365 2578 3453 2653 [Ρ.
3484 2578 3615 2650 26η
3668 2577 3765 2630 καὶ
3811 2575 4065 2644 ὀσπήτια

2476 2676 2741 2740 κῖάλλιστα
2770 2680 2867 2733 καὶ
2903 2672 3431 2749 κραϐϐατοστρὼσια
3450 2670 3550 2733 ⁸διὰ
3578 2670 3705 2731 τοὺς
3737 2665 4066 2739 εἰσερχομέ-

2475 2793 2598 2837 νους
2628 2773 2838 2834 πάντας
2863 2768 3158 2833 ἐξωτικοὺς
3180 2767 3275 2821 καὶ
3303 2764 3457 2826 δίκας
3486 2761 3869 2834 λαμϐάνοντας
3919 2773 4065 2811 κατ-

2479 2865 2797 2940 εσκεύακεν.
2854 2860 3015 2916 Ἀλλά
3069 2860 3163 2912 καὶ
3214 2858 3356 2926 ὑπὲρ
3411 2854 3709 2925 διατροφῆς
3762 2848 3949 2904 αὐτῶν
4001 2865 4065 2900 τε

2478 2956 2714 3013 καὶτῶν
2747 2938 2959 3020 ἀλόγων
2992 2949 3171 3004 αὐτῶν
3217 2949 3313 3002 καὶ
3361 2946 3470 3000 τῶν
3524 2944 3830 3013 ἀνθρώπιον
3878 2938 4067 2993 αὐτῶν

2479 3053 2769 3123 διωρίσατο
2788 3034 2891 3102 καὶ
2924 3044 3289 3118 προσέταξεν.
3318 3041 3431 3095 Καὶ
3467 3038 3744 3107 οἰκήματα
3780 3031 4068 3104 προσεκὺ-

801 3166 962 3226 atque
1001 3159 1271 3225 praecepit.
1298 3156 1497 3210 Domos
1531 3157 1584 3211 in
1612 3172 1731 3211 eam
1759 3173 1870 3210 rem
1898 3157 2053 3209 ﬁrma
2082 3159 2377 3213 donatiOue

2484 3163 2679 3218 ρωσεν,
2706 3146 2767 3197 τὸ
2818 3139 3121 3200 άνελλιπῶς
3161 3135 3419 3189 δίδοσθαι.
3472 3131 3645 3185 Τοῦτο
3698 3129 3757 3181 δὲ
3802 3128 4070 3194 ἐποίησεν

804 3246 1036 3311 addixit,
1071 3256 1128 3299 ut
1164 3234 1544 3302 iudeliéieuter
1577 3254 1829 3316 sumptus
1878 3247 2210 3303 sullicerent.
2264 3248 2380 3303 Hoc

801 3350 983 3395 autem
1027 3340 1244 3394 illorum
1295 3341 1467 3409 gratia
1515 3338 1663 3401 fecit,
1709 3339 1804 3408 qui
1857 3339 2103 3408 hospites
2145 3340 2269 3394 lites
2325 3340 2380 3393 in

804 3434 936 3488 urbe
968 3434 1190 3500 habent,
1218 3443 1278 3488 ut
1306 3432 1431 3487 inde
1462 3416 1829 3502 procurentur
1852 3439 2015 3501 atque
2039 3430 2279 3485 alantur.
2300 3432 2379 3485 Ad

802 3527 1117 3597 sepulcrum
1151 3541 1309 3580 suum
1341 3525 1458 3579 dari
1486 3526 1655 3595 jussit
1681 3525 1927 3595 quotidie
1958 3524 2193 3579 frustula
2219 3523 2385 3579 oﬂ’as-

803 3632 911 3687 que
960 3619 1183 3689 triginta
1223 3618 1414 3671 millia.
1448 3619 1652 3683 Quarta
1704 3616 1841 3671 feria
1883 3624 1939 3671 et
1994 3614 2291 3671 Parasceve
2328 3616 2384 3669 in

810 3712 1065 3779 pratorio
1098 3719 1153 3764 et
1191 3709 1394 3767 Chalcc
1424 3717 1478 3764 et
1504 3708 1759 3765 Numeris
1800 3708 1998 3763 vinctis
2024 3707 2255 3775 singulis
2281 3708 2384 3761 t'ol-

807 3803 887 3859 lcs
921 3799 1234 3870 quindecim
1294 3801 1509 3871 erogari
1539 3800 1820 3855 mandavit
1845 3839 1860 3865 ,
1885 3814 2192 3870 magnaque
2223 3798 2388 3853 Para-

806 3908 970 3949 seeve
995 3907 1246 3947 nummos
1274 3893 1520 3963 singulos
1546 3893 2016 3963 eleemosyuarum
2039 3893 2258 3947 nomine
2276 3892 2386 3948 illis

809 3983 1003 4038 tribui.
1036 3983 1248 4054 Olympi
1282 3983 1586 4039 monachos
1621 3994 1676 4039 et
1712 3982 1956 4054 Cyminz
1984 3999 2039 4038 e.
2069 3982 2302 4037 Athonis
2335 3990 2387 4036 et

809 4079 1071 4135 Barachei
1100 4088 1153 4135 et
1180 4078 1328 4135 Latri
1351 4093 1654 4149 omnesque
1673 4093 1958 4133 nummum
1988 4092 2159 4133 unum
2180 4075 2385 4130 viritim

809 4187 875 4226 ex
908 4186 1010 4226 suo
1044 4171 1382 4225 monasterio
1407 4170 1658 4239 accipere
1688 4171 1882 4226 voluit.

882 4346 970 4404 45.
1010 4348 1314 4403 lndictione
1339 4348 1536 4418 prima,
1558 4363 1743 4404 mense
1767 4348 1964 4417 Aprili,
2001 4362 2195 4403 rursus
2222 4348 2387 4403 Turci

814 4459 942 4497 cum
988 4444 1303 4513 ingentibus
1340 4442 1517 4511 copiis
1566 4441 1827 4495 Romana:
1865 4442 2089 4495 ditionis
2124 4442 2260 4495 lines
2298 4442 2384 4494 in-

813 4510 1097 4589 vaserunt.
1146 4510 1571 4603 Egressusivero
1599 4532 1961 4601 Theophanes
2006 4528 2167 4603 5.31
2216 4531 2389 4600 patri-
2418 4510 2460 4565 υ

815 4627 936 4681 eius
963 4625 1247 4681 accubitor
1280 4624 1431 4694 pacis
1464 4638 1593 4677 cum
1635 4623 1716 4677 eis
1760 4621 1941 4677 [cadus
1970 4624 2267 4691 percussit,
2302 4636 2394 4675 ac-

814 4717 988 4787 .»-~ptl=
1042 4716 1335 4770 obsidibus
1380 4731 1445 4769 ex
1492 4714 1911 4769 illustrioribus.
1953 4712 2202 4783 Hincque
2252 4712 2393 4799 adeo

814 4816 1047 4880 contigit
1078 4825 1133 4863 tn
1167 4822 1344 4862 annos
1374 4807 1620 4876 quinque
1651 4821 1839 4875 pacem
1880 4805 2244 4875 induciasque
2273 4820 2394 4860 ser-

814 4899 957 4955 vari.
1002 4898 1275 4954 Caeterum
1313 4896 1594 4952 Romanus
1628 4898 1924 4967 imperator
1963 4897 2251 4966 plerasque
2296 4911 2394 4966 per

820 4991 1194 5046 Macedoniam
1227 4999 1391 5059 atque
1428 4989 1721 5044 Thraciam
1754 4989 1920 5046 urbes
1949 5004 1979 5043 a
2018 4987 2391 5044 fundamentis

818 5081 1112 5146 exstruxit,
1151 5081 1291 5136 alias
1322 5082 1619 5150 reparavit.
1653 5078 1764 5135 Nec
1808 5080 1863 5134 id
1908 5078 2092 5146 modo,
2125 5078 2220 5135 sed
2248 5088 2304 5135 et
2336 5082 2390 5132 lu

820 5176 957 5231 urbe
996 5182 1228 5245 augusta
1284 5172 1605 5244 magniﬁcas
1651 5172 1795 5227 aedes
1825 5172 2004 5242 regias
2037 5171 2390 5237 instauravit,

821 5280 978 5342 prata
1020 5281 1239 5338 quoque
1271 5267 1451 5336 opima
1487 5281 1551 5320 ac
1598 5264 1898 5328 uberrima,
1927 5280 2048 5333 quae
2083 5264 2244 5333 longe
2279 5279 2396 5318 ma-

827 5364 1030 5416 ximam
1060 5360 1395 5430 voluptatem
1430 5366 1728 5429 pra-stent;
1760 5356 1855 5411 sed
1882 5365 1939 5411 et
1978 5356 2032 5410 iu
2068 5369 2263 5411 senum
2298 5355 2400 5409 ali-

830 5461 1012 5508 menta
1057 5450 1447 5521 hospitumque
1475 5449 1780 5504 diversoria
1833 5463 1897 5501 ac
1926 5462 2196 5516 aegrorum
2226 5444 2403 5500 domi-

830 5542 952 5597 cilia
980 5542 1313 5607 construxit,
1340 5540 1647 5597 mercedem
1680 5556 1708 5593 a
1735 5538 1843 5595 Deo
1868 5522 2148 5609 armatique
2170 5538 2398 5593 salutem

832 5651 1065 5707 sperans
1091 5651 1153 5693 se
1183 5642 1533 5705 recepturum
1568 5649 1713 5691 esse.

2481 3241 2569 3295 διὰ
2600 3241 2724 3301 τοὺς
2746 3237 2966 3307 ἔχοντας
2990 3233 3145 3294 δίκας
3168 3226 3463 3295 ἐξωτικοὺς
3496 3224 3591 3279 καὶ
3616 3220 4067 3292 εἰσερχομένους,

2484 3335 2571 3386 ἵνα
2600 3330 2994 3400 διατρέφωνται
3050 3324 3145 3377 καὶ
3192 3318 3525 3374 διοικοῦνται
3556 3314 3615 3379 ἐξ
3654 3311 3843 3366 αὐτοῦ.
3879 3310 3978 3371 Et;
4012 3309 4071 3361 δὲ

2483 3424 2573 3478 τὸν
2598 3422 2766 3489 τάφον
2796 3418 2965 3472 αὑτοῦ
3005 3415 3301 3484 διωρίσατο
3330 3412 3418 3463 ἵνα
3441 3408 3561 3463 καθ’
3592 3406 3829 3472 ἑκάστην
3848 3404 4071 3473 ἡμέραν

2483 3519 2730 3571 δίδωνται
2776 3510 2967 3582 ψωμία
2996 3510 3039 3542 ⁸⁷
3095 3506 3356 3579 μυριάδες
3389 3501 3460 3570 γ’,
3509 3500 3605 3553 καλ⁵
3656 3497 3925 3566 τετράδην
3974 3494 4072 3548 καὶ

2486 3604 2839 3676 παρασκευὴν
2867 3603 2954 3655 ἵνα
2981 3600 3199 3653 δίδωται
3223 3598 3299 3659 είς
3324 3595 3385 3647 τὸ
3412 3590 3713 3663 πραιτώριν
3736 3588 3827 3640 καὶ
3858 3589 3942 3649 εἰς
3970 3588 4072 3654 τὴν

2489 3699 2708 3767 Χαλκῆν
2741 3696 2835 3749 καὶ
2868 3696 2949 3757 εἰς
2973 3693 3040 3747 τά
3072 3689 3335 3759 Νούμερα
3376 3686 3476 3738 ἕνα
3510 3684 3743 3767 ἕκαστον
3772 3680 4072 3748 ἄνθρωπον

2487 3791 2592 3846 άνά
2620 3790 2833 3860 φιυλέας
2865 3785 3191 3847 δεκαπέντε,
3231 3782 3324 3834 καὶ
3352 3782 3416 3849 τῇ
3454 3776 3667 3847 μεγάλῃ
3726 3772 4074 3840 Παρασκευῇ

2490 3886 2697 3947 πάντας
2728 3884 2854 3945 τοὺς
2887 3877 3190 3949 φυλακίτας
3247 3872 3356 3928 ἀνά
3414 3870 3746 3939 νομίσματος
3794 3866 3938 3928 ἑνός.
3976 3867 4073 3914 Δι-

2486 3975 2724 4047 ωρίσατο
2740 3972 2797 4025 δὲ
2819 3972 2944 4033 τοὺς
2974 3966 3241 4038 μοναχοὺς
3263 3962 3358 4016 τοῦ
3389 3960 3689 4030 Ὀλύμπου,
3710 3956 3805 4010 τοῦ
3824 3955 4074 4024 Κυμινᾰ,

2486 4066 2582 4121 τοῦ
2613 4063 2875 4128 Ἀθωνος,
2915 4059 3009 4112 τοῦ
3060 4056 3358 4129 Ιίαραχέως
3393 4054 3487 4106 καὶ
3534 4051 3628 4104 τοῦ
3659 4051 3934 4118 Λάτρους.
3978 4046 4075 4097 καὶ

2490 4160 2694 4220 πάντας
2746 4154 3045 4225 λαμϐάνειν
3078 4151 3184 4203 ἀνά
3232 4149 3572 4218 νομίσματος
3607 4144 3724 4204 ένός
3752 4158 3765 4172 ο
3806 4139 3986 4193 ταῦτα
4021 4138 4079 4190 δὲ

2488 4253 2785 4325 λαμϐάνειν
2814 4247 3009 4310 αὐτοὺς
3046 4247 3110 4297 ἐκ
3133 4242 3231 4311 τῆς
3269 4242 3405 4302 ἰδίας
3432 4237 3598 4292 αὐτοῦ
3626 4235 3816 4305 μονῆς.

2564 4352 2666 4417 με’.
2710 4340 3061 4401 ἰνδικτιῶνος
3089 4334 3316 4406 πρώτης
3378 4330 3677 4403 Ἀπριλλίῳ
3720 4328 3851 4397 μηνὶ
3903 4327 4081 4389 ἐπῆλ-

2492 4444 2582 4496 θον
2605 4438 2764 4493 πάλιν
2787 4437 2835 4489 οἱ
2861 4433 3096 4502 Τοῠρκοι
3136 4428 3277 4499 μετὰ
3302 4426 3561 4495 πλείστης
3590 4422 3893 4490 δυνάμεως.
3939 4420 4001 4470 '0
4021 4419 4080 4470 δὲ

2491 4531 2776 4603 πατρίκιος
2833 4525 3115 4595 Θεοφάνης
3175 4523 3204 4573 ὁ
3260 4514 3769 4588 παρακοιμώμενος
3840 4510 4083 4575 ἐξελθὼν

2490 4621 2723 4683 σπονδάς
2767 4614 3049 4687 εἰρηνικὰς
3108 4608 3332 4680 ἐποίησε
3388 4605 3508 4678 μετ’
3573 4604 3778 4667 αὐτῶν,
3846 4603 4083 4671 ὁμήρων

2492 4708 2748 4782 ἐμφανῶν
2769 4707 2814 4738 ⁸⁸
2846 4701 3255 4770 ἀναλαϐόμενος
3272 4714 3287 4729 ο
3322 4696 3381 4763 ἐξ
3408 4688 3469 4749 οὗ
3495 4692 3699 4761 συνέϐη
3727 4691 4084 4782 ἐπιχρὸνους

2492 4780 2652 4855 πέντε
2681 4798 2780 4869 τὴν
2810 4795 3038 4866 εἰρήνην
3082 4787 3546 4858 διαφυλαχθίψαι.
3591 4783 3653 4836 '0
3699 4782 3759 4835 δὲ
3819 4780 4083 4851 βασιλεὺς

2505 4893 2784 4961 Ῥωμανὸς
2812 4887 3090 4947 πλείσταις
3123 4880 3316 4935 πόλεσι
3350 4878 3492 4932 κατὰ
3522 4873 3865 4930 Μακεδονίαν
3895 4890 3955 4925 τε
3981 4873 4085 4923 καὶ

2497 4986 2738 5056 Θρᾴκην,
2771 4980 2869 5041 τάς
2904 4978 3001 5049 μὲν
3050 4978 3114 5029 ἐκ
3145 4973 3361 5044 βάθρων
3398 4967 3841 5039 ἀνῳκοδόμησεν,
3879 4966 3993 5056 τισὶ

2498 5054 2821 5144 καινισμοὺς
2844 5069 3158 5137 ἐπενόησεν.
3187 5065 3261 5119 Οὐ
3301 5062 3407 5134 μὴν
3438 5060 3573 5115 ἀλλά
3605 5057 3749 5111 κατά
3780 5057 3881 5127 τὴν
3918 5054 4088 5124 βασί-

2499 5171 2639 5224 λειον
2668 5168 2819 5221 πόλιν
2880 5161 3156 5234 περιφανῆ
3208 5157 3449 5212 παλάτια
3509 5146 4088 5234 ἐκαινούργησεν,ιτι

2500 5263 2592 5315 καὶ
2621 5258 2895 5330 λειμῶνας
2933 5231 3267 5325 άμφιλαφεῖς
3318 5248 3411 5300 καὶ
3455 5244 3795 5313 εὐκάρπους,
3820 5240 3882 5305 ἐξ
3910 5231 3984 5291 ὧν
4014 5236 4095 5289 οὐ

2497 5352 2736 5425 τυχοῦσα
2765 5349 2956 5420 τέρψις
2979 5345 3255 5415 ἐγγίνεται
3276 5358 3291 5374 ·
3327 5341 3417 5392 ναὶ
3441 5338 3506 5409 δὴ
3530 5337 3623 5388 καὶ
3656 5334 3931 5405 γερόντων
3955 5346 4092 5399 τιν)-

2497 5450 2625 5517 φεῖα
2652 5444 2986 5515 ξενουμένων
3018 5456 3078 5492 τε
3106 5433 3454 5504 καταγώγια,
3517 5426 3955 5501 ἀρρωστούντων
3992 5425 4091 5476 ἐν-

2496 5540 2851 5610 διαιτήματα,
2873 5535 2980 5589 τῶν
3010 5531 3151 5588 κατά
3181 5530 3359 5602 ψυχὴν
3386 5528 3575 5581 ἕνεκεν
3598 5522 3948 5578 ἀντιδόσεων.

2128 5721 2360 5777 VARle
2392 5719 2790 5777 LECTIONES.

906 5820 951 5853 ’ί
988 5820 1141 5898 μάδια
1174 5836 1375 5893 margo.
1456 5822 1502 5855 ⁸⁸
1529 5821 1767 5891 ὁμήρους
1800 5819 1904 5873 τῶν
1941 5816 2219 5889 ἐμφανῶν,
2253 5832 2303 5887 p.
2336 5815 2456 5871 590,
