4154 6450
113 370 205 433 ιω

1092 378 1240 438 LIB.
1267 379 1367 438 VI.
1410 403 1475 415 -
1510 378 1877 442 ROMANUS
1920 381 2380 445 LACAPENUS;

3256 403 3281 454 4
3294 400 3363 455 [δι’

178 484 293 552 pg’.
327 484 598 555 Δευτέρας
634 485 689 540 δὲ
725 486 1056 551 ίνδικτιωνος
1113 492 1141 542 6
1181 487 1460 560 Ῥωμανδς
1535 492 1659 562 βασι

1863 495 1952 550 46.
2018 498 2193 551 l’orro
2242 497 2485 553 secunda
2543 498 2841 558 indictione
2877 500 3158 560 Romanus
3190 504 3347 575 inipe

115 576 227 637 λεὺς
292 577 606 646 Πασχάλιον
679 580 1171 649 πρωτοσπαθάριον
1226 584 1321 636 καὶ
1383 585 1685 656 στρατηγὸν

112 668 509 739 Λογγιδαρδίας
531 670 668 741 πρὸς
693 671 783 723 τὸν
805 672 949 741 ρἦα
968 673 1247 742 ⁴ι’ραγγίας
1263 672 1490 741 Οὖγωνα
1522 676 1687 741 ἐξαπ-

111 762 362 820 έστειλεν.
422 763 521 831 τὴν
558 764 725 816 αὐτοῦ
776 764 1053 835 θυγατέρα
1097 766 1371 832 ἐπιζητῶν
1419 771 1498 829 είς
1548 768 1684 837 νύμ-

110 868 207 919 φην
249 851 527 919 Ῥωμανῷ
556 852 635 920 τῷ
679 854 774 905 τοῦ
798 853 1052 924 γαμϐροῦ
1079 854 1243 906 αὐτοῦ
1271 856 1681 909 Κωνσταντίνου

108 944 199 1008 υἱῷ
220 959 232 971 ·
260 943 332 1010 ἢν
364 945 459 994 καὶ
494 944 780 996 ἀναλαϐὼν
811 946 840 997 6
870 946 1161 1015 εἰρημένος
1207 947 1515 1017 Πασχάλιος
1545 950 1683 1018 μετά

108 1031 331 1084 πλούτου
365 1032 563 1085 πολλοῦ
613 1036 672 1086 ἐν
713 1037 779 1104 τῇ
817 1036 966 1088 πόλει
999 1038 1299 1105 ἀνήγαγεν.
1331 1039 1525 1107 Γέγονε
1570 1040 1626 1092 δὲ
1656 1042 1683 1093 6

107 1127 269 1194 γάμος
310 1127 675 1197 Σεπτεμϐρίῳ
707 1129 841 1198 μηνὶ
885 1130 1221 1195 ίνδικτιῶνος
1272 1133 1486 1203 τρίτης,
1519 1132 1679 1196 "ll-rt;

107 1224 189 1271 λαὶ
210 1221 432 1285 ζήσασα
464 1222 603 1288 μετὰ
630 1221 724 1273 τοῦ
758 1222 951 1291 ἀνδρὸς
996 1222 1091 1293 ἐτη
1127 1223 1291 1277 πέντε
1323 1224 1678 1295 ἐτελεύτησεν

106 1314 214 1373 ταῖς
243 1313 485 1380 ἡμέραις
527 1313 625 1381 τῆς
656 1312 1091 1383 αὐτοκρατορίας
1124 1315 1536 1370 Κωνσταντίνου
1584 1316 1677 1369 τοῦ

106 1404 263 1468 αὐτῆς
301 1403 591 1473 πενοεροῦ.

165 1493 271 1561 ρξ’.
323 1496 557 1564 Ἀνέμου
586 1497 642 1548 δὲ
671 1496 849 1565 βιαίου
872 1498 967 1550 καὶ
994 1498 1227 1569 σφοδροῦ
1257 1500 1675 1553 καταπνεύσαν-

100 1602 181 1646 τος
227 1586 563 1656 Δεκεμϐρίῳ
621 1590 752 1657 μηνὶ
807 1590 857 1641 οί
918 1589 1205 1658 λεγόμενοι
1260 1593 1319 1645 ἐν
1354 1593 1429 1661 τῷ
1466 1592 1676 1663 ἱππικῷ

100 1680 263 1746 Δῆμοι
303 1681 639 1743 κατέπεσον,
700 1681 750 1733 οἳ
805 1683 903 1734 ἀπ’
958 1684 1205 1748 ἐναντίας
1250 1684 1342 1738 τοῦ
1391 1685 1670 1755 βασιλικοῦ

104 1770 286 1838 θρόνου
340 1771 663 1841 ἐτύγχανον,
700 1772 784 1844 μ’.
817 1774 946 1847 268]
983 1778 1076 1829 καὶ
1124 1778 1453 1849 συνέτριψαν
1498 1780 1567 1832 τά
1614 1795 1671 1831 τε

1790 600 1944 643 lator
1968 588 2313 643 i’asehalinm
2342 594 2845 660 protospathariutn
2876 611 2940 650 ac
2965 595 3358 667 Longobardiae

1788 678 1985 737 ducem
2040 679 2106 731 ad
2165 677 2442 748 llugonem
2494 697 2677 751 regem
2735 683 2980 741 Francia:
3019 688 3192 751 misit,
3237 689 3359 757 ejus

1788 768 1953 821 liliam
1980 766 2227 821 Romano
2257 768 2603 826 Constantini
2626 774 2812 842 generi
2845 776 2927 828 sui
2958 776 3069 829 (ilio
3098 793 3354 844 sponsam

1786 860 2115 927 exquirens;
2151 877 2314 930 quam
2352 871 2405 917 et
2431 876 2741 931 assumens,
2770 882 2931 935 quem
2956 868 3091 929 dixi.
3119 869 3357 924 Pascha-

1786 950 2037 1006 linscum
2068 953 2234 1006 multa
2268 955 2646 1023 suppellectilc
2675 968 2839 1028 atque
2858 960 3054 1029 opibus
3082 960 3134 1013 in
3165 960 3354 1014 urbem

1786 1046 2027 1099 induxit.
2062 1046 2358 1101 Celebratze
2386 1050 2589 1117 nuptim
2620 1065 2806 1106 mense
2842 1052 3170 1122 Septembri,
3206 1053 3355 1107 indic

1784 1138 1967 1192 ctione
2004 1140 2186 1192 tertia.
2225 1141 2365 1193 Vixit
2392 1155 2517 1195 cum
2550 1141 2670 1196 viro
2693 1157 2867 1198 annos
2899 1146 3178 1214 quinque;
3211 1154 3355 1198 tutn-

1782 1242 1888 1295 que
1914 1228 2052 1282 vivis
2076 1241 2326 1297 exempta
2347 1238 2450 1295 est,
2467 1246 2591 1285 cum
2614 1231 3008 1289 Constantinus
3029 1237 3175 1290 illius
3198 1249 3356 1290 secer

1782 1318 1899 1387 ipse
1925 1335 2176 1375 summus
2217 1321 2515 1390 imperator
2549 1334 2696 1379 esset
2736 1326 2998 1395 solusque
3042 1341 3225 1381 rerum
3259 1341 3354 1397 po-

1780 1406 1999 1463 tirelur.

1849 1502 1939 1555 47.
1982 1500 2168 1558 Mense
2207 1504 2491 1559 Deccmbri
2522 1504 2860 1560 validissimo
2891 1506 3156 1575 perﬂante
3189 1516 3353 1561 vento

1780 1599 1946 1659 atque
1981 1593 2221 1651 turbine.
2256 1596 2347 1663 qtti
2382 1596 2433 1648 in
2485 1595 2605 1649 l'oro
2636 1610 2701 1649 ex
2739 1599 2971 1648 adverso
3002 1597 3137 1665 regii
3169 1597 3350 1650 throni

1778 1684 1945 1736 erecti
1992 1692 2142 1745 sunt,
2198 1687 2278 1739 sic
2329 1686 2503 1740 vocati
2556 1686 2707 1740 Denti
2756 1696 3115 1751 corruerunt,
3164 1688 3351 1756 subje-

1777 1783 2004 1844 ctosque
2038 1776 2238 1843 gradus
2270 1786 2321 1831 et
2354 1792 2628 1831 marmora
2660 1792 2722 1831 ac
2754 1778 3083 1832 eolumellas
3117 1779 3349 1843 (sletbea

97 1862 457 1915 ὑποκάτωθεν
482 1864 662 1916 αὐτῶν
694 1864 872 1936 βάθρα
909 1869 1001 1919 καὶ
1029 1868 1097 1920 τὰ
1129 1868 1349 1936 στηθεῖα
1377 1869 1662 1939 λεγόμενα.

1773 1867 1950 1920 dictas
1990 1868 2146 1937 quasi
2183 1868 2247 1922 ad
2300 1867 2463 1939 432
2499 1876 2688 1937 pectus
2732 1868 3112 1939 ascendentes)
3141 1869 3349 1923 contri-

96 1954 295 2023 Χρόνου
332 1956 389 2009 δὲ
430 1957 950 2027 περικυκλώσαντος
980 1959 1058 2029 τῷ
1095 1961 1243 2029 αὐτῷ
1280 1961 1409 2031 μηνὶ
1446 1962 1537 2014 τὸν
1570 1962 1671 2031 βα·

97 2049 240 2103 σιλέα
275 2050 566 2119 Ῥωμανον
590 2032 775 2105 οίύίοὶ
800 2051 967 2106 αὑτοῦ
993 2054 1087 2107 τοῦ
1115 2054 1377 2109 παλατίου
1426 2056 1667 2126 κατήγα-

96 2156 201 2207 γον.

160 2232 271 2305 μη”.
310 2234 431 2305 Τῆς
467 2235 526 2289 δὲ
553 2236 761 2302 πόλεως
798 2237 1039 2309 Ἐδέσης,
1068 2237 1128 2291 ἐν
1224 2238 1285 2291 τὸ
1338 2238 1518 2308 τίμιον
1572 2238 1665 2293 τοῦ

89 2320 326 2390 Χριστοῦ
359 2327 657 2393 ἐκμαγεῖον
694 2327 974 2387 ἀπέκειτο,
1026 2327 1177 2397 παρὰ
1222 2327 1314 2381 τοῦ
1357 2327 1665 2398 Ῥωμαϊκοῦ

90 2416 559 2487 πολιορκουμένης
598 2419 1007 2487 στρατεύματος
1037 2418 1132 2472 καὶ
1179 2420 1260 2483 είς
1292 2420 1537 2491 ἀνάγκην
1570 2439 1666 2492 με·

90 2506 279 2576 γίστην
312 2511 775 2579 περιισταμένης,
810 2510 1140 2564 ἀπέστειλαν
1162 2513 1211 2564 οί
1256 2512 1422 2579 αὐτῆς
1454 2514 1667 2581 οίκήτο-

90 2615 177 2667 ρες
213 2599 365 2669 πρὸς
398 2601 492 2653 τὸν
552 2600 777 2669 βασιλέα
818 2601 1098 2670 Ῥωμανὸν
1149 2601 1664 2671 διαπρεσϐευόμενοι

85 2688 177 2758 τὴν
204 2690 533 2761 πολιορκίαν
564 2691 812 2761 λυθῆναι,
838 2691 902 2744 τὸ
921 2690 1017 2744 τοῦ
1046 2690 1284 2770 Χριστοῦ
1309 2690 1464 2759 ἅγιον
1488 2692 1664 2759 ἐκμα-

86 2784 227 2847 γεῖον
260 2784 529 2852 παρέχειν
554 2782 1018 2851 ἐπαγγελλόμενοι
1040 2783 1225 2851 θὺπέρ
1252 2783 1309 2835 δέ
1336 2783 1433 2852 τῆς
1465 2782 1657 2835 τοιαύ-

84 2889 177 2942 της
209 2875 439 2944 χάριτος
485 2875 741 2943 δεσμίους
771 2876 1046 2946 ᾐτήσαντο
1077 2874 1187 2925 τῶν
1217 2873 1495 2942 ἐπιφανῶν
1517 2873 1664 2926 ἀντι-

1772 1966 1993 2012 verunt.
2046 1960 2191 2013 Anni
2228 1969 2409 2015 autem
2458 1968 2701 2015 vertente
2734 1961 2966 2023 circulo,
3001 1960 3192 2017 eodem
3226 1962 3347 2031 ipso

1770 2065 1979 2116 mense,
2012 2049 2322 2105 Romanum
2358 2052 2743 2120 imperatorem
2786 2052 2905 2108 eius
2942 2053 3038 2107 lilii
3071 2052 3347 2124 aula-“eje-

1769 2148 1986 2193 cerunt.

1841 2231 1932 2286 48.
1959 2232 2161 2288 Edessa
2199 2244 2379 2289 autem
2408 2235 2563 2303 urbe,
2596 2237 2647 2291 in
2674 2252 2781 2307 qua
2809 2239 3115 2295 veneranda
3141 2238 3343 2295 Christi

1766 2326 1968 2395 elligies
2000 2327 2172 2395 posita
2214 2335 2353 2391 erat,
2384 2343 2412 2381 a
2455 2327 2706 2385 Romano
2752 2333 2994 2387 exercitu
3033 2334 3259 2388 obsessa
3292 2343 3345 2387 et

1764 2418 1831 2467 ad
1872 2425 2151 2470 extremas
2182 2418 2469 2485 angustias
2522 2418 2767 2482 redacta,
2808 2421 3066 2491 oppidani
3096 2430 3344 2477 oratores

1765 2508 1831 2559 ad
1866 2504 2175 2559 Romanum
2200 2507 2594 2576 imperatorem
2628 2510 2876 2575 mittunt,
2915 2522 3172 2581 rogantes
3206 2513 3342 2569 solvi

1764 2598 2132 2661 obsidionem,
2162 2598 2283 2667 ejus
2316 2601 2563 2655 muneris
2591 2603 2763 2669 gratia
2797 2617 2856 2657 se
2894 2602 3100 2659 Christi
3130 2618 3341 2659 sacram

1764 2690 1994 2758 elligiem
2029 2692 2081 2743 in
2134 2692 2303 2744 linteo
2333 2706 2650 2761 expressam
2683 2693 2912 2748 daturos
2947 2696 3210 2765 polliciti;
3242 2696 3348 2750 hu-

1758 2786 1961 2851 jusque
1994 2781 2169 2850 ipsius
2204 2785 2452 2837 muneris
2482 2784 2655 2837 vicem
2689 2801 2754 2838 ex
2804 2785 2920 2841 suis
2948 2786 3162 2841 vinctos
3203 2790 3347 2842 reci-

1763 2888 1889 2942 pere
1916 2874 2193 2943 petebant,
2213 2875 2305 2944 qui
2336 2874 2637 2929 nobiliores
2663 2886 2870 2940 essent,
2900 2876 3156 2947 bullaque
3178 2892 3343 2932 aurea

84 2963 285 3027 λαϐεῖν,
336 2966 755 3035 χρυσοϐούλλιόν
801 2983 859 3018 τε
903 2965 1089 3019 λαὸεῑν
1136 2964 1276 3018 ὥστε
1333 2966 1530 3034 μηκέτι
1565 2966 1662 3034 τὴν

1765 2980 1881 3021 eam
1931 2966 2066 3034 ipsis
2124 2967 2371 3035 prmstari
2429 2966 2613 3030 ﬁdem,
2643 2976 2702 3021 ut
2749 2983 3029 3037 nunquam
3083 2967 3345 3024 Romanae

80 3056 285 3109 τούτων
329 3057 515 3127 χώραν
552 3058 704 3128 παρὰ
750 3057 845 3111 τοῦ
884 3056 1173 3126 Ῥωμαίων
1220 3056 1451 3126 στρατοῦ
1480 3055 1662 3126 ληῖζε-

1765 3057 1936 3124 copia:
1978 3053 2316 3111 Edessenam
2346 3058 2621 3126 regionem
2661 3058 3031 3114 devastarent.
3072 3058 3227 3125 Quod
3262 3061 3343 3116 sic

82 3143 224 3201 σθαι.
252 3147 322 3199 ⁸0
355 3144 419 3216 δὴ
453 3146 546 3199 καὶ
579 3147 824 3214 γέγονεν.
851 3149 864 3158 ’
887 3144 993 3199 Τοῦ
1057 3145 1213 3213 ἁγίου
1254 3146 1313 3198 δέ
1362 3146 1658 3215 ἐκμαγείου

1765 3148 1950 3217 utique
1982 3147 2208 3201 factum.
2258 3146 2424 3203 Missa
2466 3149 2649 3216 itaque
2689 3162 2845 3202 sacra
2888 3147 3062 3217 elligie
3109 3164 3204 3203 seu
3239 3164 3341 3203 su-

78 3236 192 3305 ἠτοι
222 3236 531 3307 μανδηλίόυ
569 3238 969 3301 ἀποσταλέντος
1002 3237 1095 3289 καὶ
1129 3237 1229 3307 ήδη
1265 3240 1331 3307 τῇ
1364 3238 1659 3289 Κωνσταν-

1765 3240 1937 3303 dario,
1973 3238 2198 3306 jamque
2246 3238 2389 3291 haud
2420 3238 2614 3307 procul
2656 3236 2939 3307 Byzantio,
2979 3229 3340 3308 'l‘ltc0phan'es

76 3330 389 3382 τινουπόλει
435 3330 846 3399 πλησιάζοντος,
880 3330 1156 3399 Θεοφάνης
1178 3329 1460 3398 πατρίκιος
1490 3331 1519 3381 6
1550 3347 1659 3383 παν

1765 3332 2032 3401 patricius
2081 3340 2136 3384 et
2168 3332 2452 3385 accubitor
2498 3330 2565 3385 ad
2625 3328 2873 3399 Sagarim
2934 3328 3157 3383 ﬂuvium
3211 3347 3335 3385 cum

79 3420 503 3490 ρακοιμώμενος
524 3423 581 3473 ἐν
607 3422 683 3491 τῷ
720 3421 948 3491 ποταμῷ
974 3420 1207 3490 Σαγάρῳ
1230 3421 1465 3486 ’ἐξελθὼν
1488 3422 1660 3493 ὑπήν-

1765 3422 2047 3493 splendido
2076 3437 2361 3476 cereorum
2396 3429 2661 3491 apparatu
2698 3435 3053 3489 congruoque
3094 3421 3246 3476 cultu
3285 3432 3339 3473 et.

73 3526 237 3581 τησεν
288 3512 446 3582 αὐτῷ
482 3514 622 3580 μετὰ
672 3513 931 3582 λαμπρᾶς
975 3514 1342 3582 φωταγωγίας
1404 3515 1500 3566 καὶ
1553 3514 1655 3584 τῆς

1765 3516 1989 3571 canticis
2023 3515 2099 3567 illi
2145 3515 2362 3568 obviam
2412 3513 2709 3590 processit,
2742 3514 3061 3580 mensisque
3104 3513 3339 3582 Augusti

73 3602 301 3673 δεούσης
354 3606 519 3674 τιμῆς
555 3622 615 3657 τε
662 3606 759 3657 καὶ
801 3606 1107 3676 ὑμνῳδίας⁸
1141 3609 1234 3660 καὶ
1267 3610 1331 3675 τῇ
1370 3623 1657 3660 πεντεκαι-

71 3695 275 3765 δεκάτῃ
322 3694 421 3748 τοῦ
478 3696 790 3764 Αὐγούστου
823 3696 992 3767 μηνὸς
1018 3699 1115 3750 σὺν
1148 3698 1299 3769 αὐτῷ
1322 3699 1381 3750 ἐν
1406 3700 1472 3769 τῇ
1503 3698 1655 3750 πόλει

70 3789 354 3857 εἰσῆλθεν,
390 3788 486 3840 τοῦ
534 3788 799 3858 βασιλέως
830 3792 889 3842 ἐν
921 3788 1255 3860 Βλαχέρναις
1296 3790 1449 3854 ὄντος
1496 3792 1656 3845 κάκεῖ

68 3884 202 3935 αὐτὸ
242 3886 765 3953 προσκυνήσαντος.
801 3885 910 3937 Καὶ
937 3888 1001 3954 τῇ
1032 3886 1294 3955 ἐπαύριον
1336 3886 1561 3954 ἐξῆλθον
1599 3890 1655 3940 ἐν
1686 3922 1689 3925 -

68 3975 129 4042 τῇ
172 3974 374 4042 Χρυσῇ
409 3974 586 4044 πόρτῃ
618 3974 671 4026 οἷ
715 3992 775 4027 τε
805 3974 1064 4045 βασιλέως
1096 3975 1190 4028 δύο
1238 3977 1344 4028 υἱοὶ
1384 3979 1654 4047 Στέφανός

66 4083 119 4118 τε
147 4068 247 4119 καὶ
268 4066 683 4129 Κωνσταντίνος
712 4070 805 4120 καὶ
827 4070 855 4120 6
874 4068 1124 4138 γαμϐρὸς
1173 4068 1335 4121 αὐτοῦ
1368 4071 1657 4124 Κωνσταν·

66 4157 212 4217 τίνος
245 4155 350 4206 σὺν
380 4154 460 4223 τῷ
494 4156 809 4227 πατριάρχῃ
837 4155 1203 4227 Θεοφυλὰκτῳ
1224 4174 1238 4189 ·
1266 4160 1358 4211 καὶ
1395 4160 1531 4227 μετὰ
1556 4161 1656 4228 τῆς

66 4247 299 4316 δεούσης
341 4246 502 4300 τοῦτο
545 4248 908 4311 ἀναλαϐόντες
962 4251 1150 4319 τιμῆς,
1188 4250 1293 4318 τῆς
1349 4253 1653 4321 συγκλήτου

66 4339 254 4410 πάσης
306 4338 802 4409 προπορευομένης
848 4340 943 4393 καὶ
977 4342 1343 4409 φωταγωγίας
1389 4344 1655 4414 μεγίστης

65 4430 455 4499 προαγούσης,
510 4431 671 4501 μέχρι
726 4430 820 4483 τοῦ
871 4430 1001 4484 ναοῦ
1047 4433 1147 4500 τῆς
1220 4434 1405 4499 Ἀγίας
1452 4435 1653 4505 Σοφίας

63 4519 204 4591 πεζῇ
261 4520 615 4588 διεκόμισαν,
664 4520 757 4573 καὶ
814 4521 1191 4592 προσκυνηθὲν
1246 4523 1422 4575 ἐκεῖσε
1464 4527 1521 4577 ἐν
1571 4524 1652 4595 τῷ

60 4613 319 4682 ssulatim
350 4614 650 4681 ἀνήγαγον.

131 4703 245 4773 μθ”.
291 4704 386 4756 Ἐν
428 4702 655 4765 ταύταις
708 4703 765 4756 δέ
807 4706 925 4766 ταῖς
980 4705 1217 4777 ἡμέραις
1273 4706 1557 4776 Ἀρμένιον
1597 4726 1651 4762 τι

54 4796 227 4865 τέρας
253 4797 326 4865 τῇ
344 4794 499 4847 πόλει
516 4795 884 4864 ἐπεφοιτήκει,
916 4792 1103 4859 παῖδες
1130 4799 1397 4865 συμφυεῖς
1421 4798 1650 4869 ἄρρενες

54 4888 118 4939 ἐκ
151 4888 293 4956 μιᾶς
349 4884 708 4954 προελθόντες
750 4886 1006 4956 γαστρὸς,
1038 4888 1216 4955 ἄρτιοι
1243 4887 1341 4957 μέν
1374 4889 1553 4943 πάντα
1578 4889 1649 4942 τά

59 4980 199 5050 μέλη
246 4978 353 5033 τοῦ
404 4977 678 5047 σώματος,
709 4979 816 5033 ἀπὸ
863 4980 921 5032 δὲ
956 4981 1222 5049 στόματος
1275 4981 1374 5050 τῆς
1407 4982 1646 5053 γαστρὸς

52 5080 148 5130 καί
208 5076 384 5146 μέχρι
432 5074 539 5127 τῶν
588 5075 694 5127 ὑπὸ
743 5074 989 5145 γαστέρα
1048 5076 1504 5145 συμπεφυκότες,
1550 5077 1645 5130 καὶ

53 5168 322 5239 ἀλλήλοις
386 5167 722 5236 ὑπάρχοντες
769 5165 1211 5237 ἀντιπρόσωπον
1243 5167 1294 5220 οἳ
1339 5168 1432 5221 ἐπὶ
1487 5168 1645 5223 πλεῖ-

53 5278 182 5314 στον
224 5262 297 5331 τῇ
328 5258 487 5311 πόλει
519 5258 983 5328 ἐνδιατρίψαντες,
1024 5258 1121 5311 καὶ
1171 5258 1277 5312 ὑπὸ
1320 5260 1539 5313 πάντων
1570 5261 1645 5325 ὡς

51 5352 305 5418 ἐξαίσιόν
328 5367 386 5403 τι
409 5350 574 5419 τέρας
605 5348 895 5419 ὁρώμενοι,
928 5350 1027 5418 τῆς
1062 5349 1270 5415 πόλεως
1298 5352 1373 5416 ὡς
1407 5354 1645 5423 πονηρός

50 5464 135 5509 τις
160 5444 367 5506 οἰωνὸς
413 5442 714 5511 ἐξηλάσατο
728 5443 797 5496 ⁸⁸.
834 5443 959 5496 Ἐπὶ
984 5443 1043 5496 δέ
1087 5446 1517 5517 μονοκρατορίας
1548 5447 1645 5516 βα-

52 5536 271 5598 σιλείας
306 5532 730 5586 Κωνσταντίνου
764 5530 929 5586 πάλιν
966 5534 1311 5604 είσήλθοσαν.
1345 5538 1499 5591 Ἐπεὶ
1529 5538 1583 5592 δέ
1615 5542 1643 5594 6

50 5627 250 5697 ῑτερος
280 5622 473 5678 αὐτῶν
522 5622 825 5694 ἐτεθνήκει,
858 5621 1034 5692 ἰατροί
1083 5640 1232 5691 τινες
1283 5626 1537 5699 ἔμπειροι
1582 5630 1643 5683 τὸ

1758 3609 1950 3678 quinta
1978 3608 2191 3662 decima
2223 3621 2348 3659 cum
2384 3606 2478 3659 illo
2527 3607 2581 3659 in
2636 3606 2828 3660 urbem
2863 3606 3105 3666 intravit,
3161 3605 3336 3673 impe-

1762 3709 1942 3753 ratore
1991 3700 2045 3751 in
2076 3698 2399 3752 Blachernis
2430 3697 2755 3759 constituto,
2788 3696 2878 3750 tibi
2911 3698 3077 3750 etiam
3107 3695 3336 3765 eﬂigtent

1759 3792 1907 3845 illam
1925 3790 2225 3862 ‘adoravit.
2268 3788 2322 3842 lu
2357 3789 2664 3843 crastinum
2717 3789 2976 3843 exierunt
3018 3788 3084 3843 ad
3126 3797 3337 3858 portam

1758 3896 1977 3936 auream
2013 3890 2124 3933 tum
2152 3881 2505 3948 imperatoris
2535 3879 2643 3934 duo
2677 3880 2767 3933 lilii
2795 3880 3104 3945 Stephanus
3127 3892 3179 3936 et
3202 3880 3339 3937 Con-

1759 3958 2058 4030 stantinus,
2091 3979 2201 4019 tum
2228 3968 2625 4022 Constantinus
2652 3968 2793 4021 illius
2818 3984 2983 4037 gener
3010 3984 3133 4022 cum
3158 3967 3338 4023 Theo-

1756 4059 2011 4129 phylaeto
2042 4058 2395 4126 patriarcha;
2433 4058 2728 4127 dubitoque
2774 4059 2983 4114 honore
3014 4068 3328 4129 susceptum

1756 4129 1971 4205 sacrum
2007 4150 2225 4219 pignus,
2285 4149 2545 4205 universo
2592 4158 2785 4204 senatu
2834 4160 3113 4219 praeeunte
3157 4152 3331 4205 Inui-

1757 4258 1955 4309 maqne
1985 4258 2269 4297 cereorum
2303 4251 2466 4312 atque
2498 4242 2739 4311 lapidum
2767 4252 2949 4308 segete
2984 4244 3333 4313 praelucente,

1758 4337 2006 4403 adusque
2066 4332 2125 4387 S.
2178 4333 2398 4402 Sophia:
2431 4334 2692 4403 templum
2724 4333 2957 4403 pedibus
2995 4334 3329 4399 detulerunt,

1756 4436 1921 4497 atque
1958 4427 2071 4480 illic
2102 4424 2430 4480 adoratione
2460 4427 2803 4496 mysticoque
2842 4426 2995 4481 cultu
3043 4439 3334 4498 exceptum

1759 4521 1813 4577 in
1850 4518 2113 4588 palatium
2152 4517 2477 4571 intulerunt.

1823 4717 1985 4790 5,33
2018 4717 2108 4772 69.
2145 4715 2243 4770 llis
2298 4716 2413 4785 psis
2461 4715 2655 4769 diebus
2692 4724 2999 4771 monstrum
3055 4716 3331 4786 quoddam

1751 4823 1818 4863 ex
1855 4809 2108 4863 Armenia
2169 4808 2383 4875 Cpolim
2443 4808 2717 4860 invectum
2769 4815 2874 4869 est,
2908 4807 3066 4875 pueri
3119 4809 3330 4863 scilicet

1749 4899 1862 4955 duo
1896 4900 2124 4954 masculi
2150 4899 2484 4953 cohaerentes
2510 4912 2620 4949 uno
2644 4908 2833 4952 ventre
2866 4903 3167 4970 progressi,
3190 4902 3331 4955 alias

1752 4992 2013 5047 membris
2069 4992 2326 5046 omnibus
2382 4992 2632 5060 corporis
2685 4990 2907 5059 integri,
2956 5005 2983 5043 a
3038 4992 3324 5046 ventriculi

1752 5092 1933 5137 tamen
1969 5098 2066 5138 ore
2100 5091 2151 5138 et
2179 5082 2319 5136 infra
2354 5082 2555 5150 pubem
2589 5082 2733 5135 inter
2762 5098 2821 5135 se
2874 5083 3119 5136 concreti
3166 5092 3331 5153 atque

1751 5174 1993 5228 vultibus
2026 5172 2297 5228 obversis.
2336 5172 2401 5225 Hi
2451 5173 2546 5227 diu
2597 5174 2650 5225 in
2708 5172 2841 5224 urhe
2902 5170 3101 5225 versati
3154 5168 3284 5227 sunt

1751 5279 1989 5333 cumque
2039 5278 2233 5318 omnes
2291 5273 2556 5333 tanquam
2605 5265 2843 5317 immane
2888 5261 3159 5331 quoddam
3197 5278 3320 5331 per»

1750 5367 1961 5412 tentum
1993 5366 2404 5418 contueremur,
2441 5357 2721 5410 Romanus
2746 5354 3044 5422 imperator
3073 5368 3171 5408 ceu
3202 5370 3321 5409 ma-

1752 5451 1862 5503 lum
1900 5448 2175 5518 quoddam
2236 5463 2398 5503 omen
2437 5449 2525 5501 illa
2559 5448 2739 5517 ejecit.
2767 5444 2901 5500 Cum
2962 5453 3142 5499 autem
3168 5447 3326 5502 solus

1745 5541 1857 5611 jam
1891 5540 2289 5595 Constantinus
2321 5556 2503 5595 rerum
2559 5540 2849 5609 potiretur,
2900 5539 3093 5591 iterum
3130 5538 3182 5590 in
3233 5552 3331 5589 ur-

1750 5634 1870 5688 hem
1900 5634 2133 5704 ingressi
2165 5643 2318 5691 sunt.
2353 5634 2473 5691 Uno
2502 5642 2683 5689 autem
2710 5646 2773 5687 ex
2823 5630 2905 5685 eis
2941 5638 3180 5695 mortuo,
3229 5645 3324 5703 pe.

1348 5719 1585 5779 ὙΔΒΙᾹΞ
1626 5722 2033 5779 LECTIONES.

122 5812 173 5846 ⁸⁸
211 5812 342 5881 ἑξη)
357 5809 591 5879 άθησαν,
627 5808 760 5865 Leu.
797 5809 892 5867 Cr.
923 5808 1173 5867 Combel‘.
