4154 6450
782 370 882 437 -ίξιὶ

1868 367 2373 430 ΤΠΕΟΡῙΙᾹΝΕΒ
2413 368 2969 432 (ZONTINUATUS.

3934 374 4038 438 452

788 488 874 540 ιιιὶ
905 484 1124 554 quidam
1177 484 1368 538 medici
1405 483 1858 536 cohmrcscentem
1897 495 2199 536 emortuam
2230 499 2354 551 par-

2477 485 2969 554 τυγκεκολλημένον
3016 483 3179 553 μέρος
3207 485 3455 554 διέτεμον
3483 483 3700 553 εὐφυῶς
3743 484 3915 537 ἐλπίδι
3945 486 4039 537 τοῦ

785 591 893 632 tem
926 578 1110 632 subtili
1139 588 1251 630 arte
1280 586 1626 643 putaverunt,
1653 577 1910 628 nimirum
1937 575 2054 630 [ore
2078 587 2359 646 sperantes

785 677 845 721 ut
894 669 990 720 illo
1022 667 1264 719 remedio
1321 666 1458 718 alter
1513 665 1808 718 incolumis
1870 677 2228 718 servaretur:
2265 665 2360 734 qui

787 769 967 814 tamen
1005 759 1121 826 ipse
1154 757 1339 810 triduo
1373 760 1641 809 duntamt
1663 766 1951 826 superstes
1971 757 2286 810 diem-obiit.

854 850 942 902 50.
986 849 1265 901 Romanus
1290 848 1585 916 imperator
1614 864 1736 900 cum
1768 849 2050 901 monachis
2081 848 2359 914 omnibus,

789 940 863 992 uti
897 941 1104 994 dictum
1148 947 1253 998 est,
1289 940 1450 991 fidem
1495 939 1785 1006 plurimam
1830 940 2153 1007 cultumque
2201 939 2354 992 adhi-

782 1034 958 1092 beret,
993 1048 1104 1101 prce
1134 1031 1362 1099 reliquis
1393 1039 1574 1085 tamen
1613 1030 1926 1099 eximieque
1978 1030 2233 1099 Sergium
2279 1032 2361 1083 vi-

787 1139 904 1176 rum
936 1123 1239 1177 monastica
1273 1123 1621 1176 institutione
1652 1121 1969 1189 praeclarum
2005 1122 2358 1175 observabat.

784 1212 913 1268 Erat
947 1214 1032 1268 hic
1065 1215 1314 1282 magistri
1346 1213 1557 1272 Cosmze
1583 1211 1775 1277 frater,
1814 1213 1970 1281 primi
2007 1214 2360 1267 tribunalium

784 1305 1056 1374 przesidis.
1092 1304 1429 1358 lustauravit
1472 1312 1526 1357 et
1586 1302 1854 1357 Manuelis
1917 1306 2358 1358 monasterium:

783 1397 949 1449 simili
984 1411 1201 1464 quoque
1237 1395 1450 1448 ratione
1478 1395 1917 1448 Panteleemonis
1965 1396 2359 1450 monasterium

785 1499 848 1538 ac
875 1485 1178 1546 basilicam,
1219 1485 1306 1537 cui
1357 1499 1657 1553 cognomen
1699 1484 1866 1553 Ophri
1930 1496 2142 1554 portus.
2177 1499 2206 1536 a
2237 1483 2363 1537 hin-

783 1575 1057 1630 damentis
1106 1576 1300 1628 erexit.
1350 1575 1706 1643 Octingcntos
1758 1576 1870 1628 illic
1916 1577 2220 1630 monachos
2264 1577 2364 1631 sub

785 1677 977 1718 sancto
1011 1667 1261 1718 instituto
1293 1665 1577 1727 adunavit,
1613 1665 1789 1733 iisque
1815 1672 2018 1717 statuta
2057 1666 2362 1734 stipendia,

787 1757 930 1812 unde
982 1765 1446 1816 sustentarentur,
1485 1757 1794 1818 constituit,
1837 1773 1956 1823 qua:
2003 1757 2192 1826 Sergio
2241 1775 2362 1811 mn-

2463 579 2554 629 τὸν
2590 578 2778 646 ἕτερον
2842 576 3144 645 ζήσεσθαι’
3179 576 3262 645 [Ρ.
3297 576 3426 646 269]
3490 578 3548 640 ὃς
3615 580 3765 647 τρεῖς
3824 578 4040 647 ἡμέρας

2464 667 2711 730 ἐπιῦιοὺς
2740 666 3114 736 ἐτελεύτησεν.

2535 846 2597 899 ν’.
2630 848 2739 898 Καὶ
2777 849 2834 898 ἐν
2857 847 2989 900 πᾶσι
3022 847 3122 916 μὲν
3162 848 3438 916 μοναχοῖς,
3470 847 3545 909 ὠς
3577 846 3835 916 ἀνωτέρω
3883 848 4043 916 εἴρη-

2462 956 2574 999 ται,
2613 941 2797 991 πίστιν
2859 940 3126 1007 ἐκέκτητο
3174 940 3413 1009 ἄμετρον
3463 941 3492 992 δ
3540 939 3814 1007 βασιλεὺς,
3854 939 4045 1006 διαφεο

2466 1029 2667 1099 ρόντως
2690 1031 2745 1082 δέ
2777 1029 2937 1098 ἐτίμα
2962 1031 3050 1082 καὶ
3076 1029 3374 1098 ύπερέαεϐε
3408 1029 3633 1098 Σέργιον
3666 1029 3755 1081 τὸν
3784 1031 3842 1081 ἐν
3877 1044 4047 1095 μονα-

2465 1125 2618 1185 σταῖς
2675 1123 3070 1191 διαλάμποντα,
3120 1121 3178 1183 ὃς
3231 1120 3464 1188 ἀδελφὸς
3521 1119 3904 1186 ὲπειρύκειτοῦ
3943 1137 4048 1187 μα-

2464 1214 2690 1281 γίστρου
2726 1215 2923 1292 Κρσμᾶ
2974 1214 3069 1266 τοῦ
3124 1213 3342 1284 πρώτου
3400 1212 3510 1265 τῶν
3564 1211 3882 1280 κριτηρίων.
3930 1213 4048 1262 Ἀν-

2464 1306 2706 1358 εκαίνισε
2733 1306 2827 1358 καὶ
2855 1306 2955 1375 τὴν
2981 1307 3148 1376 μονὴν
3177 1306 3276 1374 τοῦ,
3298 1305 3638 1373 Μανουῆλος,
3661 1304 3920 1366 ὡσαύτως
3953 1304 4049 1354 καὶ

2462 1399 2561 1467 τὴν
2588 1398 2885 1467 ἐκκλησίαν
2920 1400 3013 1450 καὶ
3046 1399 3106 1450 τὸ
3139 1399 3506 1466 μοναστήριον
3528 1400 3591 1449 ἐκ
3619 1396 3820 1464 βάθρου
3852 1396 4050 1455 κτίσας

2465 1490 2559 1543 τοῦ
2621 1491 2807 1558 Ἀγίου
2868 1491 3340 1560 Παντελεήμονος.
3409 1484 3454 1556 ᾧ
3515 1488 3800 1556 ἐπώνυμον
3845 1489 4051 1556 Ὀφροῦ

2465 1581 2655 1650 λιμήν,
2707 1580 2994 1648 Ἀπέκειρε
3046 1579 3103 1630 δὲ
3153 1579 3471 1629 καὶρὲκείσε
3507 1577 3770 1645 μοξιραχοῦς
3815 1574 4052 1626 ὀκτοικο⁴

2469 1673 2640 1733 σίους.
2674 1671 2936 1731 τυπώσας
2970 1671 3066 1722 καὶ
3105 1670 3358 1738 σελέμνια
3391 1667 3485 1720 τοῦ
3521 1668 3821 1735 λαμϐάνειν
3848 1666 4052 1725 αὐτοὺς

2467 1765 2606 1833 ὑπὲρ
2641 1764 2938 1832 διατροφῆς
2971 1763 3174 1822 αὐτῶν,
3207 1761 3330 1823 δοὺς
3360 1761 3532 1812 ταῦτα
3555 1759 3633 1828 τῷ
3669 1758 3891 1828 μοναχῷ
3915 1758 4052 1826 Σερ-

786 1850 963 1901 nacbo
990 1849 1132 1916 patri
1179 1863 1280 1901 suo
1314 1849 1545 1916 spiritali
1581 1849 1632 1900 in
1663 1864 1851 1903 eorum
1906 1863 2180 1902 annonam
2234 1864 2366 1918 prte-

2477 1853 2578 1922 γίῳ
2610 1853 2690 1922 τῷ
2730 1853 3087 1924 πνευματικῷ
3134 1851 3307 1921 ,αὑτοῦ
3357 1851 3546 1921 πατρί.
3583 1853 3796 1910 Πάντας
3829 1849 3885 1899 δὲ
3922 1849 4052 1908 τοὺς

785 1943 966 1994 hebat.
995 1940 1366 1996 Miserationis
1385 1942 1580 1995 aﬂ'ectu
1599 1956 1727 2009 erga
1756 1955 1948 1996 omnes
1969 1941 2187 1994 exsules
2208 1940 2372 2012 434

784 2035 1065 2103 agebatur,
1085 2035 1137 2087 in
1157 2049 1293 2102 quos
1311 2049 1561 2102 magnam
1581 2034 1688 2087 vim
1708 2035 2065 2102 pecuniarum
2081 2037 2366 2104 erOgabat;

786 2125 1136 2192 quamobrem
1157 2140 1262 2193 quo
1284 2133 1526 2192 tempore
1546 2139 1611 2177 ex
1650 2124 1774 2176 aula
1792 2125 2070 2188 discessit,
2094 2141 2191 2178 nec
2226 2142 2370 2180 unus

785 2216 1002 2285 quidem
1024 2218 1176 2269 exsul
1199 2217 1454 2268 inventus
1487 2223 1590 2267 est.
1614 2213 1737 2266 Fuit
1762 2214 1984 2283 Sergius
2006 2214 2182 2267 Photii
2206 2217 2371 2284 patri-

787 2309 968 2361 archae
988 2322 1174 2374 nepos,
1195 2305 1360 2358 animi
1385 2305 1720 2374 ingenuitate
1743 2321 1902 2374 quam
1929 2306 2112 2359 carnis
2131 2306 2372 2360 necessi—

787 2399 977 2452 tudine
1012 2398 1298 2451 illustrior.
1336 2395 1416 2449 Ad
1445 2411 1714 2449 summam
1742 2396 1886 2450 enim
1908 2397 2161 2451 virtutem
2186 2398 2370 2451 scien-

788 2493 1031 2559 tiamque
1076 2498 1419 2558 pervenerat,
1464 2502 1563 2541 nec
1617 2495 1739 2540 utra
1792 2498 2078 2556 praestaret
2129 2487 2371 2542 discerni

789 2583 951 2636 facile
985 2589 1237 2649 poterat:
1280 2580 1362 2633 sic
1415 2579 1677 2631 nimirum
1735 2588 1997 2632 accurate
2047 2593 2371 2647 summaque

788 2672 1126 2745 perfectione
1156 2679 1446 2739 utramque
1475 2669 1812 2726 excoluerat.
1849 2670 2022 2724 l'orro
2064 2671 2291 2724 ﬂorebat
2315 2672 2370 2724 in

786 2782 854 2821 eo
879 2763 1231 2819 discretionis
1261 2762 1457 2831 pudor,
1485 2776 1696 2815 morum
1726 2761 1921 2830 gratia,
1948 2761 2115 2814 animi
2149 2776 2369 2822 sensus,

789 2858 1081 2912 modestia.
1119 2855 1308 2924 Neque
1337 2854 1483 2908 enim
1543 2854 1837 2922 supercilia
1903 2853 2234 2919 attrabehat,
2292 2854 2370 2907 uti

789 2952 953 3004 modo
988 2950 1333 3017 sapientibus
1367 2955 1745 3016 comparatum
1779 2955 1885 3009 est,
1922 2961 2020 2999 nec
2051 2961 2182 3000 vero
2217 2960 2374 2999 arro—

789 3051 1005 3108 gantem
1038 3051 1202 3109 atque
1254 3039 1551 3107 superbum
1600 3037 1924 3108 prtefcrebat
1974 3055 1988 3090 :
2041 3037 2133 3091 sed
2188 3051 2372 3091 sermo

2473 1944 2532 1993 ἐν
2587 1941 2774 2010 ἐξορίᾳ
2824 1942 3212 2010 συμπαθήσας,
3252 1940 3345 1993 καὶ⁸
3404 1941 3527 2004 δοὺς
3569 1942 3754 2001 αὐτοῖς
3788 1941 4053 2008 χρήματα

2473 2032 2668 2094 πολλὰ,
2701 2031 2842 2084 ὥστε
2869 2033 2929 2085 ἐν
2956 2031 3035 2100 τῷ
3074 2031 3440 2101 κατέρχεσθαι
3470 2032 3632 2084 αὑτὸν
3655 2033 3718 2083 ἐκ
3743 2029 3838 2082 τοῦ
3873 2029 4056 2083 παλα-

2471 2125 2585 2177 τίου
2617 2118 2697 2187 εἷς
2732 2125 2827 2176 καὶ
2856 2124 3014 2192 μόνος
3047 2123 3325 2194 ἐξόριστος
3349 2125 3447 2192 οὐχ
3483 2123 3702 2193 εὑρέθη.
3741 2116 3913 2184 Οὗτος
3942 2122 3999 2175 δὲ
4028 2124 4058 2174 ὁ

2472 2221 2699 2286 Σέργιος
2723 2217 2944 2287 ἀνεψιὸς
2972 2216 3066 2269 τοῦ
3126 2216 3467 2288 πατριάρχου
3493 2218 3697 2268 Φωτίου
3720 2215 4022 2283 ἐτύγχανεν
4046 2236 4054 2244 ·

2471 2308 2530 2361 ὂν
2577 2309 2737 2361 πλέον
2784 2309 2881 2377 τῆς
2929 2307 3200 2377 σαρκικῆς
3252 2306 3574 2372 συγγενείας
3612 2308 3645 2372 ἡ
3677 2305 3814 2357 κατὰ
3872 2304 4054 2372 ψυχὴν

2472 2401 2638 2469 ἐτίμα
2671 2401 2942 2467 εὐγένεια.
2985 2399 3212 2469 Ἀρετῆς
3239 2399 3348 2466 γὰρ
3375 2399 3454 2458 είς
3484 2398 3652 2467 ἄκρον
3675 2398 3766 2450 καὶ
3795 2394 4058 2463 γνώσεως

2471 2493 2698 2561 ἤλασεν,
2729 2492 2805 2552 ὡς
2836 2491 3098 2559 δυσχερὲς
3132 2484 3274 2542 εἶναι
3304 2480 3602 2556 διακρίνειν
3648 2486 3864 2556 ποτέρῳ
3913 2486 4056 2553 μᾶλ-

2472 2583 2562 2635 λον
2596 2583 2942 2637 πλεονεκτεῖ·
2983 2581 3155 2643 οὔτως
3185 2584 3265 2642 εἰς
3294 2583 3462 2653 ἄκρον
3500 2579 3770 2650 ἑκατέραν
3819 2578 4070 2648 ἐξήσκησ-

2474 2691 2588 2727 σεν.
2635 2674 2892 2744 Ἑπήνθει
2917 2675 2974 2726 δὲ
2999 2675 3147 2742 αὐτῷ
3184 2674 3321 2742 πρὸς
3352 2676 3469 2734 τοῖς
3502 2673 3682 2733 ἄλλοις
3732 2671 3827 2723 καὶ
3852 2671 3937 2746 τὸ⁹
3956 2669 4059 2736 τῆς

2472 2767 2797 2835 διακρίσεως
2828 2766 3052 2836 ἔρευθος
3100 2767 3192 2818 καὶ
3232 2767 3290 2816 τὸ
3321 2765 3513 2834 χαρίεν
3544 2763 3638 2815 τοῦ
3668 2762 3833 2831 ἦθους
3869 2764 3970 2814 καὶ
3999 2763 4064 2813 τὸ

2477 2858 2700 2928 μέτριον
2747 2858 2840 2909 τοῦ
2901 2847 3282 2930 φρονήματος·
3340 2857 3460 2909 ούδέ
3523 2857 3630 2924 γὰρ
3680 2853 3894 2906 ἀνέσπα
3959 2853 4060 2913 τὰς

2473 2950 2538 3016 ὀφ
2553 2949 2647 3019 ρῦς
2668 2950 2812 3002 κατὰ
2837 2947 2969 3012 τοὺς
2995 2949 3088 3001 νῦν
3117 2950 3334 3016 σοφοὺς,
3369 2947 3492 3000 οὐδέ
3516 2944 3730 3007 ἀλαζών
3763 2962 3847 3004 τις
3881 2944 4062 2996 ἐδόκει

2476 3045 2570 3095 καὶ
2604 3045 2976 3112 ὑπερήφανος,
3013 3042 3150 3094 ἀλλὰ
3174 3042 3266 3092 τὸν
3293 3041 3450 3106 λόγον
3481 3039 3581 3108 μὲν
3623 3035 3768 3106 εἶχεν
3788 3036 4064 3104 γλυκύτεο

791 3135 870 3187 illi
908 3134 1064 3188 melle
1093 3133 1308 3186 dulcior
1335 3148 1400 3187 ex
1436 3145 1531 3184 ore
1563 3131 1826 3183 stillabat.
1861 3128 2042 3182 Firma
2074 3129 2283 3184 indoles
2309 3144 2372 3184 ac

2478 3148 2571 3202 ρον
2627 3132 2842 3200 μέλιτος
2893 3131 3291 3192 ἀποστάζοντα,
3323 3131 3384 3182 τὺ
3428 3125 3560 3200 ἦθος
3615 3128 3671 3180 δὲ
3716 3129 3918 3193 πάγιον
3969 3127 4065 3179 καὶ

791 3235 1079 3286 constans,
1113 3240 1308 3279 sensus
1336 3223 1503 3275 animi
1531 3223 1815 3275 modestus
1848 3237 1909 3275 ac
1938 3221 2181 3274 humilis.
2217 3221 2374 3300 Hunc

793 3321 974 3387 itaque
1015 3318 1192 3372 virum
1246 3320 1506 3388 inclytum
1565 3318 1864 3386 imperator
1896 3331 2000 3370 una
2031 3333 2216 3371 secum
2247 3332 2375 3370 con-

794 3411 1224 3477 tinuebabebat,
1278 3411 1345 3465 ad
1395 3410 1554 3479 cujus
1608 3424 1858 3463 normam
1913 3418 2076 3478 atque
2130 3411 2372 3480 regulam

793 3505 917 3558 vitae
944 3519 1058 3559 sua:
1084 3503 1327 3556 rationes
1352 3509 1728 3570 componeret.
1762 3500 2012 3554 Monebat
2046 3501 2157 3562 ille,
2177 3502 2374 3554 etiam-

793 3597 900 3666 qhe
933 3604 1098 3664 atque
1126 3595 1292 3648 etiam
1314 3593 1638 3646 hortabatur
1661 3600 1721 3645 ut
1752 3592 2052 3645 liberorum
2079 3592 2376 3661 imperator

794 3703 986 3740 curam
1055 3693 1264 3755 ageret,
1318 3699 1417 3737 nec
1465 3684 1909 3751 indiseiplinatos
1957 3684 2021 3736 ad
2073 3683 2373 3752 nequitiam

795 3779 1076 3831 declinare
1130 3777 1362 3839 sineret,
1416 3791 1486 3830 ne
1547 3774 1688 3827 idem
1725 3783 1890 3844 atque
1948 3773 2066 3830 lleli
2112 3775 2193 3827 illi
2229 3776 2375 3828 acci-

796 3873 950 3924 deret
982 3885 1048 3925 ac
1082 3870 1380 3924 liberorum
1415 3867 1628 3938 piacula
1662 3867 1778 3937 ipse
1806 3848 2188 3937 lueretfquod
2221 3877 2273 3921 et
2303 3868 2375 3922 ita

797 3961 1022 4017 accidit.

871 4052 959 4105 51.
994 4050 1164 4106 Porro
1204 4051 1328 4105 aula
1361 4049 1606 4120 deiectus
1633 4049 1927 4104 liberorum
1979 4063 2143 4119 Opera
2199 4063 2263 4104 ac
2288 4057 2375 4120 ty-

800 4141 1056 4206 rannide,
1101 4143 1268 4211 inque
1320 4140 1520 4196 Proteu
1574 4140 1804 4192 insulam
1879 4139 2174 4208 relegatus,
2231 4139 2378 4193 hunc

802 4249 996 4289 rursus
1026 4233 1394 4286 calamitatem
1431 4230 1696 4285 solantem
1745 4230 2116 4298 mrumnisque
2163 4245 2228 4283 ac
2276 4246 2374 4283 an-

799 4326 996 4398 gustiis
1028 4327 1271 4380 levamen
1297 4322 1612 4378 aﬂ‘erentem
1641 4323 1897 4378 habebat.
1931 4323 2134 4376 Aderat
2168 4323 2373 4390 pariter

799 4419 966 4471 etiam
1001 4417 1331 4486 Polyeuctus
1378 4414 1866 4469 reverentissimus
1917 4415 2240 4475 monachus,
2280 4414 2375 4482 qui

2485 3220 2770 3291 σταθερὸν,
2823 3221 3079 3296 ταπεινὸν
3134 3221 3193 3272 δὲ
3252 3220 3314 3271 τὸ
3371 3220 3648 3288 φρόνημα.
3699 3218 3904 3269 Τοῦτον
3969 3213 4064 3268 οὖν

2484 3313 2729 3380 ἀοίδιμον
2763 3311 3121 3373 άδιαλείπτὼς
3159 3315 3276 3379 μετ’
3310 3311 3475 3363 αὐτοῦ
3514 3307 3660 3379 εῖχεν
3704 3313 3733 3362 ό
3779 3309 4064 3378 βασιλεὺς,

2483 3405 2686 3457 κανόνα
2729 3404 2899 3466 ὅντως
2936 3404 3033 3456 καὶ
3083 3404 3331 3473 στάθμην
3357 3403 3445 3455 τὸν
3501 3403 3668 3456 αὑτοῦ
3715 3403 3832 3472 βίον
3864 3402 4068 3472 ῥυθμί-

2483 3498 2682 3560 ζονταο
2717 3496 2773 3557 ὃς
2811 3496 2982 3548 πολλὰ
3028 3479 3264 3564 παρῄνει
3318 3495 3393 3563 τῷ
3457 3493 3666 3562 βασιλεῖ
3709 3494 3820 3545 τῶν
3856 3494 4068 3545 παίδων

2483 3588 2864 3656 ἐπιμελεῖσθαι
2898 3589 2993 3640 καὶ
3037 3589 3111 3657 μὴ
3151 3586 3507 3647 ἀπαιδεύτους
3550 3588 3645 3656 ὲᾷν
3675 3587 3755 3647 είς
3789 3587 4070 3654 πονηρίαν

2483 3682 2854 3742 ἐκκλίνοντας,
2893 3681 3102 3748 μήποτε
3137 3680 3231 3731 καὶ
3267 3679 3426 3740 αὐτὸς
3471 3679 3619 3748 πάθῃ
3663 3679 3724 3728 τὸ
3769 3657 3865 3729 τοῦ
3919 3678 4068 3739 Ἠλὶ,

2482 3772 2754 3842 τιμωρίαν
2813 3771 2953 3839 ὑπὲρ
3002 3771 3100 3839 τῆς
3129 3771 3236 3822 τῶν
3278 3771 3483 3822 παίδων
3530 3769 3876 3839 παρανομίας
3918 3770 4073 3822 ἐκτί-

2486 3882 2604 3926 σας.
2640 3865 2705 3915 Ὂ
2739 3863 2836 3916 καὶ
2868 3863 3112 3930 γέγονεν.

2559 4037 2664 4091 να’.
2713 4037 2865 4090 Ἐπεὶ
2894 4037 2950 4090 δὲ
2986 4037 3082 4089 τοῦ
3123 4037 3388 4090 παλατίου
3419 4037 3608 4090 τοῦτον
3635 4039 3684 4090 oi.
3713 4038 3903 4100 παῖδες
3933 4056 4073 4091 κατ-

2484 4131 2694 4200 ήγαγον
2728 4132 2822 4183 καὶ
2871 4135 2931 4184 ἐν
2978 4134 3045 4200 τῇ
3106 4131 3306 4202 Πρὼτῃ
3354 4132 3502 4202 νήσῳ
3559 4131 3850 4200 ἐξώρισαν,
3900 4133 4074 4185 πάλιν

2486 4221 2677 4275 τοῦτον
2733 4219 2878 4290 εἶχεν
2931 4222 3042 4275 τῶν
3078 4221 3375 4291 συμφορῶν
3419 4221 3776 4292 παραμυθίαν
3823 4222 3919 4274 καὶ
3958 4223 4074 4275 τῶν

2487 4312 2720 4382 θλίψεων
2761 4313 3102 4366 ἀκεσώδυνον
3153 4314 3466 4383 φάρμακον.
3501 4308 3571 4384 ⁷ῼ
3602 4313 3769 4381 συνῆν
3799 4314 3925 4366 τότε
3975 4316 4075 4366 καὶ

2489 4407 2831 4469 Πολύευκτος
2863 4407 3098 4476 μοναχὲς
3129 4405 3547 4466 εὐλαϐέστατος,
3570 4405 3672 4456 οὐκ
3718 4404 3942 4456 ἔλαττον
3975 4405 4075 4456 τὸν

804 4510 922 4577 ipse
961 4507 1190 4577 perinde
1241 4521 1306 4560 ac
1351 4521 1514 4576 quem
1561 4505 1832 4570 dicebam,
1886 4502 2111 4573 Sergius
2167 4503 2372 4558 adversi

2489 4499 2583 4552 τοῦ
2618 4499 2912 4569 εἰρημένου
2935 4498 3137 4567 τρόπον
3161 4497 3254 4548 καὶ
3284 4497 3444 4558 αὐτὸς
3478 4497 3548 4546 τὰ
3582 4495 3768 4566 εἰκότα
3796 4513 4071 4564 παραμυ-

803 4615 969 4655 casus
1021 4599 1334 4653 molestiam
1382 4597 1776 4651 convenienter
1840 4605 2074 4665 apteque
2122 4594 2379 4648 leniebat.

804 4691 906 4747 llic
941 4701 1128 4762 postea
1166 4705 1264 4760 pro
1293 4688 1463 4761 435
1485 4690 1610 4742 vitae
1649 4703 1762 4744 sua:
1784 4686 2048 4750 candore,
2086 4685 2383 4758 TheOphy—

807 4785 950 4838 Iacto
982 4782 1292 4853 patriarcha
1347 4780 1604 4833 humanis
1635 4765 1918 4847 cxe'mpto,
1957 4793 1986 4830 a
2019 4777 2383 4832 Constantino

807 4875 1140 4944 imperatore
1172 4871 1480 4942 patriarcha
1505 4869 1802 4940 provectus
1836 4878 1942 4924 est.

881 4967 971 5021 52.
1006 4967 1274 5020 umerum
1340 4963 1622 5018 Romanus
1672 4964 1972 5034 imperator
2025 4963 2188 5034 longo
2227 4961 2386 5018 senio

809 5058 1111 5126 morboque
1142 5054 1429 5109 confectus
1483 5054 1698 5124 imperii
1753 5070 1841 5108 res
1871 5055 1975 5108 rite
2020 5069 2084 5109 ac
2130 5064 2388 5108 accurate

809 5167 874 5206 ex
909 5148 1222 5205 testamenti
1253 5147 1456 5202 tabulis
1486 5146 1790 5215 componit,
1811 5146 2160 5216 primumque
2193 5147 2384 5214 Augu—

809 5246 1021 5297 Storum
1051 5240 1472 5295 Constantinum
1503 5238 1557 5291 in
1603 5252 1844 5305 purpura
1889 5248 2077 5291 natum
2118 5238 2386 5303 decernit,

811 5349 959 5389 anno
995 5332 1176 5398 6455;
1217 5343 1445 5401 tumque
1487 5328 1733 5384 secundo
1784 5343 1849 5382 ac
1888 5330 2052 5383 tertio
2091 5329 2288 5384 ordine
2321 5330 2388 5383 li-

813 5425 978 5480 heros
1026 5426 1387 5493 imperatores
1463 5421 1790 5488 constituit,
1851 5421 2056 5475 diserte
2124 5421 2389 5476 ordinans

811 5525 1173 5584 statuensque
1243 5512 1532 5567 confestim
1600 5513 1654 5566 in
1714 5512 1966 5567 ordinem
2011 5514 2308 5583 cogendos,
2340 5515 2388 5569 si

811 5607 944 5678 quid
1007 5606 1118 5660 ullo
1170 5605 1332 5660 modo
1389 5604 1442 5659 in
1496 5604 1734 5674 primum
1783 5603 2164 5673 imperatorem
2221 5602 2389 5660 offen-

812 5699 1015 5753 derint.
2249 5679 2256 5686 I

884 5794 969 5848 53.
996 5790 1262 5858 Quoniam
1294 5801 1473 5844 autem
1531 5786 1675 5842 Deus
1729 5789 1917 5842 multis
1947 5789 2122 5843 modis
2174 5789 2383 5842 homini

2485 4590 2744 4660 θούμενος
2764 4607 2778 4621 ·
2808 4590 2865 4652 ὃς
2898 4589 3036 4657 μετά
3061 4588 3235 4642 ταῦτα
3270 4588 3359 4640 διὰ
3394 4588 3486 4639 τὸν
3515 4585 3601 4658 [Ρ.
3628 4585 3757 4658 270]
3786 4587 4072 4656 εἰλικρινῆ

2486 4683 2648 4735 αὐτοῦ
2677 4682 2812 4752 βίον,
2853 4682 2947 4734 τοῦ
3003 4682 3342 4752 πατριάρχου
3393 4679 3773 4748 Θεοφυλάκτου
3809 4681 4073 4750 τελευτή-

2488 4789 2700 4833 σαντος,
2733 4771 3078 4843 πατριάρχης
3101 4771 3206 4823 ὑπὸ
3232 4770 3324 4823 τοῦ
3353 4769 3617 4838 βασιλέως
3647 4769 4069 4823 Κωνσταντίνου

2487 4863 2913 4933 προχειρίζεται.

2556 4955 2656 5024 νβ’.
2704 4955 2762 5007 '0
2787 4956 2844 5008 δὲ
2875 4955 3128 5024 βασιλεὺς
3173 4953 3452 5021 Ῥωμανὸς
3504 4951 3704 5023 μακρῷ
3753 4954 3915 5022 γήρει
3971 4954 4073 5006 καὶ

2487 5047 2626 5116 νόσῳ
2653 5047 2984 5117 τρυχόμενος
3013 5047 3081 5100 τὰ
3124 5048 3222 5116 τῆς
3283 5045 3560 5116 βασιλείας
3611 5047 3753 5098 κατὰ
3795 5045 4074 5113 διαθήκας

2490 5138 2929 5208 ἁπακριόάζεται
2979 5139 3074 5193 καὶ
3121 5140 3329 5194 ἄνακτα
3359 5137 3575 5207 πρῶτον
3607 5137 3750 5190 κατὰ
3800 5138 4074 5206 διαθήκας

2492 5234 2586 5286 τὸν
2613 5234 3133 5304 Πορφυρογέννητον
3168 5234 3577 5284 Κωνσταντῐνον
3600 5231 4071 5300 προσδιορίζεται,

2490 5328 2547 5379 ἐν
2581 5327 2692 5379 ἐτει
2733 5326 2918 5389 ἑξάκις
2950 5325 3204 5396 χιλιοστῷ
3252 5324 3682 5394 τετρακοσιοστῷ
3713 5325 4075 5392 πεντηκοπῷ

2491 5420 2683 5489 τρίτῳ,
2721 5418 3080 5486 καὶκαθεξῆς
3111 5419 3168 5469 ἐν
3193 5417 3431 5486 δευτέρῳ
3462 5418 3556 5468 καὶ
3592 5416 3759 5487 τρίτῳ
3789 5417 3918 5478 τοὺς
3945 5417 4072 5468 τούς

2489 5528 2583 5563 του
2619 5512 2793 5572 υἱοὺς,
2818 5509 2890 5562 τὰ
2920 5508 3056 5577 πρὸς
3086 5507 3284 5567 αὐτοὺς
3330 5506 3506 5576 ῥητῶς
3550 5506 4072 5573 διασφαλισάμενος,

2490 5604 2566 5666 ὼς
2590 5604 2749 5673 εἰπερ
2773 5601 2850 5672 τῷ
2874 5600 3076 5670 πρώτῳ
3100 5598 3310 5669 βασιλεί
3358 5599 3500 5650 κατά
3530 5615 3584 5648 τι
3615 5597 4076 5668 προσπταίσειαν,

2492 5693 2876 5764 καθαιρεῖσθαι
2902 5692 3217 5765 παραυτίκα
3248 5692 3342 5759 τῆς
3383 5689 3680 5758 βασιλείας.

2574 5793 2662 5853 ιγ’.
2709 5785 2860 5838 Ἐπεὶ
2925 5786 2981 5836 δὲ
3051 5785 3261 5846 πολλοῖς
3310 5783 3531 5853 τρόποις
3583 5784 3610 5833 ὁ
3657 5780 3789 5844 Θεὸς
3825 5780 4075 5850 βούλεται
