4154 6450
132 386 221 452 453
916 389 1065 450 LIB.
1090 390 1186 450 Vl.
1230 413 1294 423 -η
1321 388 1721 449 ΕΟΝδΤΑΝΤῙ

1806 389 1896 450 US
1949 391 2714 454 ΓΟΠΙῚΙΥΠΗΟΕΝ[ΓΗΒ.
3276 395 3384 463 454

135 497 318 559 σώζειν
343 494 440 545 τὸν
473 493 786 564 ἄνθρωπον,
834 497 1182 567 συνεχώρησε
1230 497 1511 566 Ῥωμανδν
1541 498 1694 568 βασι-

1802 501 2031 554 salutem
2081 509 2341 570 praestare
2375 504 2681 565 constituit,
2725 504 3032 559 Romanum
3087 505 3292 576 impera
3323 530 3381 558 υ-

130 590 214 641 λέα
254 587 517 656 συμφορᾷ
556 586 806 657 ἀδοκήτῳ
855 590 1213 658 προσπεσεῖν,
1254 589 1340 641 ἵνα
1399 589 1468 642 δι’
1525 590 1698 659 αὐτῆς

1802 606 1912 646 rem
1943 592 1995 644 in
2031 593 2460 662 inexspectatam
2505 595 2875 648 calamitatem
2911 599 3055 664 (quae
3095 599 3215 666 ejus
3255 616 3383 666 pm-

132 677 518 745 σωφρονισθεὶς
556 677 651 729 καὶ
689 677 798 728 τῶν
829 678 1048 730 οίκείων
1086 680 1144 730 ἐν
1208 678 1563 748 συναισθήσει
1597 696 1700 732 πα-

132 770 511 839 ραπτωμάτων
537 769 831 838 γενόμενος
877 769 1154 838 σωτηρίας
1195 769 1421 839 ἀξιωθῇ.
1459 770 1704 840 Συνεχώ-

132 877 252 930 ρησε
292 861 402 930 γὰρ
434 861 810 930 έπαναστῆναι
856 861 1006 930 αὐτῷ
1034 862 1125 914 τὸν
1155 862 1270 914 υἱὸν
1301 861 1467 914 αὑτοῦ
1503 863 1706 930 Στέφα-

130 972 224 1019 νον,
253 953 449 1023 ὥσπερ
503 954 634 1008 ποτὲ
685 951 1047 1022 Ἀδεσσαλὼμ
1104 953 1377 1024 ἐπανέστη
1424 955 1584 1007 Δαδὶδ
1631 954 1707 1022 τῷ

127 1045 302 1112 οἰκείῳ
358 1044 548 1115 πατρί.
605 1044 937 1114 Συμὸούλοις
997 1042 1090 1098 οὖν
1146 1038 1300 1102 οὗτος
1362 1046 1498 1115 πρὸς
1548 1044 1708 1099 τοῦτο

129 1137 469 1207 χρησάμενος
496 1135 574 1206 τῷ
605 1153 665 1188 τε
689 1136 795 1189 ἀπὸ
823 1137 1075 1206 μοναχῶν
1113 1135 1380 1207 Μαριανῷ
1404 1136 1482 1206 τῷ
1517 1137 1710 1207 Ἀργυ-

130 1228 198 1300 ρῷ
232 1230 331 1281 καὶ
361 1228 634 1298 Βασιλείῳ
674 1227 750 1298 τῷ
806 1228 1289 1299 πρωτοσπαθαρίῳ
1338 1229 1414 1298 τῷ
1466 1228 1706 1298 Πετεινῷ

129 1323 210 1370 καὶ
240 1319 506 1389 Μανουὴλ
527 1320 605 1388 τῷ
630 1320 929 1391 Κουρτίκῃ,
952 1319 1272 1373 συνειδότων
1299 1319 1447 1390 αὐτῷ
1474 1321 1568 1372 καὶ
1598 1319 1706 1374 τῶν

129 1409 288 1462 ἄλλων
315 1411 610 1478 βασιλέων,
640 1409 830 1464 τοῦτον
845 1411 937 1464 τοῦ
959 1412 1220 1464 παλατίου
1251 1413 1434 1474 κακῶς
1462 1413 1708 1482 κατήγα-

128 1518 209 1569 γεν
225 1502 320 1555 καὶ
337 1504 396 1555 ὲν
419 1502 688 1574 τῇΠρὼτῃ
706 1503 853 1573 νήσῳ
871 1503 1117 1574 ὲξορίσας
1135 1504 1424 1573 ἀπέκειρεν
1446 1503 1698 1572 μοναχόν.

133 1731 376 1748 ’,σο-.-

1799 682 2104 751 ridentia!)
2139 685 2384 739 incidere
2429 686 2700 754 permisit,
2752 696 2806 738 ut
2846 687 2892 739 is
2945 687 3035 739 illa
3076 692 3383 759 castigatus

1803 788 1866 826 ac
1891 774 1957 828 de
1985 775 2266 842 prioribus
2305 777 2521 830 delictis
2554 779 2870 832 admonitus
2914 780 3144 833 salutem
3179 795 3381 836 cense-

1802 873 2083 932 querctur.
2121 863 2381 918 Permisit
2433 880 2670 936 namque
2727 867 3064 937 Stephanum
3115 870 3286 923 filium
3328 873 3381 925 in

1804 971 1927 1009 eum
1964 958 2268 1024 insurgere,
2296 961 2372 1010 uti
2398 959 2528 1014 olim
2572 959 2828 1013 Absalom
2865 960 2916 1014 in
2964 969 3176 1029 patrem
3216 979 3378 1017 sumn

1805 1048 2060 1102 Davidem
2109 1050 2429 1104 insurrcxit.
2500 1051 2732 1105 Mariaui
2795 1053 2980 1121 itaque
3050 1055 3379 1108 exmonaclii

1803 1139 2022 1209 Argyri,
2063 1139 2359 1212 Basiliique
2411 1144 2841 1212 protospatharii
2891 1145 3092 1211 Petini,
3125 1161 3227 1201 nec
3269 1162 3380 1200 non

1803 1230 2071 1286 Mannelis
2114 1231 2356 1288 Curtieis
2400 1236 2649 1290 consiliis
2691 1237 2919 1301 abusus,
2949 1236 3188 1292 consciis
3215 1239 3380 1290 etiam

1805 1323 2032 1391 reliquis
2076 1324 2526 1394 imperatoribus.
2563 1343 2846 1396 perperam
2880 1336 3093 1398 patrem
3126 1329 3251 1383 aula
3283 1329 3382 1382 de-

1804 1411 2068 1476 turbavit,
2126 1413 2294 1482 inque
2345 1415 2507 1469 l’rote
2546 1416 2724 1470 insula
2783 1417 3082 1485 relegatum
3122 1417 3381 1473 monachi

1814 1503 1918 1554 ritu
1952 1504 2206 1558 totondit.

841 1905 1686 1994 ΑΥΤΟΚΡΛΤΟΡΙΑ
1765 1903 2663 1993 ΚΩΝΣΤΑΝΤΙΝΟΥ.

977 2278 1646 2373 CONSTANTI
1673 2283 1794 2372 NI
1878 2281 2541 2372 IMPERIUM.

1702 2501 1769 2513 .—

184 2633 432 2708 [P.27l]
464 2633 533 2688 α’.
591 2629 924 2698 ’Υπελείφθη
975 2628 1068 2682 οὖν
1121 2628 1480 2698 αὐτοκράτωρ
1536 2630 1691 2681 Κων-

1875 2626 2030 2698 ιιθθ
2063 2623 2527 2681 l.Constantinus
2567 2625 2748 2697 itaque
2777 2631 3006 2682 domant
3032 2643 3200 2699 gener
3227 2647 3380 2687 sum-

119 2729 396 2789 σταντῖνος
429 2728 459 2779 ὁ
489 2723 681 2778 τούτου
709 2721 962 2793 γαμϐρὸς
987 2722 1119 2790 μηνὶ
1145 2718 1470 2788 Δεκεμϐρίῳ
1501 2718 1699 2782 εἰκάδι,

1805 2735 1928 2772 mus
1953 2722 2254 2787 imperator
2289 2718 2514 2773 relictus
2547 2729 2652 2782 est,
2699 2721 2907 2774 mensis
2949 2719 3262 2777 Decembris
3286 2723 3378 2778 die

121 2819 454 2882 Ξ-ιδατιῶνος
502 2817 717 2886 τρίτης,
751 2816 808 2868 ὲν
865 2814 977 2866 έτει
1010 2811 1197 2876 ἑξάκις
1229 2809 1482 2881 χιλιοστῷ
1509 2826 1703 2880 τετρα-

1804 2809 2089 2880 vigesima,
2119 2809 2420 2864 indictione
2480 2811 2664 2876 tertia,
2698 2825 2841 2864 anno
2873 2811 3034 2867 6454.
3068 2811 3168 2868 llic
3189 2817 3376 2869 statim

117 2911 386 2982 κοσιοστῷ
407 2907 765 2979 πεντηκοπῷ
781 2906 1049 2976 τετάρτῳ*
1072 2904 1130 2967 δς
1156 2905 1354 2957 αὐτίκα
1368 2902 1580 2972 Βάρδαν
1608 2901 1700 2954 τὸν

115 3003 204 3056 τοῦ
231 3003 406 3056 titur/.3.
423 3003 497 3073 τῇ
523 2999 619 3052 τοῦ
653 2997 958 3069 μαγίστρου
977 2996 1105 3067 ἀξία
1125 2996 1388 3065 τιμήσας,
1423 2994 1496 3056 ὡς
1525 2992 1701 3062 χρόνῳ

115 3095 292 3163 πολλῷ
311 3094 416 3163 τὴν
436 3095 495 3146 έν
512 3095 622 3153 τοῖς
641 3090 899 3159 πολέμοις
918 3087 1287 3158 ἀνδραγαθίαν
1303 3084 1564 3164 πολλάκις
1581 3085 1700 3137 έπι-

112 3184 460 3255 δειξαμένου,
509 3182 832 3252 δομέστικον
882 3182 992 3232 τῶν
1024 3177 1228 3248 σχολῶν
1265 3173 1700 3247 προχειρίζεται,

113 3281 204 3333 καὶ
237 3277 660 3332 Κωνσταντῖνον
674 3273 765 3328 τὸν
796 3271 1073 3341 Γογγύλην
1089 3269 1400 3341 ναυμαχίας
1432 3269 1698 3339 ήγήτορα,

109 3369 202 3424 καὶ
235 3367 618 3439 στρατιάρχας
672 3365 826 3427 τινάς
859 3362 970 3417 τῶν
997 3363 1338 3432 εὐχρήστων.
1370 3354 1505 3415 Εἶτα
1531 3359 1699 3414 Βασί-

109 3453 361 3528 λειον,ιῖ›
403 3458 638 3528 ιπίκλην
684 3455 964 3519 Πετεινὸς,
1022 3453 1316 3524 πατρίκιον
1373 3451 1471 3506 καὶ
1523 3451 1698 3522 μέγαν

109 3552 528 3624 ἑταιρειάρχην,
580 3549 671 3601 τὸν
709 3549 766 3602 δὲ
803 3550 867 3600 ὲκ
897 3547 992 3600 τοῦ
1032 3547 1229 3615 γένους
1263 3545 1373 3599 τῶν
1405 3545 1695 3615 Ἀργυρῶν

105 3646 396 3716 Μαριανὸν
425 3643 498 3696 τὰ
534 3639 804 3712 μοναχικά
841 3638 1119 3700 ἀποδύσας
1151 3637 1441 3708 πατρίκιον
1475 3636 1570 3689 atat
1610 3636 1700 3689 κό-

109 3757 260 3810 μητα
309 3735 415 3790 τοῦ
474 3733 708 3789 στάὃλου
762 3731 1088 3802 πεποίηκεν.
1141 3729 1416 3792 Ὡσαύτως
1453 3728 1546 3782 καὶ
1573 3728 1698 3784 Μα-

107 3830 273 3900 voci-31
318 3828 419 3881 τὸν
463 3824 852 3894 ἐπιλεγόμενον
911 3822 1224 3894 Κουρτίκην
1275 3819 1564 3889 πατρίκιον
1605 3818 1702 3872 καὶ

107 3921 486 3992 δρουγγάριον
521 3918 617 3986 τῆς
650 3917 840 3987 βίγλης
875 3915 1149 3984 ἰποίησεν.
1171 3910 1438 3976 Οὖστινας
1467 3911 1616 3981 τρεῖς
1634 3910 1695 3962 οὑ

1802 2902 2035 2956 Bardam
2069 2901 2268 2955 Phocze
2318 2900 2487 2955 filium
2539 2901 2787 2971 magistri
2826 2901 3090 2972 dignitate
3131 2913 3377 2972 auctum,

1802 2995 2004 3063 quippe
2033 2992 2180 3063 longi
2233 2991 2500 3063 temporis
2553 2995 2890 3064 caperientia
2918 2994 3131 3050 bellicis
3170 2993 3378 3051 facino-

1803 3084 1956 3138 ribus
1984 3083 2133 3137 clara
2160 3084 2362 3152 saepius
2392 3081 2553 3137 laude
2584 3081 2831 3138 functum
2867 3093 3031 3154 atque
3059 3085 3376 3155 probatum,

1799 3174 2115 3228 scholarum
2168 3174 2535 3230 domesticum
2613 3175 2898 3245 praefecit;
2957 3177 3374 3232 Constantlnum

1802 3281 2019 3336 quoque
2041 3265 2340 3337 Gongulem
2380 3267 2629 3335 aliosque
2664 3267 2928 3336 quosdam
2973 3268 3202 3324 idoneos
3237 3285 3374 3342 gna-

1803 3371 2011 3424 rosque
2052 3355 2221 3412 duces
2277 3356 2578 3412 Romanam
2630 3357 2861 3414 classem
2915 3357 3144 3414 ductare
3200 3358 3376 3428 jubet.

1803 3445 1942 3500 Tum
1974 3446 2259 3512 Basilium,
2295 3449 2385 3502 cui
2417 3461 2719 3518 cognomen
2773 3446 3001 3504 Petinus
3028 3453 3114 3518 (ac
3149 3450 3195 3504 si
3224 3451 3379 3506 volu-

1801 3556 1948 3594 crcm
1967 3539 2165 3609 dicas),
2204 3540 2496 3610 patricium
2537 3548 2687 3596 creat
2711 3555 2774 3596 ac
2803 3556 3064 3609 magnum
3089 3542 3379 3598 hetaeriar-

1801 3635 1980 3686 etiam.
2031 3631 2360 3697 Marianum,
2411 3632 2750 3702 Argyrorum
2797 3633 2969 3702 stirpe
3027 3641 3229 3697 satum,
3269 3634 3378 3690 cde-

1801 3730 1979 3777 tracto
2009 3723 2263 3778 monachi
2296 3722 2487 3780 habitu
2522 3723 2722 3778 stabuli
2747 3725 3004 3778 comitem
3042 3723 3192 3780 facit.
3224 3724 3379 3780 Pari-

1800 3823 1883 3869 ter
1931 3813 2235 3871 Hanuclem
2295 3815 2575 3871 Curticem
2615 3816 2958 3872 nominatum
2992 3816 3283 3887 patricium
3312 3832 3378 3872 ac

1799 3907 2152 3961 excubiarum
2179 3905 2540 3978 Drungarium
2565 3909 2885 3975 constituit;
2909 3922 3049 3978 quos
3067 3917 3179 3964 tres
3201 3910 3374 3973 viros.

110 4015 254 4082 μετά
283 4011 464 4064 πολὺν
501 4008 694 4078 χρόνον
734 4008 768 4078 ή
799 4006 894 4060 τοῦ
937 4004 1074 4058 Θεοῦ
1124 4004 1312 4058 δικαία
1367 4002 1569 4075 κρίσις,
1621 4001 1698 4065 ὡς

1802 3997 1952 4052 brevi
1987 3998 2278 4068 interiecto
2311 4005 2577 4068 tempore,
2604 3999 2751 4068 justa
2792 3998 2886 4054 Dei
2939 3997 3080 4054 ultio
3127 3999 3376 4056 insecuta

106 4109 186 4170 εἰς
228 4103 464 4176 χριστὸν
503 4099 602 4154 τοῦ
639 4101 847 4170 Κυρίου
903 4099 1348 4168 παροινήσαντας
1377 4096 1472 4150 καὶ
1506 4096 1696 4166 χεῖρας

97 4197 310 4259 ἀδίκως
378 4192 764 4256 ἐπιϐαλόντας,
829 4190 931 4259 τῆς
995 4189 1274 4258 βασιλείας
1329 4187 1694 4259 ὀρεγομένους

101 4285 418 4358 μετῆλθεν·
464 4283 560 4337 ἐπὶ
608 4281 937 4336 καθοσιώσει
969 4282 1076 4352 γὰρ
1109 4280 1551 4350 καταληφθέντες
1575 4277 1698 4331 ἑκά-

99 4396 254 4449 τεροι
277 4375 547 4446 οἰκτίστῳ
575 4374 788 4444 θανάτῳ
811 4374 871 4427 τδ
903 4373 1002 4443 ζῇν
1032 4372 1374 4445 ἀπέρρηξαν.
1400 4372 1482 4424 Τὰ
1508 4371 1564 4424 δὲ
1595 4386 1696 4422 πε·-

100 4471 157 4539 ρὶ
185 4469 387 4522 αὐτῶν
430 4465 767 4536 πλατύτερόν
797 4481 856 4517 τε
887 4466 979 4518 καὶ
1008 4462 1615 4534 ὲπεξεργαστικώτερον
1638 4463 1697 4515 ἐν

95 4565 165 4635 τῇ
198 4559 612 4632 προηγουμένη
635 4557 893 4629 ἐξηγήσει
926 4556 1250 4626 ἐκθήσομαι.

173 4739 249 4811 β’.
293 4736 457 4793 Μετά
487 4736 542 4788 δὲ
572 4736 980 4804 τεσσαράκοντα
1014 4737 1248 4808 ἡμέρας,
1290 4737 1356 4806 τῇ
1398 4735 1574 4789 είκάδι
1610 4733 1698 4788 t6-

99 4835 251 4904 δόμῃ
281 4830 387 4884 τοῦ
420 4828 756 4897 Ἰανουαρίου
806 4829 998 4898 μηνὸς,
1031 4827 1376 4892 ὑποπτεύσας
1406 4829 1698 4883 Κωνσταν-

93 4929 253 4988 τίνος
293 4923 398 4975 τόν
443 4937 506 4973 τε
562 4919 787 4990 βασιλέα
818 4919 1093 4989 Στέφανον
1155 4921 1248 4974 καλ⁵
1279 4921 1696 4974 Κωνσταντῖνον

89 5021 187 5072 τὸν
223 5014 411 5072 αὑτοῦ
430 5012 686 5082 ἀδελφὺν,
717 5013 792 5082 μή
826 5027 956 5064 ποτε
980 5011 1075 5066 καὶ
1108 5011 1232 5065 κατ’
1258 5011 1424 5065 αὐτοῦ
1442 5012 1513 5065 τά
1533 5011 1696 5082 ὅμοια

87 5105 552 5181 διαπράξωνται,
579 5104 675 5157 καὶ
709 5103 1092 5172 λογισάμενος,
1140 5103 1279 5175 ὅπερ
1319 5098 1387 5175 ἦν
1417 5104 1584 5168 είκδς,
1612 5103 1694 5157 ὅτι

86 5206 136 5258 si
165 5201 274 5256 τοῦ
317 5198 462 5252 ἰδίου
495 5195 701 5269 πατρὸς
738 5195 840 5248 οὐκ
869 5194 1183 5265 ἐφείσαντο,
1221 5195 1340 5259 πῶς
1369 5195 1535 5248 αὑτοῦ
1575 5195 1696 5264 ipsi-

85 5309 332 5355 σωνται,
378 5288 643 5350 ἑστιάσας
690 5286 914 5350 αὐτοὺς,
947 5286 1048 5357 ήδη
1098 5288 1158 5340 έν
1217 5289 1284 5358 τῇ
1315 5286 1566 5359 τραπέζῃ
1599 5287 1694 5340 καὶ

1803 4101 1910 4157 est,
1941 4091 2088 4161 quod
2149 4092 2204 4145 in
2268 4099 2496 4147 unctum
2540 4089 2754 4147 Domini
2784 4082 3158 4148 desaeviiss'ent
3190 4107 3255 4148 ac
3279 4093 3380 4146 ini-

1803 4185 1985 4254 quein
2014 4200 2139 4240 eum
2163 4199 2357 4241 manus
2399 4183 2740 4254 iniecissent,
2775 4199 2900 4240 cum
2947 4185 3162 4241 scilicet
3203 4187 3378 4256 impe-

1803 4276 1962 4330 randi
1997 4275 2165 4331 libido
2205 4291 2300 4330 eos
2355 4276 2675 4332 incessisset
2709 4293 2722 4330 :
2759 4276 3069 4346 majestatis
3113 4278 3260 4333 enim
3299 4279 3374 4332 rei

1803 4366 2029 4437 peracti,
2056 4367 2371 4424 miserando
2418 4381 2647 4437 prorsus
2689 4367 2836 4422 exitu
2869 4367 3037 4421 vitam
3098 4367 3375 4421 llnierunt.

1802 4458 2072 4515 Caeterum
2127 4475 2250 4530 quae
2299 4461 2366 4514 ad
2398 4460 2524 4516 illos
2551 4467 2803 4530 spectant
2846 4458 3026 4515 fusius
3059 4460 3378 4530 operosius-

1802 4568 1910 4622 que
1965 4568 2256 4624 exsequar,
2309 4553 2401 4607 ubi
2456 4567 2523 4608 ex
2585 4551 2833 4623 professo
2864 4566 2975 4605 rem
3008 4566 3130 4605 sum
3185 4566 3380 4606 narra-

1804 4657 1982 4701 ιυτιις.

1873 4738 2033 4809 537
2071 4736 2126 4790 2.
2161 4735 2292 4792 Post
2322 4735 2441 4792 dies
2469 4731 3124 4806 quadraginta,Januarii
3169 4735 3378 4789 mensis

1803 4831 2037 4901 septimo
2066 4845 2229 4901 supra
2248 4829 2596 4900 vigesimum,
2620 4828 3014 4885 Constantinus
3040 4826 3376 4898 Stephanum

1805 4924 2188 4994 imperatorem
2232 4920 2465 4991 ejusque
2517 4920 2744 4976 fratrem
2802 4919 3226 4976 Constantinum
3279 4935 3376 4975 su-

1803 5024 2018 5086 spectos
2054 5013 2283 5078 habens,
2331 5028 2403 5066 ne
2456 5013 2676 5084 quando
2729 5011 2785 5066 in
2838 5025 2897 5066 se
2927 5025 3150 5081 quoque
3183 5012 3374 5068 eadem

1803 5111 2152 5167 attentarent,
2205 5117 2503 5174 secumque
2547 5112 2829 5171 reputans,
2859 5102 2939 5155 uti
2973 5117 3073 5171 par
3109 5110 3249 5167 erat,
3281 5117 3377 5159 eos

1801 5197 1894 5267 qui
1923 5210 2023 5251 nec
2061 5194 2206 5265 patri
2255 5193 2649 5265 pepercissent,
2697 5193 2842 5247 haud
2894 5193 2996 5248 sibi
3049 5194 3375 5264 pare-ituros,

1802 5288 2052 5344 convivio
2081 5296 2338 5358 acceptos
2375 5287 2603 5357 jamque
2646 5300 2853 5341 mensae
2881 5288 3288 5351 accumbentes,
3323 5295 3380 5341 et

85 5380 543 5450 καθεζομένους,
579 5375 663 5449 [Ρ.
681 5376 811 5449 272]
845 5375 927 5430 ἔτι
955 5380 1054 5448 τῆς
1075 5377 1330 5448 βρώσεως
1351 5379 1516 5448 οὕσης
1543 5380 1599 5430 ἐν
1614 5377 1692 5450 τῷ

1802 5396 1922 5437 cum
1952 5380 2034 5437 eis
2063 5378 2247 5436 adhuc
2284 5379 2340 5434 in
2363 5393 2458 5434 ore
2489 5378 2649 5434 cibus
2678 5385 2844 5446 esset,
2867 5379 3252 5449 comprehendi
3283 5395 3382 5434 eos

85 5477 343 5544 στόματι
381 5467 590 5532 αὐτῶν,
617 5467 948 5539 ἀνήρπασαν
985 5461 1134 5522 οὗτοι
1155 5468 1204 5522 οἱ
1233 5466 1518 5538 λεγόμενοι
1551 5467 1691 5539 Τορ-

81 5569 270 5622 νίκιοι
308 5561 420 5617 καὶ
474 5559 505 5612 ὸ
539 5558 829 5629 πατρίκιος
861 5558 1148 5630 Μαριανδς
1196 5561 1293 5614 καὶ
1330 5560 1382 5614 ot
1422 5559 1603 5614 λοιποὶ
1646 5561 1694 5614 οἱ

83 5659 238 5730 πρὸς
289 5652 463 5710 τοῦτο
493 5650 952 5722 ηὐτρεπισμένοι,
1004 5653 1101 5707 καὶ
1137 5652 1230 5707 τοῦ
1261 5653 1528 5708 παλατίου
1557 5672 1694 5708 κατ-

81 5753 317 5820 ήγαγον
348 5743 451 5796 καὶ
477 5743 662 5805 hvmi;
688 5741 1320 5814 πλησιαζούσαιςνήσοις
1347 5744 1574 5812 τούτους
1593 5762 1694 5800 πε-

89 5840 382 5914 [ιιώρισαν
406 5834 503 5887 καὶ
548 5831 843 5906 κληρικοὺς
875 5835 1199 5908 ἁπέκειραν.

1794 5473 1971 5544 jubet.
2001 5469 2222 5541 Arrepti
2275 5471 2461 5541 itaque
2495 5485 2526 5526 a
2553 5468 2848 5534 Torniciis,
2881 5485 3024 5540 quos
3062 5479 3284 5537 vocant,
3318 5481 3375 5527 et

1801 5563 2034 5635 patricio
2069 5562 2316 5619 Mariano
2369 5562 2605 5633 aliisque
2638 5576 2762 5618 eam
2813 5563 2869 5617 in
2920 5576 3035 5618 rem
3085 5563 3378 5633 expeditis,

1802 5659 2036 5728 aulaque
2064 5657 2245 5713 educti
2292 5662 2459 5726 atque
2520 5656 2573 5709 in
2607 5657 2888 5726 proximas
2943 5654 3152 5713 insulas
3183 5654 3382 5726 depor-

1806 5751 1923 5817 tati,
1950 5752 2006 5806 in
2042 5750 2270 5807 clericos
2291 5759 2421 5804 sunt
2451 5751 2672 5805 attonsi.
