4154 6450
159 358 266 418 4-65

159 560 255 613 καὶ
286 560 364 629 τῷ
392 563 669 634 πατρικίῳ
693 565 785 617 καὶ
819 562 1304 642 παρακοιμωμένῳ
1334 573 1599 645 Βασιλείῳ
1649 577 1742 630 καὶ

155 655 269 714 τοῖς
298 653 666 720 κοιτωνίταις,
691 655 766 718 ὡς
801 655 991 727 ἑώρων
1016 657 1107 713 τὸν
1133 662 1347 717 ἄνακτα
1397 665 1742 720 Κωνσταντῖ-

155 758 244 793 νον
273 743 732 816 ψυχορραγοῦντα
755 748 850 800 καὶ
873 754 1334 822 συγκοπτόμενον,
1356 757 1742 826 περιχυθέντες

151 833 218 900 τῇ
252 831 422 902 εκλίνῃ
451 833 750 906 κλαυθμοῖς
773 838 865 890 καὶ
889 838 1144 910 ὀδυρμοῖς
1168 843 1428 916 ἀμέτροις
1458 849 1742 920 περιρραί-

152 940 337 987 νοντες
369 924 792 995 ἀπωλοφύροντο
847 933 942 984 καὶ
981 934 1332 1006 ἀπωδύροντο
1371 939 1612 994 τοιοῦτον
1661 943 1741 996 δε-

151 1018 385 1082 σπότην,
441 1021 537 1071 καὶ
593 1019 756 1072 πλέον
794 1022 950 1076 οὐδὲν
1003 1024 1294 1095 ὠφέλησαν
1340 1028 1612 1102 ἤκωφοῐς
1644 1035 1738 1088 καὶ

154 1110 330 1168 κενοῖς
379 1108 610 1178 δάκρυσι
657 1113 1094 1181 καταπλύνοντες
1124 1118 1185 1172 τὸ
1241 1118 1520 1188 βασιλικὸν
1561 1126 1737 1179 ἐκεῖνο

149 1198 338 1268 σῶμα.
368 1200 481 1254 Καὶ
516 1203 582 1273 δὴ
611 1203 710 1274 τὴν
740 1205 932 1279 κλίνην
956 1210 1123 1263 αὐτοῦ
1153 1213 1482 1286 ἀμφοτέρων
1505 1234 1738 1288 περικυ-

151 1288 437 1344 κλουντων
486 1295 579 1346 καὶ
623 1297 743 1360 ταῖς
774 1298 997 1364 πολλαῖς
1040 1303 1310 1370 οἰμωγαῖς
1362 1307 1732 1376 κοπτομένων,

151 1379 242 1430 καὶ
278 1381 421 1450 πρὸς
440 1383 521 1435 «κὰ
551 1384 680 1456 τέλη
709 1388 887 1459 πάντη
918 1383 992 1445 ὧν
1023 1393 1051 1443 6
1079 1393 1284 1460 γλυκὺς
1323 1398 1417 1449 καὶ
1447 1397 1732 1453 πλουτοδό-

148 1486 246 1536 της
281 1471 560 1540 βασιλεὺς,
587 1483 938 1549 χοροστασίαι
974 1485 1148 1552 ἁγίων
1181 1489 1277 1540 καὶ
1303 1488 1531 1544 δικαίων
1564 1510 1730 1562 μονα-

150 1562 262 1631 χῶν
297 1581 355 1617 τε
389 1568 484 1618 καὶ
512 1570 811 1641 μαρτύρων
833 1574 925 1626 καὶ
953 1570 1226 1646 ίεράρχῶν
1261 1582 1622 1650 παρίσταντο,
1641 1586 1734 1639 καὶ

148 1658 208 1707 τὸ
234 1659 508 1725 πανάγιον
556 1663 724 1717 αὐτοῦ
756 1667 976 1736 πνεῦμα
1005 1672 1194 1740 χερσὶν
1243 1674 1562 1741 ἀγγελικαίς
1595 1695 1734 1748 παρ-

149 1746 340 1802 έθεντο
369 1751 439 1806 ’³.
463 1752 575 1805 Καὶ
601 1754 786 1824 τάχιον
828 1758 1021 1813 τοῦτον
1049 1762 1465 1835 ἀποσμήξαντες
1493 1746 1730 1838 προέθη-

873 365 1016 423 nn.
1051 366 1145 425 γι.
1188 395 1204 402 -
1241 396 1253 400 -
1295 369 1877 433 CONSTANTlN-US
1909 359 2666 441 roumtrnnimxi'rtfs.

230 467 333 539 νβ’.
368 469 656 538 Δὺγουστα
713 471 900 542 Ἑλένη
938 475 1036 527 σὺν
1071 478 1162 530 καὶ
1191 481 1303 542 τοῖς
1329 480 1537 546 τέκνοις
1580 485 1748 554 αὐτῆς
1778 493 1820 546 Α

3313 387 3417 453 486

1922 490 2011 546 52.
2050 491 2249 546 llelena
2280 508 2442 563 porro
2469 493 2711 562 Augusta
2741 510 2864 548 cum
2899 493 3081 549 liberis
3111 495 3420 570 Basilioqne

1845 585 2079 654 patricio
2109 595 2162 639 et
2199 588 2343 640 sacri
2380 586 2616 646 cubiculi
2668 585 2921 654 praefecto
2967 603 3069 642 nec
3119 604 3226 643 non
3263 593 3422 645 cubi-

1841 678 2088 744 culariis,
2145 680 2234 734 ubi
2284 679 2677 748 imperatorem
2710 676 3131 734 Constantinum
3175 681 3415 736 animam

1842 780 2090 838 agentem
2124 784 2186 822 ac
2221 769 2334 838 jam
2371 769 2542 838 linqui
2578 769 2852 830 viderunt,
2885 770 3025 823 lecto
3071 771 3421 840 circumfusi,

1842 857 2110 911 immenso
2142 856 2269 911 ﬂetu
2296 856 2457 928 467
2511 873 2575 910 ac
2605 857 2810 924 ejulatu
2853 857 3126 928 lacrymas
3157 861 3414 924 libantes,

1840 945 2032 1002 herum
2066 947 2226 1002 talem
2275 962 2339 1001 ac
2367 948 2645 1002 dominum
2681 949 3076 1019 deplangebaut
3107 964 3169 1004 ac
3208 951 3418 1006 lamen-

1841 1039 2127 1105 tabantur;
2190 1039 2434 1109 nihilque
2500 1040 2628 1094 inde
2658 1041 2884 1109 majoris
2927 1041 3102 1110 frugis
3132 1044 3415 1098 consecuti

1837 1140 2152 1202 suntquam
2187 1140 2246 1186 ut
2271 1133 2438 1187 mutis
2472 1133 2843 1202 inanibusque
2881 1133 3136 1204 lacrymis
3179 1134 3416 1204 impera-

1837 1226 1974 1280 toris
2011 1239 2213 1294 corpus
2267 1225 2397 1280 illud
2433 1224 2706 1295 funusque
2749 1226 3086 1295 proluerent.
3121 1226 3258 1281 lline
3288 1227 3416 1282 inde

1835 1316 2057 1386 itaque,
2114 1319 2233 1386 ejus
2289 1319 2490 1373 lectum
2549 1319 2797 1389 utrisque
2843 1320 3214 1374 ambientibus
3272 1320 3410 1374 mul-

1835 1396 2002 1477 toqué
2030 1409 2234 1477 gemitu
2272 1409 2747 1478 deplangentibus,
2782 1424 2906 1462 cum
2954 1425 3181 1478 prorsus
3224 1409 3275 1462 in
3321 1425 3416 1463 ex-

1833 1501 2023 1553 tremis
2063 1507 2209 1552 esset
2244 1499 2420 1553 dulcis
2486 1514 2550 1553 ac
2603 1498 2847 1568 locuples
2902 1509 3219 1553 munerator
3271 1501 3416 1554 Con-

1833 1591 2129 1653 stantinus,
2191 1591 2484 1644 astiterunt
2541 1600 2859 1646 sanctorum
2909 1591 3297 1660 justorumque
3356 1601 3414 1646 et

1833 1682 2232 1736 monachorum
2292 1691 2455 1751 atque
2525 1691 2826 1753 martyrum
2882 1698 2945 1736 ac
2991 1683 3408 1736 hicrarcharnm

1831 1772 2004 1835 chori,
2064 1788 2336 1841 suumque
2385 1774 2473 1827 ille
2543 1784 2792 1828 sanetum
2856 1774 3104 1842 spiritum
3154 1775 3412 1844 angelicis

145 1856 251 1892 καν
280 1843 340 1893 ὲν
359 1846 473 1905 τοῖς
497 1845 787 1901 δεκαεννέα
816 1851 1142 1916 ἁκουϐίτοις.
1161 1855 1268 1908 Καὶ
1284 1858 1518 1928 ψαλμοῖς
1540 1859 1722 1914 τοῦτον

1838 1865 2093 1919 manibus
2150 1865 2596 1932 coimnendavit;
2632 1867 2904 1936 citiusque
2936 1869 3310 1935 abstergcntes
3356 1871 3408 1922 in

144 1931 470 2023 τελέσαντες
497 1938 740 2008 παρευθὺ
774 1941 1068 2011 ἐξήγαγον,
1104 1951 1197 1999 καὶ
1227 1951 1366 2020 πρὸς
1387 1951 1486 2019 τήν
1504 1953 1728 2023 Χαλκῆν

75 2100 84 2108 ἰ
145 2022 468 2088 ἀποθέντες,
489 2029 801 2084 τελευταῖον
829 2033 1125 2105 ἀσπασμὸν
1170 2041 1196 2091 6
1222 2041 1512 2110 ἀρχιερεὺς
1553 2047 1647 2097 καὶ
1678 2022 1726 2097 οἱ

145 2111 314 2181 ἱερεῖς
339 2117 434 2168 καὶ
466 2119 516 2171 oi
550 2121 842 2194 μάγιστροι
875 2128 968 2178 καὶ
999 2129 1048 2179 οἱ
1083 2131 1363 2198 πατρίκιοι
1398 2137 1490 2187 καὶ
1514 2137 1547 2205 ή
1577 2138 1726 2189 πᾶσα.

143 2204 454 2274 σύγκλητος
511 2214 926 2279 κατησπὰζοντο
949 2235 961 2246 ·
998 2220 1090 2272 καὶ
1119 2221 1148 2272 6
1193 2223 1291 2291 τῆς
1312 2228 1723 2292 καταστάσεως,

139 2294 212 2358 ὡς
236 2297 361 2361 ἔθος
388 2297 475 2370 ἦν,
502 2303 842 2374 ἀνακράξας·
888 2309 1158 2378 Ἔξελθε,
1213 2315 1504 2378 ,ϐασιλεῦ’
1555 2323 1730 2378 καλεῖ

138 2403 212 2440 σε
237 2389 276 2441 ὁ
307 2392 612 2460 Βασιλεὺς
640 2393 758 2449 τῶν
773 2398 1234 2460 ,ϐασιλευόντων
1251 2407 1345 2458 καὶ
1373 2411 1584 2477 Κύριος
1610 2413 1725 2466 τῶν

139 2483 568 2548 κυριευόντων,
627 2487 842 2541 καὶτοῦ
881 2493 1120 2557 πλήθους
1169 2496 1262 2549 τοῦ
1289 2499 1444 2567 ὄχλου
1475 2501 1602 2573 βοὴν
1631 2507 1723 2559 καὶ

138 2573 391 2625 κωκυτὸν
447 2576 539 2628 καὶ
568 2577 804 2648 ὁδυρμὸν
859 2582 1186 2652 βαλλόντων,
1241 2593 1336 2644 καὶ
1389 2595 1481 2646 τοῦ
1534 2599 1722 2667 τρίτου

136 2663 300 2717 τοῦτο
363 2669 755 2738 φωνήσαντος,
813 2676 1063 2744 παρευθὺ
1109 2681 1342 2750 ἄραντες
1393 2686 1485 2741 τὸν
1512 2688 1720 2744 ἄνακτα

139 2755 416 2826 ὲῇγαγον
440 2760 546 2813 ἀπὸ
578 2763 688 2816 τῶν
713 2764 1006 2834 βασιλικῶν
1038 2771 1221 2841 δόμων
1265 2776 1359 2828 ἐπὶ
1387 2778 1484 2848 τὴν
1514 2780 1722 2850 λεωφόο

139 2863 254 2912 ρον,
297 2851 394 2902 καὶ
444 2854 580 2923 πρὸς
627 2855 719 2908 τὸν
769 2857 896 2911 ναὸν
945 2861 1054 2914 τῶν
1118 2863 1318 2932 Ἀγίων
1377 2869 1722 2928 Ἀποστόλων

138 2939 354 3010 ἔφερον,
382 2944 479 3014 τῆς
533 2949 839 3018 συγκλήτου
878 2952 1061 3024 πάσης
1113 2963 1575 3035 προπεμπούσης,
1627 2969 1720 3022 καὶ

137 3031 348 3102 omne:
374 3041 746 3108 προπομπίοις
776 3043 874 3116 τὴν
907 3046 1087 3114 ἔξοδον
1121 3053 1538 3121 μεγαλύνοντες.

207 3210 306 3274 νγ’.
354 3212 464 3263 Καὶ
489 3214 542 3265 τί
569 3214 650 3267 δεῖ
685 3217 862 3284 λέγειν
889 3223 968 3283 είς
991 3223 1082 3275 τὸν
1118 3228 1440 3284 συνελθόντα
1472 3233 1597 3286 λαὸν
1626 3238 1720 3288 καὶ

134 3298 293 3392 ὄχλον
347 3300 449 3370 τῆς
484 3303 785 3370 πολιτείας,
827 3310 935 3362 τῶν
968 3313 1067 3381 μὲν
1097 3315 1191 3382 ἀφ’
1221 3316 1389 3386 ὕψους
1419 3323 1478 3375 τὸ
1505 3323 1717 3392 βασιλι-

133 3390 229 3441 xiv
280 3393 461 3445 ἐκεῖνο
514 3396 713 3465 cat-Tyro;
764 3407 1224 3473 κατοπτευὸντων,
1266 3411 1374 3464 τῶν
1399 3413 1453 3466 δὲ
1493 3419 1719 3487 πλησίον

135 3485 672 3553 παραθεωρκίντων,
725 3495 816 3546 καὶ
852 3496 1029 3550 ἄλλων
1062 3501 1161 3569 μὲν
1208 3505 1266 3570 ἐξ
1293 3485 1594 3578 οἰκορομῶν
1627 3515 1718 3566 καὶ

131 3579 458 3647 οἰκημάτων
483 3583 772 3653 μετεώρων
804 3588 899 3638 καὶ
925 3589 1146 3660 ὑψηλῶν
1177 3599 1601 3664 προκυπτόντων
1626 3606 1717 3656 καὶ

133 3669 266 3737 πρὸς
305 3670 407 3740 τὴν
448 3670 575 3725 θέαν
626 3675 722 3744 τῆς
784 3677 975 3749 κλίνης
1035 3685 1487 3755 ἐπιρῤιπτόντων,
1524 3695 1631 3745 τῶν
1659 3697 1714 3748 δὲ

133 3760 382 3828 κρυφίως
415 3763 740 3832 μυρομένω-ι
779 3769 872 3819 καὶ
908 3777 1226 3842 στεναγμοῖς
1254 3777 1558 3848 ὲγκαρδίοις
1600 3783 1717 3836 κλυ-

129 3852 433 3920 νουμὲ·.ων,
471 3851 556 3924 [Ρ.
585 3854 712 3928 εθι]
746 3862 836 3910 καὶ
887 3861 1347 3936 ἄλλωνόδυρμοῖς
1392 3872 1713 3937 καταξαινο-

133 3944 334 4011 μένων,
390 3947 486 3998 καὶ
519 3948 693 4002 ἄλλων
748 3952 910 4006 τινῶν
967 3954 1219 4028 ὀξύτερον
1272 3961 1708 4035 ὲπικωκυόντων,

129 4036 220 4089 καὶ
248 4038 662 4109 συνθλιδόμενοι
695 4045 787 4097 καὶ
811 4047 1278 4120 ἀπολοφυρόμενοι
1305 4055 1381 4124 τῷ
1407 4057 1568 4127 κοινῷ
1587 4058 1712 4113 δυσ-

128 4133 434 4200 τυχῆματι,
493 4134 652 4188 τινῶν
674 4137 728 4188 δὲ
757 4139 851 4190 καὶ
877 4141 944 4192 τὰ
990 4141 1204 4212 δάκρυα
1253 4151 1543 4216 κρουνηδον
1577 4169 1712 4222 προ.

128 4216 364 4284 χεόντων
431 4222 525 4273 καὶ
577 4223 676 4293 τήν
723 4229 1158 4300 χρυσοκόλλητον
1209 4236 1398 4306 κλίνην
1435 4238 1475 4269 ¹³
1507 4216 1710 4311 καταρ-

127 4308 394 4362 δευόντων
442 4314 535 4365 καὶ
580 4321 1080 4389 καταρῤαινόντων.
1123 4325 1210 4388 Ὠς
1241 4328 1297 4380 δὲ
1321 4329 1398 4400 τῷ
1444 4333 1555 4403 ναῷ
1598 4335 1708 4389 τῶν

139 4397 338 4496 ’λγίων
377 4403 715 4460 ’Δπόστολων
751 4418 1128 4482 προσήγγισαν
1149 4422 1241 4472 καὶ
1274 4397 1382 4475 ἔσω
1408 4429 1468 4477 τὸ
1496 4397 1707 4496 βασιλι-

1830 1955 2216 2010 Noremdccim
2252 1957 2606 2012 aet-ubiluum
2633 1968 3041 2027 exposuerunt;
3077 1960 3410 2028 psalmisque

1829 2049 1878 2102 ei
1919 2047 2278 2120 defungentes
2311 2049 2602 2105 confestim
2649 2050 2978 2112 eduxerunt,
3021 2067 3084 2105 ac
3117 2052 3169 2104 in
3209 2050 3409 2105 Cbalce

1829 2141 2076 2210 depo.~ito
2125 2156 2444 2210 supremum
2487 2141 2642 2196 urbis
2675 2143 2966 2211 episcopus
2999 2151 3054 2196 et
3093 2142 3408 2198 sacerdotes

1827 2243 1881 2287 et
1912 2233 2157 2300 magistri
2205 2243 2258 2287 et
2296 2232 2510 2302 patricii
2539 2233 2828 2302 omnisque
2884 2243 3109 2288 senatus
3150 2237 3402 2289 osculum

1828 2325 2097 2379 dederunt
2138 2339 2201 2378 ae
2228 2325 2667 2379 consalutarunt.
2700 2324 2834 2378 Tum
2869 2339 2930 2380 ex
2971 2341 3120 2379 more
3153 2329 3408 2395 magister

1827 2418 2277 2472 cmrentoniarum
2318 2417 2426 2471 alta
2462 2432 2591 2474 voce
2619 2426 2781 2487 atque
2813 2418 3074 2480 clamore,
3124 2416 3402 2488 Egredere,

1825 2512 2151 2578 imperator;
2213 2519 2361 2565 vocat
2427 2522 2476 2564 te
2517 2526 2608 2563 rea:
2645 2525 2821 2579 regum
2854 2521 2900 2564 et
2940 2509 3196 2563 Dominus
3227 2511 3406 2564 domi-

1826 2583 2117 2665 nantium}
2139 2601 2424 2670 plebisque
2448 2601 2667 2656 sublato
2701 2601 2941 2656 clamore
2973 2613 3025 2654 et
3055 2603 3256 2671 gemitu
3285 2603 3406 2656 lon-

1825 2708 1998 2761 geque
2033 2693 2246 2761 lugubri
2280 2707 2434 2754 voce,
2468 2707 2533 2745 ac
2564 2707 2690 2744 cum
2736 2692 2920 2754 tertio,
2951 2706 3113 2759 quem
3156 2692 3290 2750 dixi.
3320 2693 3404 2745 in-

1823 2791 2014 2852 ceptor
2060 2784 2489 2852 pronuntiasset,
2543 2779 2831 2836 confestim
2887 2781 3140 2834 tollentes
3170 2782 3404 2847 imperas

1825 2885 1995 2930 torem
2024 2891 2053 2927 e
2079 2875 2244 2944 regiis
2271 2875 2478 2929 aedibus
2500 2873 2830 2929 eduXernnt.
2853 2873 3181 2943 publicaque
3203 2874 3402 2928 vehen-

1823 2977 1904 3021 tes
1933 2967 1998 3021 ad
2056 2964 2160 3020 SS.
2205 2965 2588 3034 Apostolorum
2641 2965 2978 3026 detulerunt,
3019 2981 3270 3033 pompam
3302 2980 3400 3019 co-

1822 3060 2049 3112 mitante
2085 3059 2344 3113 universo
2396 3067 2613 3120 senatu,
2674 3073 2737 3111 ac
2799 3057 3126 3112 funebribus
3168 3059 3397 3112 canticis

1823 3153 2106 3220 magnifice
2136 3153 2235 3204 viri
2263 3153 2471 3205 exitum
2505 3163 2830 3206 exornante.

1892 3245 1981 3297 55.
2017 3243 2158 3309 Quid
2191 3259 2322 3297 vero
2359 3243 2556 3296 attinet
2590 3245 2772 3313 populi
2807 3243 3116 3311 civiumque
3155 3245 3401 3298 multitu-

1821 3333 1890 3386 do
1930 3343 2130 3401 quanta
2172 3332 2495 3386 conﬂuxerit
2527 3335 2795 3387 narrare?
2826 3350 2948 3388 cum
2991 3335 3080 3388 alii
3112 3351 3142 3388 e
3170 3336 3391 3390 sublimi

1823 3421 2030 3491 regium
2058 3422 2189 3474 illud
2226 3422 2638 3476 tabernaculum
2679 3432 3025 3491 aspectarent
3063 3424 3151 3476 alii
3191 3440 3218 3477 e
3251 3426 3392 3478 viei-

1821 3529 1890 3567 no
1926 3511 2101 3567 obiter
2173 3523 2479 3574 cernerent,
2533 3515 2624 3566 alii
2656 3530 2684 3568 e
2729 3515 3017 3568 domorum
3064 3516 3185 3569 altis
3212 3533 3397 3570 omna-

1820 3606 1956 3660 culis
1981 3604 2148 3676 468
2177 3610 2441 3674 tantisper
2462 3606 2858 3674 prospicientes
2887 3608 2940 3661 in
2972 3607 3193 3662 feralem
3230 3611 3398 3663 let-tu-

1818 3697 1931 3751 lum
1980 3698 2173 3751 oculos
2234 3712 2470 3765 superne
2526 3697 2883 3764 conjicerent,
2936 3699 3028 3752 alii
3070 3702 3394 3770 sectnn'ipsi

1821 3789 2089 3857 taciteque
2127 3789 2394 3856 lugerent,
2428 3804 2490 3842 ac
2513 3791 2693 3844 cordis
2719 3791 2974 3859 suspiriis
3011 3801 3392 3860 quaterentur,

1817 3880 1908 3935 alii
1948 3880 2241 3950 gemitibus
2287 3881 2740 3944 dilacerarentur,
2807 3884 3051 3936 nonnulli
3087 3885 3248 3938 altius
3271 3889 3396 3954 qui-

1816 3973 2134 4034 ritarentur,
2169 3972 2472 4041 plaugendo
2509 3988 2570 4027 ac
2613 3973 2862 4028 deflendo
2896 3989 3188 4031 commune
3222 3977 3396 4030 infor-

1815 4066 2048 4130 tunium,
2082 4066 2174 4120 alii
2213 4066 2448 4120 ubertim
2479 4067 2740 4121 torrentis
2775 4069 2948 4122 instar
2975 4069 3244 4140 lacrymas
3268 4071 3392 4124 ίιιιι-

1811 4160 2021 4222 derent,
2054 4175 2298 4230 auroque
2335 4171 2678 4230 compactam
2719 4163 3060 4232 sandapilam
3097 4166 3241 4218 illam
3277 4167 3384 4220 lar-

1811 4251 1963 4322 giore
2006 4253 2131 4306 ﬂetu
2184 4263 2536 4322 aspergerent
2590 4269 2656 4307 ac
2721 4251 3130 4316 perfunderent.
3165 4254 3265 4311 Ubi
3319 4257 3384 4311 ad

1813 4345 1913 4402 SS.
1973 4344 2367 4414 Apostolorum
2422 4346 2795 4400 venerandam
2859 4349 3029 4401 ardem
3096 4359 3387 4411 venerunt,

1811 4436 2001 4505 sicque
2051 4450 2250 4505 pompa
2296 4435 2498 4490 elatum
2537 4437 2886 4506 imperatoris
2936 4438 3102 4494 funus
3151 4441 3204 4494 in
3258 4441 3389 4495 illud

127 4489 214 4544 κὶν
238 4493 715 4565 δορυφορούμενον
740 4502 991 4569 ἐφαίνετο
1020 4508 1200 4579 σῶμα.
1237 4514 1265 4564 6
1298 4517 1584 4586 πατρίκιος
1615 4522 1708 4574 καὶ

1823 4527 2136 4587 intulerunt,
2179 4525 2412 4581 Basilius
2444 4529 2707 4596 patricius
2737 4545 2801 4584 ac
2826 4531 2965 4584 sacri
2997 4532 3232 4586 cubiculi
3261 4549 3392 4602 pra:-

125 4587 633 4656 παρακοιμώμενος
662 4591 943 4660 Βασίλειος
964 4599 1026 4652 τὸ
1056 4603 1321 4670 πανάγιον
1351 4609 1519 4663 αὑτοῦ
1549 4612 1711 4683 σῶμα

124 4679 236 4738 ταῖς
264 4679 522 4743 οἰκείαις,
547 4681 622 4745 ὡς
652 4684 774 4748 ἔθος
803 4691 918 4752 τοῖς
963 4697 1176 4764 νεκροῖς
1226 4703 1419 4764 ποιεῖν,
1454 4702 1706 4776 λαζαρώ-

127 4782 242 4835 σας,
269 4771 370 4822 καὶ
396 4771 492 4823 τοῦ
523 4775 692 4842 τάφου
726 4779 844 4846 ἦτοι
886 4783 982 4834 τοῦ
1019 4784 1289 4855 λάρνακος
1317 4793 1706 4864 εὐτρεπισθέν-

125 4877 208 4924 τος
243 4865 342 4914 καὶ
372 4867 715 4934 σηκωθέντος
745 4872 806 4937 ⁸³,
833 4876 1091 4931 κατέθετο
1116 4882 1254 4949 μετὰ
1289 4886 1515 4951 Λέοντος
1549 4891 1709 4959 βασι-

125 4953 260 5018 λέως
315 4957 414 5010 τοῦ
469 4960 676 5028 πατρὸς
715 4965 902 5018 αὑτοῦ.
936 4968 1046 5039 Τήν
1076 4971 1131 5023 δὲ
1171 4979 1443 5048 πατρικὴν
1480 4983 1711 5054 ἑνότητα

128 5049 213 5098 καὶ
236 5049 466 5118 ἀγάπην
497 5053 617 5105 οὐδὲ
646 5056 787 5122 μετὰ
812 5056 1040 5113 θάνατον
1066 5067 1159 5118 καὶ
1198 5070 1372 5140 ταφὴν
1397 5075 1423 5125 ὁ
1456 5073 1709 5143 φίλτατος

125 5139 231 5198 υἱὸς
262 5141 634 5212 ἀπέστρεψεν.

190 5232 283 5324 νᾶ.
324 5228 438 5287 Ἶιν
455 5239 522 5306 τῇ
557 5238 716 5309 ἰδέᾳὸ
749 5242 1261 5318 Πορφυρογὲννητος
1295 5252 1706 5324 Κωνσταντίνος

123 5324 150 5375 ὁ
183 5323 441 5391 βασιλεὺς
471 5330 721 5402 εὐμήκης
747 5337 813 5406 τῇ
836 5337 1042 5410 ἡλικίᾳ,
1068 5340 1261 5405 λευκὸς
1282 5347 1348 5415 τῇ
1381 5352 1538 5420 χροιᾷ
1569 5323 1704 5406 ilicei

123 5417 280 5482 γάλα,
340 5420 704 5493 εὖόφθαλμος,
765 5435 1092 5499 χαροποιοὺς
1151 5435 1290 5505 ἔχων
1367 5441 1697 5512 ὀρθαλμοὺς,

122 5510 328 5578 γρυπὸς
376 5514 497 5582 ἦτοι
548 5516 752 5588 ἐπίριν,
791 5525 1289 5594 μακροπρόσωπος,
1337 5532 1561 5600 ροδινος,
1599 5555 1702 5605 μα-

124 5603 515 5675 κροτράχηλος,
560 5611 625 5680 τῇ
677 5610 863 5683 ἡλικίᾳ
919 5615 1101 5687 ὄρθιος
1136 5618 1269 5672 ὡσεὶ
1334 5624 1695 5694 κυπάρισσος,

1812 4617 1992 4673 fectus
2020 4618 2136 4672 suis
2186 4617 2304 4686 ipse
2338 4620 2614 4682 manibus,
2664 4623 2740 4674 uti
2781 4624 2950 4677 moris
2981 4634 3062 4677 est
3094 4625 3387 4691 defunctis,

1812 4707 2224 4762 sanctissimum
2258 4707 2380 4776 ejus
2412 4711 2645 4763 cadaver
2692 4709 2872 4764 linteis
2907 4712 3222 4782 institisque
3254 4731 3389 4768 con-

1808 4799 2053 4863 volvens,
2073 4799 2391 4868 tumuloque
2409 4815 2503 4854 seu
2524 4817 2658 4855 urna
2686 4805 2784 4856 rite
2804 4814 2986 4872 parata
3007 4820 3069 4859 ae
3091 4809 3386 4876 composita

1810 4905 1932 4944 cum
1977 4889 2158 4944 Leone
2198 4891 2320 4960 ejus
2373 4903 2528 4962 patre
2579 4895 2904 4962 imperatore
2946 4899 2998 4951 in
3033 4910 3387 4956 monumento

1808 4990 2075 5053 condidit,
2110 4991 2184 5045 ita
2224 5007 2360 5046 sane
2396 5003 2456 5046 ut
2489 4995 2746 5047 unionem
2786 5008 2911 5047 cum
2964 5003 3118 5062 patre
3152 5009 3214 5047 ac
3259 4995 3386 5045 chri-

1808 5083 2022 5136 ritatem
2057 5099 2156 5137 nec
2188 5094 2311 5153 post
2345 5101 2576 5141 mortem
2601 5102 2662 5141 ac
2688 5087 3026 5157 sepulturam
3059 5087 3386 5143 charissima

1807 5173 1986 5239 proles
2027 5185 2277 5229 aversata
2303 5179 2400 5230 sit.

1877 5265 1967 5319 54.
2002 5263 2130 5318 Erat
2167 5265 2560 5324 Constantinus
2606 5269 3163 5343 Porphyrogenuetus
3210 5274 3385 5342 impe-

1807 5367 1956 5412 rator
1980 5372 2202 5426 procera
2249 5369 2478 5424 statura,
2515 5364 2750 5418 candido
2797 5366 2952 5419 lactis
2982 5368 3153 5420 instar
3176 5371 3382 5430 Colore,

1805 5451 2051 5520 pulchris
2085 5451 2256 5504 oculis
2303 5469 2365 5508 ac
2395 5457 2672 5524 gratiosis.
2731 5459 3008 5528 aquilinus
3048 5475 3142 5513 seu
3175 5464 3385 5515 adunco

1805 5559 1961 5606 naso,
2011 5544 2116 5596 lata
2150 5543 2351 5608 fronte,
2381 5565 2595 5612 roseus,
2625 5553 2862 5624 oblongo
2890 5553 3052 5614 collo,
3087 5563 3230 5607 recta
3261 5571 3383 5606 eor-

1800 5637 1949 5703 poris
1975 5645 2183 5689 statura
2217 5641 2362 5693 velut
2386 5656 2699 5711 cypressus,
2739 5645 2864 5701 latis
2900 5645 3166 5710 humeris,
3197 5647 3384 5715 probis

1427 5715 1654 5774 VARUS
1689 5723 2088 5785 LEC'I'IUNES.

219 5792 260 5822 "
289 5795 565 5863 περέοετο

693 5803 733 5836 ⁸⁵
765 5803 980 5878 κλίνην]
1019 5810 1239 5882 ἐκείνην
1273 5813 1311 5868 Ρ
1351 5834 1363 5870 :
1398 5818 1469 5873 cf.
1508 5835 1560 5889 [ι.
1597 5819 1703 5876 296
1731 5823 1795 5877 Α.

1879 5827 1920 5857 ¹’⁸
1955 5831 2292 5897 συκωθέντες
2324 5832 2382 5886 l’.
