4154 6450
688 412 791 479 491

1807 387 2313 458 THEOPHANES
2348 387 2622 450 CONTIN
2635 390 2783 450 UAT
2789 389 2904 453 US.

3840 385 3952 449 ΑΩ

764 535 816 588 5.
860 528 1131 595 Quidnam
1176 534 1306 575 vero
1335 519 1459 589 quis
1488 517 1634 571 dicat
1672 515 1740 569 de
1767 509 2112 581 imperatoris
2137 503 2266 595 dili-A

2440 501 2499 554 ε’.
2536 503 2600 555 Τί
2642 502 2699 554 δὲ
2741 501 2809 555 ἂν
2852 502 2982 572 εἴπῃ
3012 517 3093 564 τις
3127 501 3255 568 περὶ
3292 499 3642 569 τῆςάοκνίας
3668 500 3761 551 καὶ
3790 496 3952 550 εὐθύ·

694 591 1143 690 ανηιίο-γεςιὶιιιιο
1160 607 1344 666 studio
1368 618 1421 663 et
1443 604 1766 661 fortitudine
1788 602 2039 663 bonaque
2059 591 2271 649 indole?

697 686 817 769 llno
840 710 927 765 die
950 722 1072 762 cum
1102 706 1156 757 in
1185 702 1335 756 circo
1355 698 1609 758 sedisset,
1644 701 1699 748 ct
1719 708 1843 747 cum
1867 698 2054 745 senatu
2079 686 2268 755 epula-

698 820 785 858 tus
804 809 970 863 esset,
1000 811 1061 851 ac
1082 794 1345 866 pecunias
1361 789 1627 859 elargitus
1655 793 1823 847 esset,
1851 782 2062 850 subque
2086 791 2272 844 vespe-

700 908 812 947 ram
840 891 894 943 in
915 883 1289 957 sphairistetio
1317 894 1442 933 cum
1469 875 1662 947 peritis
1683 874 1903 944 pilaque
1926 866 2167 940 probatis
2192 866 2273 918 lu—

698 986 881 1044 sisset,
917 993 1017 1032 nec
1038 973 1202 1030 semel
1230 979 1325 1024 aut
1359 970 1556 1023 iterum
1594 968 1765 1019 victor
1794 962 2016 1020 exisset,
2042 959 2107 1010 ad
2129 957 2274 1008 Ano-

698 1084 847 1128 ratas
879 1077 1134 1139 superato
1169 1065 1309 1118 l'reto
1341 1060 1631 1120 transibat,
1666 1054 1952 1124 captisque
1978 1050 2048 1103 ibi
2076 1056 2274 1116 qatuor

700 1181 749 1234 pi
763 1136 1030 1233 aagraudis
1053 1156 1214 1210 molis
1233 1153 1406 1224 apris,
1424 1163 1487 1203 ac
1503 1147 1789 1202 venatione
1814 1142 2054 1199 (unctus,
2074 1153 2129 1190 su
2139 1150 2200 1188 ro
2220 1136 2273 1187 in

701 1227 903 1320 regiam
951 1249 1149 1300 iterum
1198 1241 1561 1296 commeabat.
1617 1234 1743 1289 Erat
1765 1233 1910 1288 enim
1943 1227 2275 1295 atatejuvc-

703 1319 808 1406 nis,
835 1347 1024 1409 vagi-to
1049 1348 1282 1404 corpore
1327 1345 1393 1385 ac
1435 1328 1773 1386 luxuriante,
1807 1322 2005 1376 triticci
2045 1319 2274 1379 coloris,

705 1432 948 1504 pulchris
971 1427 1169 1487 oculis,
1200 1437 1334 1477 naso
1373 1421 1610 1481 adunco,
1653 1428 1812 1469 roseo
1861 1412 2037 1475 vultu,
2067 1412 2270 1479 gratio-

704 1498 800 1578 sus
826 1519 989 1593 573
1026 1532 1089 1571 ac
1123 1513 1311 1570 suavis
1348 1510 1589 1580 eloquio,
1622 1516 1831 1561 statura
1895 1511 2080 1555 rectus
2112 1498 2273 1567 quasi

704 1627 1021 1686 rypressus,
1042 1609 1170 1672 latis
1206 1605 1474 1665 humeris,
1516 1601 1737 1670 quietus
1779 1614 1841 1650 ac
1876 1595 2034 1655 leuis,
2071 1606 2126 1643 ut
2155 1608 2276 1643 om-

708 1724 806 1762 nes
860 1704 1267 1759 admirarentur
1318 1711 1381 1751 ac
1424 1702 1607 1748 tantas
1634 1691 1735 1743 viri
1781 1688 1934 1742 dotes
1972 1691 2275 1751 stttpt-rcnl.

706 1794 1204 1869 Congratttlabatur
1226 1788 1422 1842 civitas
1444 1785 1564 1855 ejus
1592 1785 1789 1852 gratia,
1822 1789 1879 1834 ut
1924 1778 2010 1832 cui
2048 1777 2182 1830 bene
2216 1788 2279 1824 ac

711 1865 970 1958 prospere
995 1884 1209 1937 cederet
1229 1879 1585 1950 gentiumque
1612 1870 2083 1926 victorexsistcret
2104 1865 2278 1933 ;quod

709 1978 948 2047 denique
969 1973 1234 2044 Byzantio
1259 1967 1513 2036 copiosas
1544 1977 1793 2017 annonas
1823 1958 2121 2019 sutliccret,
2141 1972 2281 2024 pric-

711 2083 905 2140 stoque
924 2065 1168 2123 solantlze
1186 2064 1387 2118 civium
1408 2059 1723 2129 indigentia:
1740 2054 1895 2110 cibos
1919 2051 2277 2106 ministraret.

781 2167 836 2217 tl.
876 2160 1130 2229 Suscepit
1165 2154 1449 2210 Romanus
1506 2152 1824 2221 imperator,
1856 2147 1949 2200 ubi
1980 2145 2093 2215 jam
2133 2155 2285 2213 pater

713 2256 849 2309 vivis
903 2256 1244 2312 excesserat,
1307 2245 1485 2317 alium
1540 2243 1732 2305 llliutn,
1794 2238 1881 2292 cui
1938 2235 2284 2290 Constantini

717 2335 913 2401 nomen
942 2343 1196 2396 inditum.
1224 2337 1273 2391 ls
1293 2335 1440 2391 brevi
1465 2342 1639 2405 posta
1661 2331 1959 2402 Polyeucto
1978 2325 2285 2395 patriarcha

714 2443 768 2495 in
793 2439 852 2496 S.
880 2435 1101 2507 Sophia:
1122 2434 1355 2487 amboue
1386 2426 1669 2495 Augustali
1693 2437 1894 2477 corona
1919 2422 2155 2475 donatus
2179 2427 2284 2470 est.

717 2536 916 2591 lleleua
939 2535 1180 2600 Angusta
1214 2526 1267 2579 in
1287 2523 1488 2595 palatio
1519 2521 1660 2572 lecto
1679 2516 2039 2577 decutttbens,
2071 2512 2288 2580 ﬁlioque

716 2621 1036 2695 imperatori
1098 2614 1448 2687 congaudens
1499 2625 1561 2664 ac
1599 2610 1692 2662 diu
1724 2608 1914 2661 morbo
1952 2601 2289 2667 conﬂictata,

721 2720 928 2775 mensis
952 2713 1286 2784 Septembris
1313 2709 1401 2763 die
1431 2707 1643 2761 decimo
1666 2718 1811 2757 nono
1843 2700 1930 2770 pie
1958 2698 2101 2754 diem
2130 2697 2288 2751 obiit.

725 2812 898 2882 llujus
935 2809 1098 2861 initus
1152 2802 1430 2856 Romanus
1479 2799 1773 2866 imperator
1815 2791 1965 2861 regio
1998 2806 2146 2843 more
2177 2788 2291 2841 ela-

724 2881 863 2965 tum,
913 2901 1076 2967 inque
1116 2909 1252 2947 auro
1274 2891 1442 2943 oblita
1510 2884 1792 2953 sandapila
1840 2881 2178 2951 gemmisque
2228 2894 2294 2931 ac

2371 615 2529 665 τητος
2566 600 2657 651 καὶ⁵
2702 594 3068 667 ἀνδραγαθίας
3115 593 3340 663 ἀνδρίας
3374 608 3430 643 τε
3475 591 3570 643 καὶ
3610 589 3952 656 ἀγαθότητος

2372 690 2461 742 τοῦ
2492 689 2763 755 ἄνακτοςς
2823 688 2912 741 Ἐν
2967 688 3066 758 μιᾷ
3124 685 3305 757 ήμέρᾳ
3355 684 3449 736 καὶ
3504 684 3562 734 ὲν
3609 681 3688 751 τῷ
3739 679 3955 746 ἱππικῷ

2372 782 2656 845 καθεσθεὶς
2714 782 2807 834 καὶ⁵
2849 782 2914 850 τῇ
2970 778 3258 848 συγκλήτῳ
3301 774 3672 837 συνεστιαθεὶς
3708 773 3803 826 καὶ
3853 771 3957 839 τὴν

2371 874 2517 927 δόσιν
2568 873 2684 925 τῶν
2737 871 3019 943 ἀργυρίων
3072 868 3392 941 παρασχὼν,
3443 867 3539 920 καὶ
3586 868 3654 935 τῇ
3701 862 3850 932 δείλῃ
3896 864 3957 915 ἂν

2375 964 2812 1036 τζυκανιστηρίῳ
2864 964 3159 1034 σφαιρίσας
3211 962 3349 1030 μετὰ
3403 960 3512 1013 τῶν
3565 959 3808 1027 δοκίμων
3861 958 3960 1009 καὶ

2375 1057 2657 1127 ἐμπείρων
2691 1058 2784 1109 καὶ
2830 1055 3092 1117 πολλάκις
3127 1053 3351 1113 τούτους
3394 1051 3644 1121 νικήσας,
3676 1050 3757 1111 είς
3792 1065 3963 1118 μετα·

2377 1151 2638 1219 στάσιμον
2668 1152 2748 1213 εἰς
2776 1149 3085 1220 ’Δνωράτας
3106 1149 3148 1179 ¹¹
3182 1146 3408 1217 μετέϐη.
3433 1145 3656 1197 κάκεῖσε
3681 1141 3963 1211 θηρεύσας

2376 1237 2755 1309 παμμεγέθεις
2786 1240 3002 1309 χοίρους
3032 1236 3306 1306 τέσσαρας
3351 1236 3443 1286 καὶ
3479 1232 3796 1300 κυνηγήσας
3823 1230 3966 1298 πρὸς

2376 1332 2447 1385 τὰ
2496 1330 2742 1400 βασίλεια
2787 1333 2856 1400 τῇ
2903 1328 3112 1399 ἑσπέρᾳ
3159 1327 3554 1395 άντεπέρασεν.
3597 1319 3706 1375 ἾΙν
3745 1322 3857 1391 γάρ
3895 1324 3965 1390 τῇ

2375 1422 2566 1492 ἡλικίᾳ
2588 1422 2727 1483 νέος,
2749 1419 2995 1490 σφριγῶν
3015 1418 3096 1488 τῷ
3119 1416 3355 1486 σώματι,
3380 1416 3678 1485 σιτόχροος,
3702 1413 3968 1480 εὐόφθαλ-

2381 1531 2501 1584 μος.
2532 1513 2734 1582 ἐπίριν,
2769 1510 3263 1581 ροδινοπρόσωπος,
3296 1509 3589 1576 χαροποιδς
3620 1505 3715 1558 καὶ
3753 1503 3970 1571 γλυκὺς

2376 1606 2490 1665 τοῖς
2526 1606 2788 1673 ῥήμασιν,
2837 1601 3019 1671 ὃρθιος
3070 1602 3138 1669 τῇ
3192 1599 3379 1669 ήλικίᾳ
3422 1596 3555 1649 ὡσεὶ
3603 1598 3970 1663 κυπάρισσος.

2379 1696 2543 1766 εὐρὺς
2571 1698 2683 1758 τοῖς
2712 1694 2911 1764 ὤμοις,
2937 1692 3141 1763 ἥσυχος
3178 1692 3272 1743 καὶ
3326 1688 3624 1759 προσηνὴς,
3656 1687 3732 1749 ὼς
3757 1686 3976 1746 πάντας

2384 1784 2711 1855 θαμῦεῖσθαι
2742 1785 2836 1838 καὶ
2871 1781 3273 1854 ἐκπλήττεσθαι
3296 1780 3388 1833 τὸν
3415 1780 3605 1850 ἄνδρα.
3639 1778 3976 1847 Συνέχαιρεν

2385 1879 2452 1932 δι’
2481 1879 2644 1932 αὐτὸν
2675 1880 2708 1948 η
2751 1877 2997 1930 πολιτεία
3038 1876 3114 1938 ὡς
3155 1871 3488 1942 εὐτυχοῦντα
3529 1871 3624 1923 καὶ
3655 1869 3764 1922 τῶν
3800 1867 3976 1922 ἐθνῶν

2386 1969 2712 2041 κρατοῦντα.
2745 1967 2855 2022 Καὶ
2892 1966 2970 2037 τῷ
3009 1964 3289 2033 Βυζαντίῳ
3334 1962 3590 2015 πλούσιαι
3633 1961 3689 2013 αί
3728 1958 3979 2028 σιτήσεις

2387 2064 2480 2115 καὶ
2516 2064 2570 2114 αί
2602 2062 2803 2131 τροφαὶ
2830 2057 3257 2130 χορηγούμεναι.

2460 2150 2545 2223 [Ρ.
2574 2150 2703 2220 296]
2736 2148 2811 2213 ς’.
2856 2150 2913 2201 ’0
2946 2146 3003 2200 δὲ
3046 2145 3300 2214 βασιλεὺς
3344 2140 3622 2213 Ῥωμανὸς
3662 2140 3756 2193 καὶ
3784 2139 3981 2208 ἕτερον

2390 2244 2504 2296 υίδν
2538 2240 2676 2310 μετὰ
2720 2240 2952 2294 θάνατον
2981 2236 3078 2290 τοῦ
3130 2236 3336 2298 πατρὸς
3372 2234 3539 2288 αὐτοῦ
3577 2233 3980 2300 ἀπεγέννησεν.

2390 2336 2794 2387 Κωνσταντῖιιον
2842 2330 3031 2383 τοῦτον
3084 2327 3380 2398 ὀνομάσας.
3435 2326 3545 2379 Καὶ
3589 2322 3698 2396 [οὐ]
3752 2323 3870 2391 μετ’
3915 2323 3983 2375 οὐ

2390 2420 2527 2472 πολύ
2560 2419 2817 2485 στέφεται
2854 2414 3004 2485 παρὰ
3038 2414 3380 2468 Πολυεύκτου
3427 2412 3770 2483 πατριάρχου
3804 2416 3865 2464 ἐν
3902 2411 3986 2480 τῷ

2389 2516 2602 2583 άμὸωνι
2626 2514 2724 2582 τῆς
2764 2512 2951 2579 ’Ᾱγίας
2970 2511 3191 2579 Σοφίας.
3230 2509 3291 2561 Ἢ
3308 2509 3363 2560 δὲ
3384 2506 3666 2575 Αὐγιύστα
3704 2505 3893 2571 Ἑλένη
3924 2506 3987 2556 ἐν

2390 2607 2467 2677 τῷ
2503 2606 2753 2674 παλατίῳ
2796 2604 2935 2659 οὖσα
2975 2603 3238 2673 κλινήρης
3287 2602 3376 2654 καὶ
3420 2597 3865 2667 συναταλλομένη
3902 2597 3986 2665 τῷ

2391 2701 2607 2763 ἄνακτι,
2644 2700 2739 2751 καὶ
2773 2697 2867 2749 ἐπὶ
2897 2696 3116 2757 ἱκανοὺς
3149 2695 3372 2764 χρόνους
3410 2690 3794 2764 ἀρρωστοῦσα,
3823 2691 3991 2742 εὐσε-

2394 2795 2503 2860 ϐῶς
2528 2795 2790 2862 τέθνηκεν
2808 2792 2949 2846 κατὰ
2967 2793 3068 2860 τὴν
3096 2786 3586 2855 ἐννεακαιδεκάτην
3613 2784 3707 2837 τοῦ
3729 2784 3988 2851 Σεπτεμο

2394 2885 2547 2955 ὁρίου
2581 2882 2750 2953 μηνός
2773 2898 2788 2913 ⁶
2824 2885 2919 2935 καὶ
2947 2880 3149 2949 ταύτην
3178 2877 3472 2948 βασιλικῶς
3500 2877 3757 2945 τιμήσας.
3797 2874 3894 2927 καὶ
3924 2876 3989 2927 ἐν

726 2992 925 3063 lapillis
967 2964 1315 3041 interstincta
1343 2980 1823 3048 positutn,'senatu
1879 2971 2208 3027 deducente.
2237 2968 2292 3021 in
2396 2979 2463 3047 τῇ
2517 2974 2937 3047 χρυσοκολλήτῳ
2994 2972 3089 3025 καὶ
3148 2970 3236 3023 διὰ
3287 2968 3645 3040 μαργαριτῶν
3683 2966 3780 3019 καὶ
3817 2964 3992 3018 λίθων

726 3059 1063 3140 monasterio
1127 3092 1154 3128 a
1208 3086 1357 3144 patre
1414 3072 1587 3138 ipsius
1660 3066 1907 3121 Romano
1964 3064 2291 3132 imperatore

2398 3071 2554 3139 κλίνῃ
2589 3068 2830 3129 τεθεῖσα,
2869 3066 2968 3135 τῆς
2995 3063 3303 3133 συγκλήτου
3330 3060 3785 3132 προπεμπούσης,
3814 3060 3874 3111 ἐν
3906 3059 3992 3126 τῷ

724 3178 1027 3232 exstructo,
1045 3164 1191 3235 quod
1224 3173 1305 3216 est
1345 3163 1399 3213 in
1453 3158 1725 3229 Myrelmo,
1798 3157 1851 3210 in
1885 3154 2122 3208 loculum
2175 3151 2291 3219 ejus

2402 3157 2750 3230 μοναστηρίῳ
2779 3155 2854 3227 τῷ
2903 3156 3053 3226 παρὰ
3088 3154 3181 3207 τοῦ
3225 3154 3433 3222 πατρὸς
3479 3152 3648 3220 αὐτῆς
3698 3150 3991 3217 Ῥωμανοῦ

724 3265 904 3335 ipsius
938 3272 1092 3314 urna:
1115 3256 1271 3327 juxta
1313 3254 1550 3325 positum
1586 3250 1784 3304 intulit.

796 3526 851 3580 7.
903 3521 1083 3578 Porro
1136 3517 1503 3586 Nicephorum
1565 3510 1802 3565 Phocam
1859 3507 2182 3578 magistrum
2233 3520 2299 3559 ac

731 3614 1043 3671 scholarum
1093 3606 1457 3664 domesticum
1514 3604 1836 3671 imperator,
1903 3598 2049 3651 mitis
2102 3597 2191 3650 ille
2245 3605 2299 3652 et

730 3706 918 3762 suavis
950 3711 1005 3756 et
1038 3708 1379 3761 mansuetus,
1427 3709 1492 3749 ac
1515 3694 1561 3748 si
1618 3691 1749 3761 quid
1798 3688 1944 3743 aliud
1983 3689 2298 3759 praeclarum

733 3809 815 3856 est
848 3810 959 3867 quo
988 3798 1035 3849 is
1058 3789 1331 3847 nominari
1360 3787 1554 3856 possit,
1592 3783 1796 3853 ingenti
1823 3782 2022 3837 fretum
2052 3779 2299 3835 exercitu

733 3908 798 3946 ac
818 3888 1162 3946 carabiorum
1247 3881 1468 3949 copiosa
1553 3877 1729 3931 classe
1803 3867 2033 3944 ignequ‘e
2112 3870 2302 3926 Graeco

736 3989 1065 4041 instructum
1117 3979 1172 4032 in
1202 3976 1415 4031 Cretam
1438 3971 1714 4040 proﬁcisci
1767 3970 1977 4022 statuit.
2012 3965 2304 4021 Cretenses

732 4090 971 4146 namque
1002 4072 1199 4126 damna
1250 4068 1420 4121 multa
1455 4081 1519 4119 ac
1564 4065 1705 4117 tnala
1752 4061 1997 4132 quotidie
2044 4059 2305 4115 Romanis

737 4168 1065 4228 inferebant,
1097 4162 1453 4231 captivosque
1485 4170 1548 4209 ac
1581 4155 1792 4226 prasdas
1838 4153 2149 4221 abigehant,
2197 4167 2306 4221 quo

735 4278 802 4317 cx
835 4269 1079 4327 tempore
1124 4260 1334 4305 vastam
1376 4263 1497 4303 eam
1529 4248 1767 4301 insulam
1800 4259 1911 4299 sua:
1944 4243 2109 4316 474
2146 4243 2309 4299 ditio-

741 4356 827 4409 nis
859 4352 1122 4406 fecerant.
1170 4343 1435 4398 Michaele
1488 4340 1635 4394 enim
1679 4339 1988 4392 Atuoriensi
2021 4336 2308 4406 TheOphili

741 4454 894 4511 putre
922 4453 1103 4493 rerum
1129 4435 1389 4503 potiente,
1426 4445 1547 4484 cum
1589 4428 1868 4482 ltomanus
1932 4428 2088 4480 miles
2113 4429 2167 4479 in
2191 4426 2307 4480 Mo-

741 4532 1006 4587 rothomze
1035 4522 1313 4578 Michaelis
1343 4521 1618 4590 quondam
1676 4519 1877 4573 sodalis
1912 4521 2309 4587 compescenda

741 4621 1009 4675 seditione
1032 4632 1095 4668 ac
1120 4611 1411 4684 tyrannide
1439 4616 1740 4674 occupatus
1768 4616 1914 4661 esset
1937 4608 2137 4674 (annos
2164 4607 2307 4659 enim

743 4724 855 4767 tres
884 4711 1075 4775 hisque
1110 4705 1347 4772 amplius
1397 4701 1613 4770 tyranni
1666 4707 1936 4768 potestate
1980 4698 2209 4751 Thracia
2246 4713 2311 4752 ac

744 4802 1059 4859 Macedonia
1114 4796 1316 4865 potitus
1347 4796 1473 4862 est),
1535 4791 1880 4845 occasionem
1914 4790 2059 4842 nacti
2105 4790 2197 4858 qui
2244 4790 2311 4843 ab

746 4894 1001 4966 llispaniu
1022 4890 1383 4944 ascenderant
1403 4887 1681 4947 Saraceni.
1700 4900 1824 4939 cum
1846 4886 2044 4955 ingenti
2064 4884 2312 4938 carabio—

745 5004 863 5040 tum
895 4985 1039 5040 bello
1095 4985 1361 5036 instructa
1405 4982 1606 5040 classe.
1654 4979 1758 5034 sibi
1829 4980 2197 5047 subjccerant,
2249 4992 2313 5031 ac

744 5082 919 5133 donec
971 5093 1001 5130 a
1054 5075 1317 5144 magistro
1346 5088 1398 5130 et
1460 5072 1768 5128 domestico
1793 5070 2099 5141 Nicephoro
2134 5070 2315 5125 Phoca

746 5183 964 5243 rect-pta
996 5181 1101 5234 cst,
1147 5185 1238 5239 per
1264 5184 1438 5222 annos
1471 5168 1571 5223 153
1617 5175 1925 5222 tenuerant.

817 5355 869 5409 8.
910 5353 1118 5407 Idcirco
1160 5351 1442 5405 Romanus
1492 5350 1788 5418 imperator
1818 5346 2003 5400 divino
2038 5345 2152 5399 zelo
2184 5360 2312 5399 suc-

748 5459 970 5505 census.
1036 5442 1287 5510 calisque
1345 5454 1408 5492 ac
1479 5440 1632 5493 sanis
1682 5434 1905 5505 Josephi
1983 5435 2316 5489 accttbitoris

752 5537 1008 5592 inductus
1035 5534 1303 5596 consiliis,
1327 5548 1391 5585 ex
1414 5530 1562 5584 omni
1585 5529 1829 5583 Reitiana
1849 5527 2058 5580 ditione
2085 5542 2315 5596 congre-

749 5631 889 5701 gatis
918 5627 1147 5682 navibus
1166 5624 1372 5680 bellicis
1402 5625 1635 5694 igueque
1655 5618 1864 5686 Caeco,
1893 5634 1953 5674 ac
1974 5635 2039 5674 ex
2065 5616 2320 5687 Thracia,

2402 3252 2665 3325 βασιλέως
2713 3249 3069 3313 συσταθέντι,
3117 3246 3196 3317 τῷ
3248 3246 3360 3298 όντι
3409 3246 3490 3306 είς
3521 3244 3582 3296 τὸ
3632 3243 3990 3312 Μυρέλαιον.

2400 3342 2664 3397 θάπτεται
2694 3342 2750 3393 ὲν
2787 3339 3017 3410 λάρνακι
3051 3337 3277 3408 πλησίον
3310 3338 3402 3389 καὶ
3450 3335 3717 3402 σύνεγγυς
3750 3333 3847 3386 τοῦ
3877 3351 3991 3385 πα·

2400 3434 2527 3504 τρδς
2557 3430 2745 3485 αὐτοῦ.

2474 3520 2536 3587 ζ’.
2570 3521 2673 3573 Τὸν
2704 3519 2761 3572 δὲ
2802 3519 3102 3588 μάγιστρον
3143 3518 3237 3569 καὶ⁸
3279 3516 3599 3584 δομέστικον
3634 3515 3740 3568 τῶν
3776 3513 3995 3583 σχολῶν

2402 3610 2716 3679 Νικηφόρον
2748 3609 2839 3660 τὸν
2876 3606 2971 3659 τοῦ
2998 3608 3164 3659 Φωκᾶ
3192 3609 3219 3659 ό
3250 3605 3386 3668 ἄναξ
3415 3608 3442 3657 ὁ
3483 3604 3740 3674 χρηστὸς,
3770 3604 3800 3654 ὁ
3832 3602 3993 3673 ήδῦς,

2402 3705 2431 3756 ὁ
2466 3700 2763 3773 προσηνὴς,
2792 3699 2885 3752 καὶ
2919 3700 3064 3761 ὅσοις
3090 3697 3320 3767 ὀνόμασι
3348 3696 3455 3766 χρή
3486 3696 3768 3749 καλεῖσθαι
3799 3694 3997 3756 καλοῖς

2405 3797 2496 3850 καὶ
2526 3792 2615 3846 τὸν
2645 3793 2816 3861 ἄνδρα
2843 3791 3153 3860 ὀνομάζειν,
3203 3790 3341 3859 μετὰ
3380 3790 3733 3859 ἐκστρατείας
3762 3792 3859 3843 καὶ
3894 3790 3998 3843 δυ-

2405 3888 2619 3959 νάμεως
2646 3886 2844 3955 πολλῆς
2878 3884 2973 3938 καὶ
3004 3883 3330 3951 ἐξοπλίσεως
3360 3883 3645 3952 καραὸίων
3672 3882 4001 3952 πολεμικῶν

2406 3980 2501 4033 καὶ
2529 3978 2697 4046 ὑγροῦ
2736 3975 2905 4045 πυρὸς
2937 3975 3018 4037 είς
3048 3975 3272 4044 Κρήτην
3300 3974 3595 4042 διωρίσατο
3620 3972 3876 4025 ἀπελθεῖν
3898 3989 3913 4003 ·
3946 3973 4002 4025 οι

2408 4072 2517 4143 γὰρ
2548 4070 2815 4139 Κρητικοὶ
2844 4068 3014 4121 πολλὰ
3031 4068 3179 4119 δεινὰ
3203 4067 3295 4119 καὶ
3322 4065 3468 4118 κακὰ
3490 4066 3586 4118 καὶ
3612 4065 4004 4135 αἰχμαλωσίας

2410 4163 2531 4216 καθ’
2571 4161 2809 4229 ἑκάστην
2846 4160 2926 4221 είς
2959 4158 3058 4228 τὴν
3106 4156 3395 4224 Ῥωμαίων
3436 4154 3538 4222 γῆν
3566 4153 3867 4216 ιπθιοῦντλ
3898 4153 4004 4221 ἀφ.

2410 4253 2535 4306 ὅτου
2563 4249 2768 4320 ταύτην
2783 4247 2881 4318 τὴν
2918 4246 3160 4317 μεγάλην
3184 4245 3344 4313 νῆσον
3368 4243 3698 4313 ὲπόρθησαν.
3730 4241 3855 4295 Ἐπὶ
3882 4243 3958 4308 τὰ
3968 4259 4004 4310 ρ

2411 4343 2631 4414 Μιχαὴλ
2657 4341 2748 4394 τοῦ
2788 4339 3113 4410 Ἀμορραίου
3143 4336 3231 4389 τοῦ
3261 4337 3465 4407 πατρῦς
3494 4334 3754 4403 Θεοφίλου
3785 4333 4003 4400 ταύτην

2413 4437 2747 4506 ἐκράτησαν,
2775 4432 2872 4485 καὶ
2911 4432 3021 4484 τῶν
3069 4428 3494 4499 στρατευμάτων
3545 4426 3758 4496 ειςλτὴν
3801 4427 4007 4479 στάσιν

2348 4505 2389 4560 D
2416 4505 2510 4579 ml.
2546 4524 2835 4593 τυραννίδα
2888 4522 2983 4575 τοῦ
3026 4522 3361 4590 Μωροθωμᾶ
3398 4520 3492 4573 τοῦ
3542 4521 3844 4589 συντρόφου
3902 4517 4011 4570 τοῦ

2418 4617 2637 4687 Μιχαὴλ
2664 4614 2783 4695 (καὶ
2804 4613 2914 4682 γὰρ
2937 4613 3030 4666 ἐπὶ
3057 4614 3205 4682 τρισὶ
3229 4613 3443 4681 χρόνοις
3473 4609 3659 4680 σχεδὸν
3682 4609 3781 4661 καὶ
3813 4610 4013 4663 πλεῖον

2419 4710 2516 4780 τὴν
2554 4706 2836 4779 Θρᾳκικὴν
2869 4704 2964 4757 καὶ
2992 4703 3372 4772 Μακεδονικὴν
3408 4701 3710 4770 ἐκράτησεν
3737 4700 3765 4751 ό
3797 4698 4016 4768 τύραν-

2420 4804 2531 4865 νος)
2568 4797 2855 4867 εὐκαιρίαν
2880 4795 3133 4867 εὑρόντες
3170 4796 3218 4848 οί
3248 4795 3355 4847 ἀπὸ
3397 4792 3639 4854 Σπανίας
3680 4789 4016 4854 ἀνελθόντες

2418 4889 2727 4962 Σαρακηνοὶ
2760 4888 2897 4957 μετὰ
2926 4885 3121 4941 πολλοῦ
3158 4886 3344 4938 στόλου
3381 4883 3692 4953 πολεμικῶν
3718 4880 4019 4953 καραὸίων

2417 4982 2681 5049 κατέσχον
2716 4978 2942 5046 ταύτην,
2986 4977 3061 5039 ὼς
3096 4971 3232 5028 εἶναι
3282 4977 3379 5043 τὴν
3406 4973 3611 5027 τούτων
3643 4973 4019 5042 ὃιακράτησιν

2420 5074 2516 5127 καὶ
2552 5071 2883 5141 κατάσχεσιν
2932 5069 3036 5131 ἓως
3088 5068 3186 5135 τῆς
3238 5067 3453 5136 ἡμέρας
3498 5059 3567 5135 ἧς
3615 5062 4021 5133 ὲπορθήθησαν

2425 5164 2577 5235 παρὰ
2600 5162 2697 5217 τοῦ
2732 5162 3035 5232 μαγίστρου
3070 5160 3165 5213 καὶ
3197 5157 3519 5228 δομεστίκου
3554 5154 3875 5224 Νικηφόρου
3914 5154 4021 5206 τοῦ

2422 5256 2588 5307 Φωκᾶ
2612 5253 2709 5322 ἔτη
2732 5252 2944 5305 σεκατδν
2980 5252 3317 5320 πεντήκοντα
3349 5247 3514 5302 ὀκτώ.

2494 5343 2565 5415 η’.
2597 5344 2763 5397 Ὅθεν
2789 5346 2818 5396 ό
2854 5342 3213 5412 αὐτοκράτωρ
3252 5338 3531 5409 Ῥωμανδς
3570 5336 3719 5406 ζήλῳ
3750 5334 3889 5406 θείῳ
3922 5353 4023 5388 κι-

2425 5438 2630 5507 νηθεὶς,
2656 5438 2723 5506 τῇ
2758 5435 3037 5506 συμϐουλῇ
3075 5433 3170 5487 καὶ
3206 5430 3466 5501 εὐόουλίᾳ
3502 5429 3596 5482 τοῦ
3639 5446 4025 5498 παρακοιμωο

2431 5524 2595 5601 μένου
2633 5529 2854 5597 Ἰωσὴφ,
2887 5530 2951 5581 ὲκ
2988 5525 3191 5588 παντὸς
3227 5524 3393 5578 τόπου
3423 5522 3556 5586 ναῦς
3590 5520 3685 5575 καὶ
3720 5519 3889 5574 πλοῖα
3920 5538 4031 5574 πο·

2429 5620 2633 5693 λεμικὰ
2663 5621 3020 5694 συναθροίσας
3045 5617 3183 5691 μετὰ
3216 5615 3383 5688 ὐγροῦ
3412 5613 3581 5686 πυρὸς
3604 5614 3699 5667 καὶ
3718 5614 4031 5667 ἐπιλέκτου

2039 5711 2271 5768 VARIE
2315 5714 2722 5772 LECTIUNEb.

824 5816 867 5850 ³³
896 5814 1020 5868 ιὐτι.
1061 5808 1401 5881 Ὀιωρὼτας.
1438 5807 1682 5863 ϋυιιιιιιξί.
