4154 6450
148 381 250 444 505

147 592 238 641 nl.
286 588 520 659 ἀρεσταὶ
569 590 669 658 τῆς
710 587 922 657 φαύλης
970 590 1064 641 καὶ
1123 590 1350 661 βεϐήλου
1382 593 1478 645 καὶ
1503 594 1724 665 ἔχθραι-

144 684 345 749 νούσης
373 679 495 749 Θεῷ
534 680 776 741 συνόδου,
811 680 909 748 τῆς
932 682 1233 750 γενομένης
1267 684 1406 735 κατὰ
1430 684 1565 736 Θεοῦ
1591 702 1725 751 συγο

144 770 445 839 χωρησμὺν
487 770 547 822 ὲν
584 771 1161 824 Κωνσταντινουπόλει
1196 774 1275 833 εἰς
1304 772 1396 825 τὸν
1434 776 1596 827 τόπον
1633 777 1728 829 τὸν

145 862 441 928 λεγόμενον
494 862 710 930 Ὀνέρια
740 903 754 925 ,
807 863 949 930 ποίῳ
996 865 1183 933 τρόπῳ
1236 867 1327 918 καὶ
1382 868 1571 937 σκοπῷ
1628 869 1765 931 τὰς

144 956 251 1007 τῶν
284 956 549 1025 Πατέρων
573 957 1051 1025 παρακρουόμενοι
1074 958 1279 1024 φωνὰς.
1300 960 1438 1011 κατᾶ
1468 960 1564 1023 τὰς
1592 962 1727 1026 ἰδίας

144 1046 449 1115 ἐπιθυμίας
508 1047 735 1106 ἑαυτοὺς
784 1047 1190 1112 ἐξαπατῶντες,
1260 1049 1602 1119 ὲξελκόμενοι
1636 1055 1730 1105 καὶ

144 1139 527 1207 δελεαζόμενοι
564 1140 896 1209 στρεϐλεῖτε.
922 1140 1126 1193 Εἴπατε
1160 1144 1315 1210 ἡμῖν,
1349 1143 1398 1194 οἱ
1448 1144 1540 1195 νῦν
1573 1161 1728 1197 κενο-

145 1232 446 1299 τομοῦντες
468 1232 594 1291 νέας
627 1232 867 1295 πίστεως
907 1231 1143 1296 ἔκθεσιν,
1182 1236 1335 1285 ποῖον
1373 1233 1457 1305 [Ρ.
1484 1235 1611 1308 505]
1638 1238 1731 1289 ἐπὶ

145 1327 242 1393 τῆς
267 1325 376 1393 γῆς
424 1325 807 1394 προσκυνητὸν
849 1325 944 1378 καὶ
981 1325 1281 1393 σεϐάσμιον
1323 1329 1416 1379 καὶ
1438 1328 1731 1397 λατρευτδν

146 1421 295 1471 ἐστιν
324 1418 789 1489 ἀχειροποίητονς
823 1420 851 1471 6
897 1418 1159 1489 σταυρόςς
1209 1418 1271 1471 τὸ
1301 1420 1729 1489 θυσιαστήριον;

145 1513 173 1578 i;
222 1511 543 1580 προσφορὰ,
592 1511 656 1563 τὸ
706 1509 1070 1579 Εὑαγγέλιον;
1120 1512 1309 1565 Πάντα
1354 1514 1728 1583 χειροποίητα,

146 1601 259 1654 ἀλλ’
309 1604 451 1672 ἡμῖν
500 1600 742 1654 σεϐαστά
795 1602 890 1655 καὶ
922 1603 1199 1673 σωτηρίας
1238 1603 1509 1671 σύμϐολα,
1541 1604 1733 1673 ὥσπερ

147 1694 239 1745 καὶ
279 1694 335 1745 αἱ
386 1693 498 1746 τῶν
534 1694 707 1761 ἁγίων
751 1693 979 1756 εἰκόνες·
1019 1695 1113 1745 καὶ
1168 1696 1268 1763 τῆς
1317 1695 1588 1764 ὲνσάρκου
1638 1695 1733 1749 τοῦ

148 1785 393 1855 Χριστοῦ
456 1786 771 1854 οἰκονομίας
801 1786 900 1855 τῆς
958 1784 1221 1855 ἀληθινῆς
1260 1785 1357 1838 καὶ
1386 1787 1735 1856 ἀνθρωπίνης

1142 381 1540 443 INVECTIVA
1569 381 1864 443 CONTRA
1903 385 2371 445 HEERETICOS.
3297 388 3402 449 500

213 506 261 563 γ’
315 496 643 564 Λεγέτωσαν
674 496 806 565 ἡμῖν
839 474 1199 564 οῖ’θολόσοφοι
1227 501 1322 551 καὶ
1353 500 1715 571 μεμψίμοιροι
1747 504 1789 557 Α

1887 500 1939 552 5.
1979 501 2230 571 Cogitent
2267 501 2468 555 turbidi
2510 504 2783 569 sapientes
2828 511 2882 555 et
2914 502 3116 556 morosi
3170 517 3234 554 ac
3268 521 3403 570 que-

1830 593 1998 647 rnlosi
2034 595 2302 655 homines,
2336 608 2624 662 pt-aquue
2650 605 2703 646 et
2734 593 2980 662 profanae
3025 608 3089 647 ac
3150 592 3261 648 Deo
3314 596 3404 648 ad.

1827 686 2101 738 versantis
2152 684 2345 755 synodi
2378 684 2855 753 comprobatures,
2884 700 3005 755 qua:
3034 684 3221 738 divina
3275 701 3401 755 per-

1770 792 1799 845 ﬁ
1830 777 2097 831 missione
2146 777 2656 845 Constantinopoli,
2721 776 2775 829 in
2823 777 2947 829 loco
3004 792 3165 845 quem
3204 776 3403 831 Oneria

1828 878 2051 929 vocant,
2080 868 2264 921 habita
2286 877 2391 930 est,
2431 882 2669 936 quonam
2719 865 2882 919 modo
2914 880 2976 920 ac
3007 868 3133 932 line,
3165 869 3405 937 repulsis

1830 960 2053 1015 Patrum
2098 962 2352 1026 vocibus,
2406 960 2563 1030 juxta
2619 962 2873 1031 proprias
2926 961 3405 1027 concupiscentias

1832 1055 1937 1123 ipsi
1966 1070 2063 1109 vos
2100 1056 2452 1117 scducentes,
2496 1068 2621 1106 esca
2658 1054 2928 1122 hamoque
2959 1053 3122 1106 tracti
3152 1053 3408 1120 captique

1833 1145 2183 1199 collidimini.
2234 1143 2409 1197 Dicite
2461 1158 2672 1211 qumso,
2739 1142 2831 1211 qui
2878 1157 3023 1197 nunc
3072 1156 3227 1195 nova!
3284 1140 3406 1194 εἰ(Ιυί

1834 1234 2124 1287 formulam
2171 1248 2309 1287 vane
2347 1234 2572 1294 cuditis,
2602 1234 2865 1303 quidnam
2900 1233 2956 1286 in
2996 1242 3142 1287 terra
3191 1247 3408 1290 eorum.

1834 1341 1956 1397 quae
1991 1326 2333 1379 venerationi
2374 1325 2649 1379 habentur
2683 1334 2737 1378 et
2783 1323 3087 1377 adurantur
3117 1334 3282 1393 atque
3311 1338 3411 1376 co-

1836 1418 2048 1479 luntur,
2071 1415 2217 1486 quod
2262 1431 2370 1470 non
2403 1416 2474 1471 sit
2506 1416 2922 1470 manufactum?
2959 1416 3098 1470 Num
3131 1418 3306 1469 crux?
3332 1417 3408 1467 al-

1835 1510 2000 1565 tare?
2060 1510 2311 1563 oblatio?
2367 1509 2770 1579 Evangrlinm?
2807 1509 3016 1563 Cuncta
3072 1507 3410 1571 manufarta,

1838 1602 1932 1656 sed
1969 1601 2128 1656 nobis
2164 1601 2478 1656 veneranda
2509 1616 2571 1656 ac
2616 1600 2876 1656 saintaris
2912 1600 3086 1669 signa,
3144 1600 3413 1669 quemad-

1840 1693 2061 1747 modum
2086 1695 2251 1747 etiam
2299 1705 2616 1747 sanctorum
2670 1692 2956 1762 imagines,
3002 1691 3318 1761 Christique
3357 1693 3413 1745 in

1838 1799 2008 1837 carne
2046 1784 2478 1852 dispensationis
2529 1798 2671 1837 vera:
2721 1793 2889 1851 atque
2925 1782 3177 1835 humanae
3230 1781 3416 1835 carnis

148 1875 313 1927 αὑτοῦ
368 1875 595 1946 σαρκὸς,
631 1875 699 1946 ἢν
729 1874 818 1927 διά
868 1876 968 1944 τὴν
1023 1875 1180 1945 ἡμῶν
1231 1877 1508 1945 σωτηρίαν
1564 1894 1732 1947 προσ·

1845 1893 1972 1941 suas,
2008 1892 2172 1948 quam
2225 1886 2428 1931 nostra:
2484 1876 2679 1929 salutis
2743 1890 2913 1930 causa
2975 1872 3291 1943 assumpsit,
3346 1887 3415 1927 ex

148 1971 378 2025 ελάϐετο
429 1974 494 2024 εκ
536 1971 635 2040 τῆς
691 1970 971 2037 πανάγνου
1008 1971 1103 2023 καὶ
1153 1969 1417 2022 Θεοτὸκου
1473 1970 1731 2039 Μαρίαςο

149 2066 330 2119 πάντα
356 2064 515 2134 ἡμῶν
551 2062 734 2115 λαϐὼν
768 2063 936 2132 χωρὶς
970 2062 1139 2130 μόνης
1168 2063 1268 2130 τῆς
1314 2062 1607 2132 ἁμαρτίας.
1646 2064 1737 2115 Διδ

150 2157 245 2209 καὶ
277 2158 381 2225 τὴν
421 2156 607 2209 εἰκόνα
649 2153 812 2207 αὐτοῦ
842 2154 1060 2224 καὶτῆς
1101 2154 1375 2223 ἀχράντου
1416 2153 1580 2208 αὑτοῦ
1612 2156 1735 2225 Μη-

148 2250 277 2319 τρὸς
306 2245 734 2318 προσκυνοῦμεν
759 2246 853 2299 καὶ
883 2244 1137 2315 σέϐομεν.
1184 2245 1294 2299 Καὶ⁵
1325 2246 1483 2314 ὑμεῖς
1513 2245 1736 2316 δόκησιν

149 2344 207 2393 τδ
232 2345 538 2411 μυστήριον
558 2338 940 2411 ἀπεργάζεσθε
956 2354 969 2367 ·
994 2340 1155 2408 ἡμεῖς
1170 2338 1247 2403 δὲ,
1266 2339 1315 2391 οῖ
1335 2339 1435 2407 τῆς
1450 2339 1734 2408 ἀληθείας,

148 2435 249 2500 τῆς
281 2434 393 2485 τῶν
416 2433 589 2500 ἁγίων
617 2432 930 2485 ἀποστόλων
958 2432 1053 2484 καὶ
1086 2431 1196 2484 τῶν
1220 2430 1392 2498 ἀγίων
1418 2431 1599 2484 αὐτῶν
1631 2449 1733 2502 μα-

150 2528 335 2595 θητῶν
370 2527 464 2579 καὶ
490 2525 772 2594 διαδόχων,
796 2524 1083 2594 ἡμετέρων
1110 2523 1167 2577 δὲ
1192 2523 1455 2594 Πατέρων
1477 2525 1573 2578 καὶ
1593 2524 1738 2577 διδαο

152 2621 395 2680 σκάλων,
438 2619 539 2689 τὴν
586 2618 718 2687 παρ’
742 2617 919 2670 αὐτῶν
958 2618 1089 2686 ἡμῖν
1123 2615 1523 2686 παραδοθεῖσαν
1552 2618 1739 2671 πίστιν

154 2712 284 2781 περὶ
312 2713 415 2778 τῆς
436 2711 602 2775 ἀγίας
624 2711 717 2762 καὶ
742 2710 1030 2778 ὁμοουσίου
1057 2709 1147 2762 καὶ
1168 2709 1552 2779 πῳσκυνητῆς
1569 2710 1739 2778 Τριά-

152 2807 262 2866 ὁος.
288 2802 805 2872 ἀνακεκαλυμμένῳ
825 2803 1106 2870 προσώπῳ
1126 2802 1357 2872 λαμπρᾷ
1381 2804 1447 2871 τῇ
1474 2805 1624 2872 φωνῇ
1651 2802 1740 2855 λέο

155 2918 331 2967 γομεν
352 2902 420 2952 τὰ
438 2899 532 2952 τοῦ
550 2900 834 2970 προφήτου
857 2899 1082 2951 Ἡσαΐου
1098 2914 1112 2927 ·
1142 2897 1439 2963 Ἀνάϐηθι,
1455 2902 1488 2952 ό
1506 2902 1742 2967 εὐαγγε-

152 2990 598 3057 λιζόμενος-,ἐπ’
630 2988 769 3055 ὄρος
797 2988 1066 3055 ὑψηλὸν,
1098 2989 1192 3040 καὶ
1216 2990 1377 3056 ἡμεῖς
1400 2988 1741 3057 ἀνερχόμεθα

156 3084 237 3145 εἰς
281 3082 382 3152 τὴν
428 3081 866 3152 τρισυπὸστατον
899 3080 1396 3149 ὁμοουσιοκόρυφον
1439 3080 1617 3143 δόξαν,
1654 3081 1739 3132 εὐ-

155 3175 578 3245 αγγελιζόμενοι
611 3174 682 3226 τὰ
710 3172 893 3243 ἀγαθὰ
920 3173 1018 3243 τῆς
1046 3171 1333 3244 ὀρθοδόξου
1368 3172 1629 3236 πίστεως,
1656 3172 1741 3226 λέ·
1767 3207 1808 3259 C

154 3284 351 3334 γοντες
376 3282 391 3296 ·

223 3445 291 3497 δ’.
346 3442 690 3511 Πιστεύομεν
743 3442 825 3505 εἰς
862 3442 1083 3511 Πατέρα
1126 3443 1220 3495 καὶ
1259 3443 1388 3495 Υἱὸν
1447 3444 1540 3495 καὶ
1591 3442 1745 3509 ἅγιον

157 3535 416 3603 Πνεῦμα.
448 3535 571 3603 ἥτις
606 3536 754 3587 ἐστὶν
792 3536 824 3603 ἡ
862 3534 991 3599 ἀγία
1022 3536 1214 3605 Τριάς,
1247 3535 1521 3597 ἀκτιστος,
1553 3537 1743 3600 ἀΐδιος,

156 3628 493 3697 ἀσὺγχυτος,
550 3627 881 3697 ἀδιαίρετος,
932 3627 1239 3695 ὁμοούσιος,
1286 3630 1342 3679 ἐν
1380 3630 1479 3698 μιᾷ
1533 3629 1745 3698 θεότητι

156 3722 257 3773 καὶ
302 3718 555 3788 βασιλεία
604 3720 700 3770 καὶ
754 3719 1060 3786 κυριότητι,
1122 3720 1180 3769 ὲν
1235 3720 1381 3787 τρισὶ
1432 3718 1746 3788 προσώποις

156 3815 281 3881 ἢτοι
315 3809 653 3863 ὑποστάσεσι
680 3810 774 3861 καὶ
812 3810 1042 3877 ῖδιὸτησι
1075 3811 1529 3879 προσκυνουμένη
1565 3828 1623 3863 τε
1655 3813 1747 3864 καὶ

156 3906 617 3973 δοξολογουμένη.
668 3903 926 3974 Ἰδιότητα
978 3904 1084 3973 γὰρ
1137 3904 1265 3956 ὅταν
1304 3904 1464 3967 εῐπω,
1497 3905 1587 3957 τὸν
1632 3907 1746 3958 Πα-

157 4001 300 4068 τέρα
358 3998 580 4066 Πατέρα
635 3996 852 4064 νόησον,
909 3998 1005 4049 καὶ
1047 3996 1140 4047 τὸν
1180 3995 1308 4048 Υἱδν
1362 3998 1508 4059 Υίὸν,
1554 4000 1649 4050 καὶ
1690 3998 1750 4050 τὸ

162 4090 397 4158 Ιινεῦμα
427 4090 487 4141 τὸ
527 4090 683 4153 ἆγιον
717 4088 941 4156 Πνεῦμα
970 4088 1147 4156 ἅγιον.
1189 4084 1357 4143 Αῦται
1386 4090 1494 4160 γὰρ
1523 4092 1577 4143 αἱ
1626 4090 1751 4144 ἰδιό-

158 4201 328 4251 τητες
354 4183 457 4235 οὐκ
490 4180 958 4251 ἀντιστρέφονται.
991 4183 1065 4234 Οὐ
1101 4180 1325 4236 δύναται
1353 4184 1462 4254 γὰρ
1496 4185 1524 4236 6
1558 4184 1750 4254 Πατὴρ

163 4277 294 4337 Υἱδς
322 4270 485 4338 εἶναι,
522 4274 555 4337 ἢ
578 4275 606 4325 6
642 4272 769 4334 Υἱὸς
812 4271 1025 4342 Πατὴρ,
1059 4272 1091 4343 ἦ
1134 4274 1194 4325 τὸ
1225 4274 1451 4342 Πνεῦμα
1501 4275 1562 4327 τὸ
1596 4276 1750 4343 ἅγιον

161 4363 303 4419 εἶναι
334 4367 527 4437 Πατὴρ
552 4366 584 4437 ἢ
618 4365 768 4428 Υἱός.
788 4365 933 4417 Ἀλλ’
958 4365 1032 4428 ὼς
1060 4364 1237 4429 εἷπον,
1270 4368 1460 4437 Πατὴρ
1483 4370 1510 4420 ὁ
1540 4368 1750 4440 Πατὴρ,

161 4462 256 4511 καὶ
302 4460 428 4519 Υἱὸς
455 4461 484 4509 ὁ
528 4457 677 4519 Υἱὸς,
713 4456 809 4509 καὶ
860 4456 1085 4525 Πνεῦμα
1126 4457 1280 4529 ἅγιον
1319 4460 1378 4509 τὸ
1432 4459 1658 4527 Πνεῦμα
1693 4462 1754 4513 τὸ

1836 1970 2152 2026 castissima
2195 1968 2401 2040 Deique
2455 1967 2740 2033 Genitrice
2795 1966 2967 2021 Maria
3004 1983 3019 2021 :
3057 1982 3192 2035 qute.
3221 1972 3412 2020 nostra

1837 2069 1967 2117 sunt
1998 2062 2185 2116 omnia
2229 2075 2542 2121 assumens,
2588 2069 2815 2128 peccato
2849 2058 3121 2112 duntaxat
3158 2064 3411 2126 excepto.

1836 2152 1995 2208 Unde
2028 2153 2192 2207 etiam
2221 2152 2396 2220 ipsius
2455 2151 2751 2218 imaginem
2808 2149 3040 2218 ejusque
3082 2147 3418 2202 intemerata:

1838 2243 2028 2298 Matris
2058 2242 2358 2296 adoramus
2412 2256 2477 2297 ac
2510 2242 2768 2295 colimus.
2803 2243 2880 2294 Ac
2911 2255 3009 2294 vos
3040 2239 3259 2310 quidem
3296 2252 3415 2309 my—

1840 2335 2067 2390 sterium
2110 2333 2272 2387 inane
2319 2340 2620 2402 spectrum,
2656 2340 2709 2384 et
2759 2328 2902 2398 quod
2938 2329 3121 2397 specie
3152 2328 3265 2383 sola
3301 2328 3417 2381 exi-

1841 2435 1971 2492 stat,
2002 2424 2218 2481 eﬂicitis
2249 2446 2259 2481 :
2296 2440 2395 2478 nos
2429 2439 2560 2485 vero
2601 2424 2691 2491 qui
2746 2422 2993 2475 veritatis
3034 2419 3231 2481 simus,
3283 2434 3413 2471 san-

1839 2530 2054 2576 ctorum
2086 2519 2464 2588 apostolorum
2496 2526 2930 2581 sanctorumque
2969 2514 3213 2583 ipsorum
3245 2513 3415 2565 disci-

1840 2614 2094 2683 pulorum
2128 2625 2191 2665 ac
2238 2623 2648 2671 successorum,
2715 2616 3144 2674 nostrorumque
3193 2602 3416 2657 Patrqu

1841 2716 2005 2775 atque
2034 2704 2349 2765 doctorum,
2377 2718 2540 2771 quam
2566 2702 2634 2754 ab
2664 2702 2746 2755 eis
2776 2699 2941 2753 nobis
2968 2696 3223 2751 traditam
3254 2709 3418 2749 acce—

1842 2800 2023 2869 pimus
2064 2797 2223 2852 tidem
2265 2794 2335 2849 de
2366 2805 2560 2849 sancta
2597 2800 2651 2846 et
2682 2788 3148 2846 consubstantiali
3183 2795 3238 2842 et
3290 2784 3422 2840 ado-

1846 2890 2017 2946 randa
2051 2888 2347 2953 Trinitate,
2383 2887 2622 2941 revelata
2657 2885 2819 2949 facie,
2872 2883 3022 2937 clara
3072 2895 3230 2944 voce,
3270 2877 3422 2935 Isaia

1842 2983 2120 3053 propheta:
2157 2980 2383 3034 vocibus
2426 2978 2663 3031 dicimus
2717 2993 2731 3029 :
2785 2975 3019 3029 Ascende
3078 2974 3131 3026 in
3197 2978 3423 3024 montem

1842 3074 2109 3131 excelsum
2140 3073 2230 3143 qui
2282 3070 2613 3139 euangelizaa
2653 3068 2674 3098 ⁸
2698 3110 2712 3133 ,
2746 3076 2802 3121 et
2826 3081 2922 3121 nos
2953 3066 3006 3119 in
3048 3065 3193 3118 trine
3241 3061 3423 3115 subsi—

1844 3168 2043 3223 stentis
2131 3161 2627 3219 consubstantialis
2691 3157 3038 3213 celsitudinis
3107 3153 3421 3223 Opinionem

1848 3259 2223 3319 ascendimus,
2258 3254 2698 3325 evangelizantes
2738 3261 2900 3304 rectae
2935 3248 3055 3302 ﬁdei
3123 3245 3290 3311 bona,
3341 3242 3425 3297 di-

1847 3363 2036 3409 centes
2079 3368 2097 3405 :

1919 3447 1971 3501 4.
2006 3446 2207 3517 581a
2242 3441 2535 3495 Credimus
2565 3439 2617 3491 in
2652 3438 2868 3491 Patrem
2920 3441 2973 3488 et
2999 3430 3197 3486 Filium
3222 3435 3275 3484 ct
3301 3427 3428 3498 Spi-

1847 3541 2012 3593 ritum
2046 3544 2320 3597 sanctum,
2350 3548 2471 3601 quae
2527 3536 2716 3585 sancta
2740 3525 2985 3579 Trinitas
3013 3529 3125 3586 est,
3159 3522 3423 3582 inrreata,

1846 3632 2178 3699 sempiterna
2206 3668 2219 3685 .
2255 3625 2569 3681 inronfusa,
2612 3618 2875 3680 indivisa,
2905 3608 3426 3669 consubstantialis.

1848 3738 1968 3794 qnte
1988 3723 2039 3774 in
2076 3734 2181 3771 una
2201 3717 2397 3771 deitate
2410 3725 2462 3769 et
2485 3727 2653 3781 regno
2670 3719 2722 3763 et
2745 3706 3144 3767 dominatione,
3169 3703 3221 3754 in
3251 3699 3428 3754 trilms

1848 3792 2100 3887 personis
2132 3828 2226 3866 seu
2273 3807 2671 3879 hypostasihus
2708 3810 2763 3857 et
2806 3795 3263 3868 preprietatihus.
3291 3792 3424 3845 ado-

1850 3917 2001 3961 retur
2035 3921 2100 3959 ac
2126 3902 2598 3973 conglorilicetnr.
2662 3894 3057 3963 Proprietatem
3106 3887 3255 3941 enim
3303 3897 3428 3937 cum

1849 4002 1999 4065 dico,
2033 4000 2247 4053 Patrem
2290 3996 2471 4065 cogito
2524 3990 2765 4051 Patrem,
2798 3996 2849 4039 et
2880 3983 3077 4038 Filium
3115 3978 3335 4041 Filium,
3379 3982 3433 4026 ot

1851 4094 2118 4163 Spiritum
2164 4096 2421 4144 sanctum
2488 4084 2757 4155 Spiritum
2791 4090 3063 4135 sanctum.
3123 4072 3256 4127 Nam
3306 4084 3436 4141 pro-

1850 4188 2119 4255 prietates
2144 4196 2251 4235 non
2297 4186 2719 4235 convertuntur.
2756 4173 2877 4227 Non
2919 4170 3064 4225 enim
3108 4164 3269 4219 Pater
3308 4176 3435 4218 esse

1852 4283 2028 4343 potest
2062 4270 2258 4331 Filius,
2285 4280 2376 4322 aut
2404 4266 2576 4321 Filius
2617 4266 2796 4328 Pater,
2821 4261 2901 4315 vel
2923 4258 3167 4328 Spiritus
3200 4256 3428 4309 san’ctus

1852 4381 1976 4419 esse
2008 4363 2169 4417 Pater
2196 4368 2291 4414 aut
2324 4358 2500 4414 Filius
2545 4376 2557 4411 :
2605 4355 2701 4411 sed
2749 4355 2899 4409 δίε-ιιι
2950 4349 3225 4409 dicebam,
3276 4344 3436 4399 Pater

1854 4458 2017 4512 Pater
2043 4464 2150 4519 est,
2196 4462 2250 4508 et
2290 4452 2463 4506 Filius
2514 4448 2729 4512 Filius,
2797 4461 2861 4499 ac
2916 4442 3157 4515 Spiritus
3212 4444 3437 4493 sanctus

164 4554 343 4621 ἅγιον.
382 4552 499 4605 Οὐκ
534 4546 601 4620 ἦν
635 4566 765 4603 ποτε
796 4550 883 4602 ὅτε
931 4550 1030 4602 οὐκ
1069 4545 1137 4619 ἦν
1178 4550 1390 4620 Πατὴρ,
1418 4556 1513 4605 καὶ
1559 4555 1659 4606 οὒκ
1688 4549 1744 4624 ἦν

1862 4550 2101 4620 Spiritus
2127 4555 2375 4601 sanctus.
2419 4542 2537 4596 Non
2590 4549 2709 4595 erat
2760 4552 3008 4606 unquam
3060 4532 3281 4603 quando
3329 4544 3435 4584 non

163 4662 301 4697 ποτε
329 4646 421 4697 ὅτε
451 4642 555 4695 οὐκ
600 4638 668 4713 ἦν
706 4642 854 4704 Υἱὸς,
889 4643 983 4695 κει)⁵
1015 4643 1115 4695 οὐκ
1156 4640 1225 4715 ἦν
1269 4660 1399 4696 ποτε
1432 4646 1518 4697 ὅτε
1546 4646 1645 4699 οὐκ
1687 4643 1754 4718 ἦν

162 4739 225 4788 τὸ
257 4734 490 4804 Πνεῦμα
520 4733 583 4785 τὸ
623 4735 797 4800 ἆγιον,
836 4734 934 4785 Διὶ
964 4734 1121 4785 τοῦτο
1168 4734 1555 4803 ἀκατάληπτος
1590 4738 1683 4789 καὶ
1720 4739 1752 4806 ἡ

172 4830 425 4895 γέννησις
477 4824 573 4877 τοῦ
623 4824 994 4891 Μονογενοῦς,
1046 4826 1139 4876 καὶ
1193 4829 1225 4895 ὴ
1281 4827 1602 4896 ὲκπόρευσις
1656 4828 1751 4880 τοῦ

167 4924 327 4989 άγὶου
354 4919 699 4989 Πνεῦματος.
738 4918 1075 4988 Προσκυνεῖς
1110 4919 1200 4970 τὸν
1236 4919 1489 4989 Πατέρα;
1524 4921 1580 4971 ὲν
1608 4921 1754 4990 αὐτῷ

169 5014 566 5085 προσκυνεῖται
600 5012 628 5063 6
680 5008 809 5071 Υἱὸς
852 5010 947 5061 καὶ
992 5008 1054 5061 τὸ
1089 5009 1246 5076 ἆγιον
1297 5010 1537 5079 Πνεῦμα.
1576 5011 1753 5081 Προσ-

169 5111 356 5171 κυνεῖς
385 5108 479 5160 τῖον
515 5107 677 5169 Υἱόν;
722 5108 781 5157 ὲν
832 5104 979 5175 αὐτῷ
1020 5108 1347 5175 προσκυνεῖς
1400 5109 1492 5159 τὸν
1534 5107 1757 5177 Πατέρα

170 5200 265 5251 καὶ
323 5198 387 5251 τὸ
445 5197 602 5265 ἅγιον
664 5196 911 5265 Πνεῦμα.
946 5199 1277 5266 Προσκυνεῖς
1310 5198 1371 5249 τὸ
1418 5198 1642 5267 Πνεῦμα
1696 5199 1755 5250 τδ

170 5295 362 5357 ᾶγιονς
400 5291 457 5342 ἐν
486 5288 638 5357 αὐτῷ
672 5292 999 5357 προσκυνεῖς
1030 5290 1122 5340 καὶ
1150 5289 1240 5340 τὸν
1284 5289 1503 5360 Πατέρα
1533 5289 1625 5342 καὶ
1664 5290 1754 5341 τὸν

174 5385 336 5436 Υίόν·
380 5382 443 5433 οὗ
487 5381 869 5451 συγχεομένων
899 5380 1009 5432 τῶν
1041 5381 1367 5451 προσώπων,
1400 5381 1535 5434 ἀλλά
1568 5381 1655 5435 διὰ
1698 5382 1757 5434 τὸ

170 5475 375 5528 ταυτὸν
404 5473 503 5526 καὶ
543 5473 967 5544 ἀπαράλλακτον
1014 5474 1117 5543 τῆς
1144 5474 1330 5537 οὐσίας
1376 5474 1548 5537 οὕτως
1594 5477 1755 5537 νοεῖς.

174 5569 323 5629 nni;
357 5567 469 5635 γὰρ
502 5564 670 5636 οὔσης
690 5566 788 5635 τῆς
815 5565 1030 5633 φύσεως
1058 5568 1154 5621 καὶ
1180 5567 1283 5635 τῆς
1310 5567 1499 5629 οὐσίας
1532 5569 1627 5620 καὶ
1659 5568 1758 5637 τῆς

176 5659 263 5729 1P.
300 5657 430 5729 306]
464 5658 739 5727 θεότητος,
775 5659 872 5729 μία
906 5658 996 5712 καὶ
1043 5662 1073 5731 ἡ
1109 5659 1480 5731 προπκύνησξς
1510 5663 1626 5713 ἐστι
1659 5659 1759 5729 τῆς

250 5845 267 5870 ί
299 5845 403 5897 laa.
452 5859 544 5902 XL.
577 5843 609 5897 9

1860 4652 1977 4699 erat
2003 4641 2184 4704 Pa’ter,
2211 4645 2266 4693 et
2298 4652 2406 4691 non
2439 4632 2798 4703 eratquando
2830 4645 2938 4684 non
2963 4637 3082 4681 erat
3110 4623 3307 4687 Filius,
3337 4635 3438 4675 nec

1860 4745 1975 4791 erat
2010 4730 2306 4800 aliquando
2337 4726 2561 4797 quando
2597 4740 2704 4777 non
2730 4731 2848 4775 erat
2900 4718 3142 4788 Spiritus
3188 4720 3435 4768 sanctus.

1865 4829 2157 4897 Propterea
2192 4823 2654 4891 incomprehensa
2680 4827 2783 4883 est,
2812 4827 2926 4869 tum
2965 4810 3242 4883 Unigeniti
3276 4822 3440 4878 gene-

1867 4924 2006 4976 ratio
2038 4921 2165 4985 (sen
2197 4918 2489 4982 nativitas)
2523 4922 2638 4966 tum
2683 4910 2923 4980 Spiritus
2978 4904 3157 4960 sancti
3213 4914 3438 4972 proces-

1865 5019 1969 5072 sio.
2000 5014 2211 5067 Patrem
2246 5009 2486 5064 adoras?
2526 5008 2580 5061 In
2617 5022 2682 5061 co
2727 5004 2994 5058 adoratur
3022 4998 3195 5053 Filius
3227 5006 3280 5049 et
3310 4993 3440 5063 Spi-

1868 5110 2006 5161 ritus
2046 5114 2293 5159 sanctus.
2330 5102 2541 5155 Adoras
2572 5097 2812 5152 Filium?
2860 5092 2915 5147 In
2955 5095 3075 5163 ipso
3121 5100 3175 5145 et
3223 5087 3437 5141 Patrem

1864 5200 2060 5253 adoras
2083 5207 2137 5251 ct
2167 5195 2432 5265 Spiritqu
2472 5200 2746 5247 sanctum.
2780 5188 2992 5246 Adoras
3014 5186 3277 5250 Spiritum
3306 5196 3435 5236 san-

1863 5290 2058 5349 ctum?
2104 5290 2158 5342 In
2209 5289 2328 5357 ipso
2362 5287 2561 5341 adoras
2614 5293 2667 5338 et
2702 5283 2917 5335 Patrem
2945 5288 2999 5333 et
3034 5276 3231 5331 Filium
3266 5290 3281 5329 :
3329 5288 3438 5327 non

1865 5387 2010 5457 quod
2046 5383 2455 5441 confundantur
2517 5394 2786 5450 personae,
2846 5376 2940 5431 sed
2971 5372 3115 5441 quod
3148 5370 3339 5425 eadem
3385 5374 3442 5420 et

1868 5476 2339 5537 incommutabilis
2401 5489 2606 5545 perque
2656 5470 2840 5526 omnia
2887 5466 3085 5521 similis
3132 5458 3440 5518 substantia

1868 5574 2123 5633 exsistat,
2158 5569 2238 5623 sic
2278 5566 2559 5637 intelligis.
2596 5564 2727 5618 Nam
2752 5576 2876 5615 cum
2914 5560 2987 5614 sit
3022 5570 3129 5609 una
3161 5560 3355 5607 natura
3387 5557 3442 5605 et

1870 5660 2182 5718 substantia
2218 5674 2281 5713 ac
2313 5658 2507 5720 deitas,
2536 5672 2641 5709 una
2677 5667 2895 5725 quoque
2926 5646 3173 5703 adoratio
3200 5653 3285 5701 cst
3315 5658 3439 5698 San-
