4154 6450
721 366 829 429 δοῖ

2005 366 2636 429 OIlTlIODOXOHUM

3880 364 3988 431 508

719 499 733 528 ι
754 489 822 532 ta:
847 488 900 531 et
933 479 1422 534 consubstantialis
1450 480 1758 539 Trinitatis.
1806 484 1959 550 Quod
2005 485 2287 538 enimvero

2415 480 2550 547 ιγίας
2605 480 2696 531 καὶ
2737 479 3024 548 όμοουσίου
3070 479 3319 545 Τριάδος.
3381 477 3520 529 Ἀλλ’
3554 478 3741 548 ἐπειδὴ
3792 479 3992 545 Πατὴρ

723 568 885 624 Pater
921 579 975 623 et
1006 566 1180 627 Filius
1213 579 1267 625 et
1292 570 1537 641 Spiritus
1578 582 1807 631 sanctus
1857 576 2214 630 nominantur
2236 582 2293 630 et

721 669 867 722 sunt,
902 662 1005 714 tria
1039 662 1295 716 nimirum
1354 666 1420 718 ad
1476 666 1842 721 substantiam
1894 667 2039 738 quod
2081 676 2296 737 spectat

725 768 824 820 per
876 755 1057 808 omnia
1084 756 1335 823 aqualia;
1386 758 1749 829 attribuitque
1774 757 1921 812 Patri
1963 759 2293 829 principium

723 843 908 897 divina
941 844 1246 913 Scriptura,
1310 847 1421 915 jam
1461 864 1683 917 quoque
1730 849 1897 904 Filius
1930 849 2105 905 Patris
2135 852 2298 905 bene-

725 934 1146 1003 plaeitocuncta
1170 936 1397 999 creavit,
1458 946 1514 991 et
1565 938 1806 1007 Spiritus
1844 949 2071 995 sanctus
2110 942 2295 996 omnia

722 1025 972 1093 perfecit.
1008 1027 1104 1080 Est
1165 1028 1331 1096 igitur
1362 1028 1505 1085 Deus
1528 1033 1711 1094 Pater,
1755 1033 1895 1086 Dctts
1934 1032 2124 1095 Filius.
2155 1034 2297 1089 Deus

725 1114 965 1185 Spiritus
1013 1125 1261 1172 sanctus.
1316 1117 1435 1173 Non
1494 1129 1677 1174 tamen
1707 1123 1836 1191 quia
1878 1121 2021 1178 Deus
2042 1133 2095 1177 et
2132 1122 2297 1187 Deus,

723 1215 779 1261 et
810 1206 975 1271 Deus,
1002 1215 1114 1263 tres
1137 1208 1270 1264 deos
1307 1210 1433 1264 licet
1468 1210 1649 1267 dicere
1684 1230 1698 1267 :
1727 1214 1821 1268 sed
1868 1214 1998 1269 dum
2033 1226 2145 1270 trcs
2179 1231 2299 1283 per-

725 1310 891 1352 sonas
918 1298 1103 1354 animo
1131 1301 1362 1371 cogitas,
1411 1318 1478 1357 ac
1541 1320 1981 1375 unamquamque
2010 1322 2298 1377 personam

725 1391 1032 1453 conﬁteris,
1060 1408 1228 1446 unum
1271 1394 1439 1446 Dcum
1480 1411 1663 1458 vocas,
1710 1397 1854 1466 quod
1885 1412 1991 1450 una
2024 1399 2302 1452 eamdem-

724 1496 833 1550 que
871 1490 1063 1535 natura
1092 1493 1146 1537 et
1196 1483 1458 1540 divinitas
1491 1494 1546 1539 et
1577 1488 1884 1541 substantia
1916 1497 1971 1541 et
2008 1491 2299 1543 eoreterni-

727 1582 832 1626 tas.
864 1572 995 1638 Quae
1021 1589 1187 1629 causa
1222 1584 1325 1638 est,
1359 1592 1456 1629 cur
1476 1588 1529 1631 et
1550 1579 1904 1649 singulariter
1925 1580 2300 1637 collaudemus

724 1672 779 1719 et
803 1665 1095 1719 adoremus
1130 1674 1377 1721 sanctam
1416 1666 1764 1723 Trinitatem.

799 1753 850 1804 5.
889 1754 953 1807 Et
986 1754 1090 1806 line
1120 1756 1374 1811 novimus
1423 1766 1589 1826 atque
1639 1759 1937 1824 credimus,
1973 1759 2065 1814 Dei
2101 1748 2296 1815 Filium

2402 571 2497 621 καὶ
2548 570 2673 631 Υἱὸς
2725 571 2816 623 καὶ
2853 570 3010 638 ἀγιον
3053 569 3278 640 Πνεῦμα
3334 570 3694 639 ὀνομάζονται
3733 573 3827 622 καὶ
3858 572 3995 637 sisi,

2359 703 2361 706 s
2398 663 2465 730 τῇ
2500 661 2599 730 μὲν
2636 661 2796 731 ούσία
2835 659 2975 713 κατὰ
3010 660 3185 714 πάντα
3224 660 3321 713 ίσα
3351 662 3417 713 τὰ
3452 661 3609 729 τρία·
3652 661 3901 713 ἀπέδωκε
3935 662 3995 714 δὲ

2403 752 2438 819 ἡ
2493 751 2851 815 θεόπνευστος
2896 750 3087 822 Γραφὴ
3145 752 3245 823 τὴν
3293 752 3469 821 ἀρχὴν
3510 751 3588 820 τῷ
3645 753 3845 823 Πατρῖ,
3896 753 3995 805 καὶ

2404 842 2589 895 λοιπὸν
2613 845 2679 913 τῇ
2713 842 2807 895 τοῦ
2839 842 3052 913 Πατρὸς
3094 841 3315 912 εὐδοκία
3351 842 3445 895 καὶ
3487 843 3516 893 ό
3544 842 3667 905 Υἱὸς
3706 842 3775 894 τά
3810 844 3996 895 πάντα

2404 934 2651 1017 ἐποίησε,
2689 935 2878 985 καὶτὸ
2927 933 3150 1000 Πνεῦμα
3184 934 3243 985 τὸ
3291 932 3446 1001 ἅγιον
3479 934 3546 985 τὰ
3596 934 3773 986 πάντα
3812 932 3994 984 ὲτελεο

2405 1025 2753 1094 σιούργησεν.
2785 1024 2973 1076 Ἔστιν
2995 1022 3091 1076 οὖν
3122 1023 3255 1085 Θεὸς
3298 1024 3327 1075 ό
3370 1023 3579 1091 Πατὴρ.
3601 1023 3733 1086 Θεὸς
3769 1024 3799 1075 6
3839 1023 3990 1085 Υἱὸς,

2407 1118 2539 1179 Θεὸς
2561 1117 2622 1169 τὸ
2665 1116 2891 1185 Πνεῦμα
2917 1116 2977 1169 τὸ
3004 1116 3178 1185 ἆγιον.
3196 1115 3338 1168 Ἀλλ’
3362 1115 3550 1184 ἐπειδὴ
3576 1115 3707 1177 Θεὸς
3735 1117 3845 1167 καὶς
3857 1116 3995 1177 Θεὸς

2404 1208 2498 1263 καὶ
2528 1209 2681 1272 Θεὸς,
2730 1208 2793 1261 ού
2839 1209 3069 1261 δύνασαι
3113 1212 3321 1260 είπείν·
3349 1209 3510 1275 Τρεῖς
3561 1207 3707 1260 θεοί·
3738 1207 3876 1261 ἀλλὰ
3924 1210 3995 1261 τὰ

2400 1302 2529 1370 τρία
2580 1300 2854 1371 πρόσωπα
2908 1284 3344 1368 ἐνθυμούμενος,
3410 1298 3642 1349 ἕκαστον
3691 1297 3996 1368 πρόσωπον

2412 1390 2715 1459 ὁμολογῶν.
2748 1386 2842 1453 Εἷς
2868 1389 3022 1451 Θεὸς,
3053 1388 3257 1455 λέγεις,
3281 1387 3370 1440 διά
3399 1388 3459 1440 τὸ
3492 1388 3551 1439 ἒν
3576 1387 3670 1440 καὶ
3698 1388 3759 1440 τὸ
3792 1390 3998 1439 ταυτίν

2410 1479 2509 1548 τῆς
2542 1478 2758 1548 φύσεως
2785 1480 2879 1531 καὶ
2899 1478 3001 1548 τῆς
3019 1477 3288 1555 ,θεότητος
3313 1477 3410 1530 καὶ
3435 1476 3534 1545 τῆς
3565 1477 3751 1539 οὐσίας
3774 1478 3870 1530 καὶ
3894 1476 3999 1545 τῆς

2416 1569 2842 1638 συναῖδιότητος.
2880 1569 2972 1621 Διὸ
3001 1570 3096 1622 καὶ
3122 1567 3317 1630 ἑνικῶς
3350 1565 3650 1637 δοξάζομεν
3685 1566 3778 1618 καὶ
3817 1582 3998 1636 προσ-

2411 1660 2682 1730 κυνοῦμεν
2710 1662 2811 1731 τὴν
2849 1662 3009 1730 ἁγίαν
3037 1661 3266 1731 Τριάδα.

2478 1752 2541 1805 ε’.
2583 1753 2894 1822 Ἐμάθομεν
2918 1753 3010 1805 καὶ
3042 1750 3377 1819 πιστεύομεν
3406 1752 3489 1805 ὅτι
3517 1752 3547 1804 6
3576 1751 3703 1814 Υἱὸς
3724 1749 3819 1802 τοῦ
3853 1747 3995 1801 Θεοῦ

726 1859 791 1898 ex
816 1842 978 1900 Patre
1002 1848 1247 1915 genitum
1297 1863 1443 1911 esse,
1475 1864 1676 1904 arcana
1720 1866 1819 1906 nec
1843 1853 2023 1907 verbis
2059 1855 2299 1923 explica-

2415 1841 2679 1911 ἐγεννήθη
2712 1842 2777 1893 ὲκ
2820 1840 2916 1893 τοῦ
2966 1839 3201 1908 Πατρὸς,
3236 1840 3516 1908 ἀρρήτως,
3547 1838 3819 1907 ἀχρὸνως,
3849 1836 3996 1887 ἀσω-

730 1935 827 1990 bili
856 1938 1090 2004 ratione,
1112 1940 1542 2008 intemporanee,
1578 1943 1923 2010 incorporce,
1965 1956 2090 2000 ante
2118 1948 2302 2001 omnia

2415 1933 2620 2003 μὰτως,
2659 1932 2762 2002 πρὸ
2797 1932 3016 1986 πάντων
3044 1930 3152 1983 τῶν
3184 1929 3419 1983 αἰώνων.
3464 1930 3637 1991 Αὐτὸς
3660 1926 3753 1980 οῦν
3794 1930 3825 1980 6
3864 1926 3995 1988 Υἱὸς

729 2029 952 2083 εεοουίει.
988 2028 1107 2099 Ipse
1166 2030 1332 2098 igitur
1380 2030 1472 2086 Dei
1527 2032 1718 2097 Filius,
1755 2035 1935 2091 lumen
1978 2037 2045 2092 de
2079 2039 2305 2106 lumine,

2415 2024 2501 2078 τοῦ
2524 2023 2681 2086 Θεοῦ,
2720 2024 2784 2076 τὸ
2815 2023 2930 2091 φῶς
2963 2022 3029 2075 ὲκ
3054 2020 3150 2073 τοῦ
3191 2022 3393 2090 φωτὸς,
3430 2022 3457 2074 ό
3486 2020 3740 2091 ἀληθινὸς
3769 2019 3903 2080 Θεὸς
3932 2017 4000 2068 ὲκ

730 2118 876 2175 Deus
899 2138 1063 2177 verus
1086 2123 1154 2177 de
1191 2124 1301 2179 Deo
1350 2141 1479 2180 vero
1514 2142 1577 2181 ac
1610 2126 1792 2194 Patre,
1826 2145 2094 2200 propensa
2132 2133 2308 2189 Patris

2415 2116 2504 2170 τοῦ
2535 2114 2793 2186 ἀληθινοῦ
2830 2115 2966 2168 Θεοῦ
3000 2114 3097 2167 καὶ
3128 2115 3361 2182 Πατρὸς,
3392 2117 3458 2184 τῇ
3486 2113 3707 2183 εὐδοκία
3754 2110 3850 2163 τοῦ
3884 2112 3995 2162 Πα-

727 2210 1011 2266 voluntate
1044 2213 1363 2267 incarnatus
1388 2216 1550 2269 estin
1585 2218 1895 2273 castissima
1958 2230 2012 2274 et
2042 2236 2072 2275 a
2101 2222 2305 2291 Spiritu

2415 2208 2539 2278 τρὸς
2567 2206 2856 2291 ὲσαρκώθη
2899 2209 2959 2259 ὲν
2988 2210 3052 2276 τῇ
3085 2207 3348 2275 πανάγνῳ
3401 2208 3495 2258 καὶ
3535 2206 3640 2258 ὑπὸ
3674 2203 3998 2273 Πνεύματος

728 2310 924 2357 sancto
962 2305 1161 2359 cximie
1204 2307 1545 2361 sanctiﬁcata
1599 2307 1821 2377 Virgine
1865 2323 2053 2366 sancta
2115 2313 2309 2377 Maria,

2415 2300 2572 2367 ἁγίου
2614 2298 3063 2368 καθαγιαζομένῃ
3118 2296 3382 2366 Παρθένῳ
3410 2299 3475 2367 τῇ
3508 2297 3641 2365 ἁγία
3684 2294 3997 2378 Μαρίᾳοῆτῇ

732 2391 951 2458 proprie
979 2407 1041 2447 ac
1064 2408 1188 2447 vere
1218 2392 1309 2447 Dei
1355 2393 1656 2453 Genitricc.
1694 2400 1771 2453 Ac
1801 2400 1945 2454 sicut
1981 2402 2155 2469 ipsius
2186 2404 2307 2458 Filii

2415 2393 2622 2462 κυρίως
2640 2391 2735 2444 καὶ
2766 2391 2908 2444 κατὰ
2936 2388 3194 2458 ἀλήθειαν
3209 2388 3481 2456 Θεοτόκῳ.
3518 2389 3621 2439 Καὶ
3653 2386 3845 2454 ὥσπερ
3878 2387 3913 2454 ἡ
3936 2388 4001 2438 ἐκ

732 2497 760 2532 a
789 2480 949 2536 Patre
978 2488 1263 2552 generatio
1310 2486 1766 2557 incompreheasa
1791 2500 1877 2545 est
1918 2500 1973 2544 et
2008 2494 2308 2562 inexplica-

2415 2481 2507 2535 τοῦ
2541 2480 2756 2549 Πατρὸς
2794 2480 3049 2549 γέννησις
3086 2476 3254 2529 αὑτοῦ
3309 2476 3402 2529 τοῦ
3437 2475 3567 2528 Υἱοῦ
3613 2475 4001 2543 ἀκατάληκτός

730 2571 891 2636 bilis,
920 2589 1154 2643 eamque
1187 2577 1259 2631 ob
1307 2593 1419 2631 rem
1467 2580 1639 2648 ipsam
1669 2582 1772 2636 iide
1804 2597 1866 2636 ac
1909 2585 2124 2638 silentio
2150 2601 2310 2640 vene-

2416 2572 2500 2634 τίς
2522 2573 2639 2623 ἔστι
2674 2567 2767 2623 καὶ
2795 2570 3226 2640 άνερμήνευτος,
3251 2567 3347 2620 καὶ
3378 2566 3467 2618 διὰ
3495 2565 3657 2618 τοῦτο
3692 2564 3872 2616 πίστει
3906 2565 4003 2615 καὶ
4046 2610 4049 2611 ,

733 2678 920 2729 ramur
942 2678 1008 2719 ac
1036 2666 1450 2733 collauilamus;
1478 2670 1558 2723 sic
1593 2680 1647 2724 et
1679 2672 1925 2740 ejusdem
1972 2674 2093 2729 Filii
2127 2675 2218 2730 Dei
2243 2694 2310 2731 ex

2416 2664 2594 2731 σιωπῇ
2653 2659 3066 2731 προσκυνοῦμεν
3118 2660 3213 2712 καί⁵
3266 2656 3595 2727 δοξάζομεν·
3658 2656 3828 2717 οὓτως
3891 2654 3995 2707 τοῦ

736 2752 907 2810 Matre
957 2765 1013 2809 et
1068 2756 1289 2827 Virgine
1340 2759 1396 2814 in
1441 2776 1607 2816 carne
1655 2765 1914 2820 nativitas
1950 2766 2310 2826 ineﬂabilisct

2416 2755 2585 2809 αὑτοῦ
2626 2752 2759 2807 Υἰοῦ
2790 2751 2888 2806 τοῦ
2915 2751 3052 2827 Θεοῦ
3087 2754 3181 2804 καὶ
3211 2753 3244 2820 ή
3274 2752 3339 2803 ἐκ
3360 2751 3458 2819 τῆς
3490 2748 3695 2821 μητρὸς
3734 2751 3827 2801 κιύ⁵
3859 2749 4005 2816 Παρ-

733 2847 1119 2904 inenarrabilis
1148 2859 1255 2906 est.
1292 2852 1369 2907 Ac
1398 2868 1508 2924 quo
1549 2853 1602 2908 id
1632 2856 1816 2923 modo,
1847 2861 2055 2932 accipe.

807 3023 860 3079 6.
897 3025 1068 3093 Igitur
1098 3028 1413 3098 unigenitus
1459 3028 1554 3084 Dei
1594 3031 1785 3098 Filius,
1814 3036 1930 3105 ipse.
1949 3050 2072 3097 ante
2104 3048 2303 3101 saecula

734 3129 801 3169 ex
828 3115 990 3170 Patre
1040 3119 1274 3186 genitus,
1310 3120 1821 3195 incircumscriptus
1873 3139 1991 3198 est;
2024 3135 2190 3205 inque
2217 3155 2313 3194 sn-

739 3207 926 3273 pernis
958 3214 1010 3261 ct
1042 3207 1271 3262 infernis
1323 3221 1429 3277 est,
1474 3224 1529 3267 et
1585 3228 1784 3271 cuncta
1820 3220 1872 3274 in
1897 3238 2062 3278 manu
2086 3227 2314 3294 habet",

736 3305 789 3351 et
813 3297 867 3350 in
916 3312 984 3351 eo
1052 3300 1367 3356 consistunt
1426 3307 1633 3370 omnia,
1668 3318 1722 3362 et
1745 3311 1933 3379 implet
1970 3320 2154 3373 omnia
2189 3321 2233 3384 ⁸,
2264 3335 2316 3377 et

737 3402 902 3455 super
923 3388 1108 3443 omnia
1137 3392 1360 3457 eminet,
1397 3402 1594 3466 estque
1617 3413 1783 3468 supra
1815 3416 2009 3460 omnes
2050 3410 2244 3477 melos,
2265 3421 2319 3465 et

737 3477 983 3533 intuetur
1012 3482 1242 3553 abyssos
1279 3484 1337 3549 ';
1389 3501 1491 3541 nec
1535 3497 1621 3543 est
1663 3503 1913 3547 creatura
1943 3511 2066 3564 qua:
2107 3516 2213 3554 non
2245 3503 2315 3556 sit

738 3570 1027 3625 manifesta
1051 3572 1103 3626 in
1138 3575 1314 3629 oculis
1374 3575 1496 3645 ejus
1528 3580 1592 3633 ¹⁶.
1626 3580 1685 3635 In
1739 3586 1951 3652 angelis
2004 3598 2087 3643 est
2120 3607 2133 3642 :
2168 3600 2318 3647 tntus

738 3660 793 3715 in
814 3664 1089 3732 supernis,
1121 3674 1269 3720 totus
1305 3670 1505 3737 ubique
1526 3679 1632 3726 est.
1654 3671 1772 3739 Ipse
1819 3676 1983 3746 igitur
2020 3678 2110 3735 Dei
2143 3680 2316 3737 Filius

737 3753 865 3807 talis
904 3770 966 3808 ac
1004 3764 1208 3822 tantus,
1242 3759 1357 3827 ipse
1384 3759 1530 3813 nulla
1558 3766 1866 3832 quantitate
1895 3750 1959 3821 ac
1990 3770 2150 3834 mole,
2191 3787 2315 3825 cum

736 3846 923 3898 omnia
966 3847 1158 3913 possit,
1224 3850 1387 3903 etiam
1449 3851 1611 3906 homo
1663 3853 1781 3908 ﬁeri
1826 3860 2001 3926 potuit
2043 3877 2320 3931 :vereque

740 3936 1056 3993 incarnatus
1114 3954 1178 3994 ac
1232 3939 1410 3996 factus
1467 3942 1633 3999 homo
1680 3944 1749 4001 de
1782 3946 1989 4017 Spiritu
2044 3961 2237 4009 sancto
2265 3963 2319 4009 et

740 4027 904 4082 Maria
955 4028 1195 4100 Virgine,
1235 4032 1288 4087 in
1333 4034 1489 4090 cmlis
1541 4052 1665 4092 esse
1728 4053 1834 4093 non
1878 4040 2208 4109 destitit,et
2263 4046 2315 4099 in

739 4120 905 4176 terris
945 4120 1064 4192 ipse
1092 4132 1237 4177 totus
1267 4124 1583 4182 incarnatus
1612 4128 1850 4185 exsistit.
1882 4132 2015 4198 Quis
2047 4150 2177 4202 ergo
2201 4137 2319 4191 elo-

736 4212 933 4280 quiaut
965 4229 1190 4282 prorsus
1234 4231 1495 4273 enarrare
1546 4224 1865 4292 mysterium
1913 4227 2122 4293 possit?
2159 4227 2314 4292 Quod

2416 2850 2571 2902 θένου
2596 2846 2861 2915 ἐνσαρκος
2883 2826 3160 2915 γέῦνησις,
3201 2843 3478 2914 ἀφραστός
3506 2844 3621 2895 ἔστι
3664 2842 3756 2893 καὶ
3785 2842 3876 2893 ἀνε
3888 2840 4003 2893 κδι-
4028 2886 4039 2895 .

2418 2941 2638 3006 ήγητος.
2666 2938 2775 2989 Καὶ
2802 2935 2939 3003 μάθε
2972 2935 3109 2997 πῶς.

2493 2997 2570 3089 g".
2599 2997 2673 3076 ’⁸0
2696 2997 2813 3076 οὖν-
2824 3024 3121 3091 μονογενὴς
3146 3022 3275 3084 Υἱὸς
3298 3020 3392 3073 τοῦ
3423 3019 3581 3078 Θεοῦ.
3599 3022 3627 3073 6
3656 2997 3763 3090 πρὸ
3784 3020 4011 3071 πάντων

2418 3117 2526 3168 τῶν
2557 3116 2769 3168 αἰώνων
2801 3117 2864 3167 ὲκ
2889 3114 2982 3166 τοῦ
3028 3115 3239 3183 Πατρὸς
3267 3111 3574 3181 γεννηθεὶς,
3619 3110 4009 3179 ἀπερίγραφός

2418 3213 2557 3273 ἐστι,
2596 3208 2692 3258 καὶ
2723 3208 2834 3260 ἀνω
2877 3206 2993 3257 ἐστὶ
3025 3205 3116 3257 καὶ
3141 3205 3311 3269 κάτω,
3342 3205 3434 3256 καὶ
3463 3203 3533 3255 τὰ
3566 3203 3740 3255 πάντα
3768 3204 3828 3254 ἐν
3857 3200 4009 3269 χειρὶ

2419 3304 2554 3372 ἔχει,
2583 3303 2676 3355 καὶ
2708 3301 2774 3354 τὰ
2805 3302 2984 3353 πάντα
3007 3302 3066 3352 ὲν
3095 3298 3245 3368 αὐτῷ
3264 3299 3584 3366 συνέστηκε,
3611 3299 3704 3348 καὶ
3730 3297 3796 3348 τά
3826 3297 4008 3347 πάντα

2420 3398 2643 3464 πληροῖ,
2696 3395 2792 3445 καὶ
2846 3394 2988 3462 ὑπὲρ
3036 3392 3106 3443 τὰ
3140 3392 3319 3444 πάντα
3362 3388 3814 3459 ὑπερεκτείνεται
3842 3428 3857 3450 ,
3910 3390 4008 3439 καὶ

2420 3488 2681 3557 ὑπεράνω
2733 3487 2951 3539 πάντων
2996 3484 3241 3554 οὐρανῶν
3268 3487 3410 3547 ἐστι,
3452 3484 3547 3537 καὶ
3599 3483 3697 3546 τάς
3729 3482 4007 3544 ἀϐύσσους

2419 3581 2631 3650 καθορᾷ
2657 3595 2671 3609 ο
2698 3580 2793 3632 καὶ
2825 3578 2923 3630 οὐκ
2958 3576 3073 3630 ἔστι
3102 3576 3279 3638 κτίσις
3302 3576 3517 3646 ἀφανὴς
3558 3575 3791 3628 ἐνώπιον
3812 3574 4006 3626 αύτοί.

2432 3672 2520 3723 Ἑν
2550 3669 2801 3737 ἀγγέλοις
2837 3668 2981 3721 ἐστίν
3002 3684 3015 3698 ·
3048 3668 3168 3730 ὅλος
3201 3667 3313 3720 ἀνω
3374 3666 3490 3718 ἐστί
3514 3682 3528 3695 ·
3560 3666 3677 3728 ὅλος
3724 3664 4007 3733 πανταχοῦ

2420 3765 2589 3816 ἐστιν.
2617 3762 2784 3824 Αὐτὸς
2811 3756 2904 3814 οὖν
2932 3762 2959 3811 6
2991 3757 3118 3821 Υίὸς
3146 3758 3239 3811 τοῦ
3274 3757 3411 3811 Θεοῦ
3450 3760 3479 3811 ό
3508 3757 3748 3820 τοιοῦτος
3783 3758 3876 3810 καὶ
3906 3775 4008 3824 τη-

2421 3852 2691 3914 λικοῦτος,
2725 3854 2752 3905 ό
2796 3850 3061 3920 ὰπήλικος
3112 3850 3207 3903 καὶ
3248 3848 3552 3919 ἀμεγέθης,
3596 3848 3786 3917 ἐπειδὴ
3823 3848 4007 3899 πάντα

2422 3944 2671 4005 δύναται,
2704 3941 2936 4013 ἐδυνήθη
2976 3941 3071 3994 κοιλ⁵
3114 3939 3402 4011 ἀνθρωπος
3434 3938 3719 4007 γενέσθαι·
3756 3938 3850 3990 καὶ
3882 3936 4007 3989 κατ’

2419 4035 2682 4105 ἀλήθειαν
2742 4032 3050 4103 σαρκωθεὶς
3099 4032 3196 4085 καὶ
3234 4030 3661 4099 ἑνανθρωπήσας
3716 4031 3781 4099 εκ
3833 4029 4010 4080 Πνεύ-

2424 4141 2601 4203 ματοί
2632 4123 2790 4187 ἁγίου
2829 4121 2924 4175 καὶ⁹
2977 4120 3194 4189 Μαρίας
3238 4120 3337 4190 τῆς
3389 4118 3687 4189 Παρθένου.
3737 4118 3853 4171 ἀνω
3909 4117 4011 4168 οὐκ

2421 4213 2625 4283 ἐλειψε,
2668 4212 2761 4265 καὶ
2804 4213 2956 4264 κάτω
2988 4211 3291 4280 σαρωθεὶς
3339 4212 3369 4263 ό
3405 4210 3568 4272 αὐτὸς
3619 4209 3759 4270 ὅλος.
3794 4209 4010 4283 Ούκοῦν

737 4304 1024 4379 enimvero
1061 4320 1161 4374 pro
1220 4315 1430 4369 natura:
1482 4309 1733 4365 humana:
1781 4316 2046 4369 tenuitate
2132 4318 2310 4371 divina

2420 4308 2503 4371 τίς
2535 4278 2759 4359 δύναται
2794 4304 3000 4375 φράσαι
3029 4278 3073 4374 qi
3108 4303 3245 4365 ὃλυκ
3290 4301 3657 4372 διηγήσασθαι
3703 4301 3765 4353 τὸ
3798 4278 4013 4369 μῦστή-

740 4393 1022 4461 Scriptura
1066 4411 1240 4465 pauca
1311 4400 1558 4468 quaedam
1627 4403 1817 4457 tribuit
1867 4407 2053 4471 verba,
2113 4408 2317 4478 quibus

739 4500 892 4539 mens
944 4495 1165 4556 gustum
1218 4490 1435 4559 assequi
1490 4493 1665 4560 possit
1714 4508 1777 4547 ac
1812 4494 1943 4560 frui,
1990 4498 2319 4573 silentioque

737 4583 961 4647 stupere
988 4592 1053 4633 ac
1090 4579 1320 4634 adorare
1339 4581 1584 4637 divinum
1628 4582 1972 4656 Mysterium.

811 4840 866 4895 7.
901 4838 1088 4913 Itaque
1120 4843 1213 4900 Dei
1248 4843 1447 4913 Filius,
1482 4850 1576 4917 qui
1622 4850 1774 4905 nullo
1826 4852 1950 4923 capi
1998 4864 2205 4924 potest,
2256 4860 2313 4915 in

741 4942 989 4989 sanctam
1023 4933 1299 5008 Virginem
1331 4939 1601 5009 introivit,
1629 4958 1808 5014 exque
1859 4945 1983 5014 ejus
2004 4950 2191 5005 carnis
2221 4966 2317 5005 na-

743 5030 868 5078 tura
902 5030 1229 5100 assumpsit,
1277 5045 1503 5102 suaeque
1533 5032 1755 5091 deitatis
1808 5051 2059 5107 persona:
2117 5041 2315 5109 univit,

742 5127 970 5170 carnem
1002 5116 1164 5173 nobis
1208 5121 1764 5191 consubstantialem,
1804 5126 1987 5181 anima
2041 5143 2320 5202 sensuque

747 5205 948 5263 mentis
983 5211 1290 5279 praeditam,
1334 5229 1443 5285 qua
1491 5216 1642 5273 solus
1699 5218 1817 5286 ipse
1879 5220 2033 5275 novit
2082 5224 2319 5281 ratione.

741 5297 862 5352 Jam
889 5301 1037 5355 enim
1069 5302 1209 5366 dixi,
1242 5320 1340 5359 nec
1365 5315 1546 5362 triente
1569 5308 1789 5378 assequi
1837 5310 2030 5376 licere,
2068 5328 2171 5370 nec
2200 5330 2321 5371 ser-

752 5402 918 5443 mone
962 5392 1294 5460 exprimere,
1343 5409 1407 5449 ac
1452 5410 1632 5466 neque
1686 5400 2055 5469 exquirendas
2114 5404 2320 5462 homini

744 5479 1005 5552 physicas
1070 5485 1314 5543 rationes
1362 5487 1463 5553 rei,
1533 5504 1655 5559 quae
1716 5490 2228 5565 impervestigabiiis
2269 5508 2324 5553 et

747 5573 1126 5631 inscrutabilis
1157 5586 1242 5632 est
1316 5580 1586 5651 Copulata
1628 5582 1795 5654 igitur
1848 5586 1977 5652 sibi,
2035 5603 2198 5657 quam
2252 5606 2315 5645 ex

819 5752 839 5781 ⁷
861 5752 1000 5812 Psai.
1028 5772 1167 5823 χειν,
1211 5757 1262 5811 4.

1361 5762 1381 5793 ⁸
1412 5762 1623 5817 (ioloss.
1670 5780 1704 5829 ι,
1743 5763 1823 5817 i7.
1872 5767 1922 5837 ην
1958 5762 2065 5818 Jcr.
2104 5779 2257 5827 sxw,
2290 5766 2370 5820 ει.

2421 4417 2575 4471 ριον;
2608 4398 2756 4466 Πλὴν
2789 4398 2870 4449 ὅτι
2908 4395 3043 4466 πρὸς
3070 4396 3171 4465 τὴν
3205 4396 3483 4448 εὐτέλειαν
3513 4395 3611 4464 τῆς
3656 4394 4013 4464 ἀνθρωπίνης

2417 4492 2633 4559 φύσεως
2685 4488 2887 4541 ἔδωκεν
2936 4488 2970 4556 ἡ
2999 4486 3121 4540 θεία
3160 4485 3353 4557 Γραφὴ
3396 4486 3552 4553 ὀλίγα
3608 4486 3730 4537 τινὰ
3759 4486 4012 4555 ῥήματα,

2415 4581 2483 4635 δι’
2512 4574 2588 4634 ὧν
2614 4582 2642 4633 6
2684 4579 2809 4642 νοῦς
2840 4581 2899 4632 ὲν
2928 4578 3232 4633 ἀπολαύσει
3262 4580 3553 4650 δυνήσεται
3592 4579 3869 4645 γενέσθαι,
3917 4582 4015 4631 καὶ

2415 4672 2737 4741 ἀφθέγκτως
2766 4672 3109 4743 ἐκπλαγῆναι
3142 4672 3238 4724 καὶ
3271 4674 3596 4743 προσκυνεῖν
3628 4672 3688 4724 τὸ
3722 4671 3865 4723 θεῖον
3904 4690 4010 4739 μυ-

2427 4764 2672 4834 στήριον.

2495 4854 2582 4928 [Ρ.
2607 4854 2736 4927 507]
2768 4854 2832 4920 ζ’.
2868 4854 2930 4910 '0
2948 4852 3043 4909 οῦν
3075 4854 3204 4917 Υἱὸς
3233 4854 3328 4907 τοῦ
3353 4853 3492 4908 Θεοῦ
3518 4855 3548 4906 6
3575 4852 3864 4925 ἀχὼρητος
3899 4856 4017 4906 εἱσ-

2422 4945 2583 5017 ἦλθεν
2602 4946 2682 5006 είς
2705 4945 2803 5017 τὴν
2832 4946 2993 5015 ἁγίαν
3023 4945 3319 5017 Παρθένον,
3344 4948 3441 5001 καὶ
3464 4946 3765 5000 ἐπελάϐετο
3796 4949 3865 5000 ἐκ
3905 4949 4009 5017 τῆς

2424 5036 2642 5107 φύσεως
2669 5037 2770 5107 τῆς
2819 5037 3039 5107 σαρκὸς,
3062 5037 3259 5109 αὐτῆς,
3296 5038 3391 5091 καὶ
3432 5040 3609 5108 ἦνωσε
3645 5040 3719 5108 τῇ
3774 5039 3885 5108 ίδία
3913 5039 4016 5107 τῆς

2424 5128 2680 5200 θεότητος
2711 5128 3006 5182 ὑποστάσει
3047 5128 3227 5199 σάρκα
3263 5129 3360 5200 τὴν
3394 5131 3531 5200 ἡμῖν
3568 5128 3883 5198 ὁμοούσιον,
3916 5128 4017 5199 ἐμ-

2422 5222 2594 5293 ψυχόν
2625 5238 2685 5275 τε
2709 5221 2804 5274 καὶ
2837 5220 3044 5286 ἔννουν,
3074 5222 3150 5285 ὼς
3175 5202 3340 5284 αὐτὸς
3381 5222 3542 5292 μόνος
3578 5217 3706 5274 οἶδε.
3741 5222 4017 5293 Προεῖπον

2425 5316 2557 5387 γὰρ,
2592 5315 2673 5368 ὅτι
2710 5312 2834 5367 οὔτε
2868 5312 2993 5377 νοῦς
3025 5314 3433 5369 καταλαϐέσθαι
3468 5317 3666 5385 ἰσχύει,
3700 5314 3824 5368 οὔτε
3853 5316 4016 5382 λόγος

2427 5406 2783 5478 παραστῆσαι
2817 5404 3063 5467 δύναται,
3092 5404 3218 5459 οὔτε
3249 5406 3456 5476 ὀφείλει
3492 5406 3776 5476 ἄνθρωπος
3822 5426 4019 5475 φυσιο-

2428 5498 2607 5566 λογεῖν
2666 5496 2727 5547 τὸ
2784 5495 3196 5567 ἀνεξιχνίαστόν
3247 5496 3373 5570 [τε]
3434 5498 3528 5552 καὶ
3584 5494 4017 5569 ἀνεξερεύνητον

2433 5589 2681 5661 πρᾶγμα.
2731 5584 2975 5651 Ἔνώσας
3012 5584 3106 5641 οὖν
3140 5588 3319 5659 ἐαυτῷ
3350 5590 3447 5661 τὴν
3487 5589 3543 5657 ἐξ
3580 5590 3749 5660 αὐτῆς
3782 5590 4018 5659 ληφθείς

2426 5767 2465 5796 "
2501 5766 2635 5821 Dan.
2666 5782 2747 5832 Ill,
2783 5767 2883 5834 553;
2911 5766 3069 5823 iicbr.
3104 5784 3175 5834 ιν,
3210 5766 3289 5820 15.
