4154 6450
147 414 248 478 503

1155 404 1560 465 INVECTIVA
1583 402 1881 463 CONTRA
1915 403 2383 464 HASRETICOS.

3305 408 3409 473 510

147 550 243 583 σαν
274 529 462 597 φύσιν,
491 522 648 594 ηὖξει
690 525 718 576 6
760 520 997 589 ἁναυξὴς
1039 519 1164 582 Υἱὸς
1193 518 1287 572 τοῦ
1337 516 1474 571 Θεοῦ
1513 519 1580 586 τῇ
1619 516 1725 586 ἰδία

1843 516 1922 570 ηιιο
1960 518 2312 586 sumpsisset,
2352 526 2574 581 natura.
2610 521 2889 575 crescebat
2926 517 3017 575 Dei
3043 518 3217 575 Filius
3243 538 3408 579 carne

147 623 335 693 σαρκὶ,
378 617 707 689 ἔψυχωμένῃ
736 614 882 683 ψυχῇ
928 612 1120 683 λογικῇ
1166 627 1227 663 τε
1276 610 1371 663 καὶ
1402 610 1596 680 νοερᾷ·
1636 608 1731 662 καὶ

147 734 223 783 μη
250 712 487 781 τραπεὶς
510 712 538 763 6
560 708 686 769 Υἱὸς
714 705 807 758 τοῦ
838 702 975 757 Θεοῦ
1004 704 1142 770 ὅπερ
1165 697 1256 771 ἦν,
1288 702 1508 767 ἐγένετο
1535 698 1734 769 βρέφος

142 808 300 874 ἐνστῇ
339 803 521 875 κοιλίᾳ
572 801 673 869 τῆς
718 796 971 868 Μητρός·
1008 794 1105 847 καὶ
1152 791 1490 875 ἀπετελέσθη
1540 790 1733 852 ἕνωσις

142 894 459 961 ἀδιαίρετος
492 874 585 944 παὶ
633 888 947 957 ἁσύγχυτος
993 884 1252 953 θεότητός
1278 874 1473 936 τεκαὶ
1519 880 1733 950 ἀνθρω-

143 985 404 1053 πὸτητος.
466 981 577 1034 Καὶ
630 979 739 1031 ἰδοῦ
788 978 816 1029 6
868 973 1163 1043 ἀσώματος
1208 973 1304 1025 καὶ
1354 970 1731 1040 ἁψηλὰφητος,

144 1074 550 1143 σεσωμὰτωται
600 1071 696 1122 καὶ
752 1065 1103 1136 ψηλαφᾶταιο
1151 1064 1247 1116 καὶ
1288 1064 1315 1116 6
1371 1062 1478 1132 πρὸ
1518 1061 1735 1113 πάντων

142 1166 251 1219 τῶν
288 1164 504 1218 αἰώνων
558 1165 623 1216 ὲκ
660 1160 753 1214 τοῦ
801 1159 1015 1230 Πατρὸς
1049 1155 1367 1225 γεννηθεὶς,
1409 1155 1519 1209 ἰδοὺ
1572 1152 1735 1215 αὐτὸς

144 1259 242 1311 καὶ
277 1260 344 1311 ὲκ
378 1256 477 1325 τῆς
510 1253 672 1322 ἁγίας
700 1253 978 1322 Παρθένου
1007 1246 1426 1320 σεσαρκωμένος
1455 1246 1732 1315 γεννᾶται.

144 1350 255 1405 Καὶ
282 1353 310 1403 ὀ
339 1349 450 1403 τῶν
478 1347 699 1401 κάλπιον
726 1344 833 1397 τῶν
864 1341 1155 1414 Πατρικῶν
1192 1340 1266 1411 μὴ
1296 1338 1609 1411 χωρισθεὶς,
1632 1339 1727 1391 καὶ

143 1444 210 1495 τὰ
246 1442 545 1507 σύμπαντα
576 1441 642 1509 τῇ
670 1437 901 1506 δυνάμει
928 1436 1029 1507 τῆς
1057 1433 1312 1503 θεότητος
1343 1432 1601 1501 συνέχων,
1632 1430 1728 1483 καὶ

142 1532 253 1585 τῶν
289 1531 513 1584 πάντων
541 1531 608 1598 τῇ
660 1528 1145 1598 παντοκρατορικῇ
1178 1524 1405 1593 δυνάμει
1447 1522 1739 1591 περιδρατ-

143 1626 394 1696 τόμενος,
422 1624 450 1675 6
480 1621 643 1683 αὐτὸς
666 1618 1093 1687 ὲνανθρωπήσας
1120 1620 1184 1670 ὲκ
1209 1617 1309 1686 τῆς
1339 1616 1500 1682 ἁγίας
1522 1613 1739 1683 Παρθέ-

143 1733 236 1769 νου
260 1716 357 1768 καὶ⁸
386 1712 691 1782 γεννηθεὶς,
719 1713 899 1764 κεῖται
924 1712 983 1762 ἑν
1012 1710 1188 1780 φάτνῃ
1214 1708 1424 1761 παιδίον
1455 1709 1741 1775 ἐσπαργα-

145 1811 413 1878 νωμένον,
471 1807 569 1875 τῆς
619 1805 780 1871 ἁγίας
816 1802 1094 1877 Παρθένου
1134 1800 1405 1871 παρθένου
1454 1799 1734 1868 μεινάσης.

142 1904 225 1958 Τὰ
249 1903 363 1973 γὰρ
393 1901 512 1954 θεῖα
554 1898 780 1952 τοιαῦτά
807 1898 946 1950 ἐστι.
984 1896 1199 1964 Ὠσπερ
1222 1894 1387 1964 γὰρή
1419 1894 1612 1953 ἒνωσις
1644 1890 1738 1959 τῆς
1769 1883 1814 1942 Β

147 1995 349 2065 σαρκὸς
374 1994 466 2046 καὶ
498 1993 602 2060 τῆς
637 1990 891 2058 θεότητος
920 1982 1670 2057 ἀνεξερεύνητος,οὕτως-καὶ
1703 1982 1737 2051 ἡ

145 2089 423 2155 γέννησις.
441 2082 707 2153 Ἐδυνήθη
730 2082 839 2150 γὰρ
870 2082 896 2134 ό
914 2079 1056 2142 θεῖος
1088 2079 1257 2145 Λόγος
1280 2078 1307 2130 6
1332 2074 1740 2144 παντοδύναμος

146 2180 289 2232 κατὰ
320 2174 582 2244 ἀλήθειαν
611 2171 965 2245 σαρκωθῆναι
997 2173 1089 2224 καὶ
1121 2169 1543 2240 ὲνανθρωπῆσαι
1580 2168 1637 2218 ὲν
1669 2168 1733 2235 τῇ

149 2266 425 2336 Δεσποίνῃ
458 2264 554 2317 καὶ
578 2262 907 2333 γεννηθῆναι
942 2262 1000 2327 ἐξ
1042 2259 1236 2329 αὐτῆς,
1268 2259 1364 2311 καὶ
1396 2258 1495 2327 τὴν
1533 2255 1739 2323 παρθε-

150 2360 269 2412 νίαν
308 2353 762 2426 έσφραγισμένην
794 2351 1155 2421 διαφυλάξαι.⁹
1193 2350 1385 2420 ὥσπερ
1416 2347 1510 2403 οὖν
1546 2348 1738 2419 ἁμέλει

150 2454 243 2505 aut
278 2451 390 2504 τῶν
432 2449 615 2521 θυρῶν
664 2446 1076 2518 κεκλεισμένων
1123 2445 1254 2518 ἔστη
1315 2447 1374 2499 ἑν
1432 2445 1584 2516 μέσῳ
1628 2443 1738 2495 τῶν

151 2542 440 2615 μαθητῶν.
1173 2609 1183 2619 _

214 2636 289 2708 η’.
328 2636 430 2689 Διὰ
460 2634 621 2689 τοῦτο
664 2636 699 2706 ὴ
749 2633 880 2701 ἁγία
914 2633 1008 2687 καὶ
1046 2630 1381 2701 ἁποστολικὴ
1440 2628 1739 2699 Ἐκκλησία

152 2732 330 2784 πάντα
369 2728 641 2789 εὐπειθῶς
666 2730 736 2780 τὰ
765 2728 886 2780 θεῖα
918 2726 1266 2794 ἀποδέχεται,
1297 2724 1472 2776 πάντα
1507 2723 1736 2785 πιστῶς,

149 2824 331 2874 πάντα
392 2820 906 2887 ἁπολυπραγμόνως
956 2814 1101 2869 σέϐει
1156 2816 1252 2869 καὶ
1293 2817 1593 2885 προσκυνεί
1640 2815 1736 2867 καὶ

148 2914 309 2985 τιμᾷ.
353 2914 530 2976 Αὐτὸς
562 2908 658 2965 οῦν
691 2914 719 2965 6
757 2910 887 2972 Υίὸς
926 2908 1026 2962 τοῦ
1063 2908 1198 2961 Θεοῦ
1238 2910 1265 2961 6
1297 2907 1547 2977 ἀληθινὸς
1584 2908 1738 2971 Θεδς,

148 3007 240 3059 διὰ
263 3008 369 3077 τὴν
395 3005 671 3075 ἡμετέραν
696 3004 971 3072 σωτηρίαν
998 3001 1207 3055 παιδίον
1228 2999 1529 3069 γεννηθεὶς,
1557 2997 1739 3065 αὔξειν

146 3078 373 3163 λὶγεται
426 3098 492 3167 τῇ
547 3096 652 3167 ἰδίᾳ
712 3094 900 3165 σαρκὶ,
946 3094 1017 3146 τὰ
1064 3093 1311 3163 ἡμέτερα
1369 3091 1739 3160 οἰκειούμενος

150 3184 458 3255 ἀδιάϐλητα
494 3185 642 3253 πάθη
664 3201 679 3215 ·
703 3185 800 3238 καὶ
829 3184 1162 3253 προκόπτειν
1198 3185 1362 3254 σοφίᾳ
1406 3184 1501 3236 καὶ
1553 3183 1740 3254 ἡλικίᾳ
1766 3228 1811 3286 C

148 3278 236 3331 διὰ
268 3278 371 3347 τὴν
406 3276 552 3330 κατὰ
604 3276 769 3346 μέρος
824 3274 1121 3340 ἀνάδειξιν,
1156 3276 1302 3337 ὅπως
1354 3276 1504 3347 δείξῃ
1538 3276 1740 3345 κυρίως

149 3371 249 3424 καὶ
291 3370 436 3423 κατὰ
496 3367 758 3439 ἀλήθειαν
809 3362 952 3420 εἶναι
1003 3369 1102 3435 τὴν
1160 3366 1598 3437 ένανθρὼπησιν.
1634 3368 1743 3420 Καὶ

150 3463 355 3534 κοπιᾷν
395 3461 637 3529 λέγεται,
673 3461 768 3513 καὶ
801 3461 993 3529 πεινῇν
1033 3458 1337 3534 καὶ-διψῇν,
1377 3462 1469 3511 καὶ
1502 3460 1614 3521 τοῖς
1645 3460 1743 3511 ἁν-

152 3531 400 3627 θρώποις
460 3555 978 3623 συναναστραφῆναι
1011 3589 1028 3614 ,
1087 3531 1303 3615 διδάξας
1347 3550 1444 3604 καὶ
1499 3550 1745 3618 φωτίσας

152 3647 336 3701 πάντα
384 3644 674 3716 ἄνθρωπον
702 3646 1001 3714 ἐρχόμενον
1053 3644 1135 3707 είς
1166 3642 1259 3696 τὸν
1308 3643 1535 3712 κόσμον.
1568 3642 1743 3706 Αὐτὸς

152 3740 263 3809 γαρ
293 3740 413 3790 ἐστι
441 3736 503 3788 τὺ
529 3726 645 3804 φώς
677 3735 741 3789 τδ
770 3735 1043 3806 ἀληθινόν.

226 3914 295 3969 θ’.
351 3914 557 3968 Λοιπδν
607 3911 663 3964 δὲ
712 3911 800 3964 διὰ
837 3911 937 3981 τὴν
970 3911 1207 3980 ἄμετρον
1240 3908 1403 3962 αὑτοῦ
1442 3907 1744 3977 φιλανθρω-

154 4012 307 4066 πίαν.
342 4009 438 4060 καὶ
466 4005 637 4058 ἔπαθε
666 4007 733 4075 τῇ
770 4004 879 4073 ἰδίᾳ
918 4004 1102 4074 σαρκί.
1133 4003 1304 4064 Αὐτὸς
1335 4003 1443 4071 γὰρ
1474 4003 1502 4053 6
1538 4000 1743 4072 Κύριος

150 4104 250 4168 τῆς
278 4098 441 4169 δόξης
467 4099 607 4168 ὑπὲρ
628 4098 783 4168 ἡμῶν
804 4096 1125 4166 ἐσταυρώθη
1147 4097 1240 4148 καὶ
1268 4094 1354 4168 l_P.
1383 4093 1512 4166 508]
1542 4094 1740 4162 πάσχει

156 4193 405 4262 ἀληθῶς.
442 4191 649 4260 Πάσχει
678 4190 785 4258 γὰρ
822 4190 881 4241 οὐ
924 4191 990 4257 τῇ
1031 4188 1268 4257 θεότητι,
1309 4188 1443 4241 ἀλλὰ
1471 4193 1536 4259 τῇ
1571 4186 1743 4240 ἀδιαι-

156 4288 329 4356 ρέτως
364 4281 705 4350 συναφθείσῃ
734 4279 886 4351 αὑτῷ
918 4279 1025 4349 ἰδίᾳ
1058 4280 1222 4350 σαρκὶ
1256 4278 1605 4347 έψυχωμένῃ,
1646 4277 1741 4329 καὶ

151 4378 529 4448 ἀποθνήσκει·
583 4375 683 4440 τῆς
734 4372 915 4442 ψυχῆς
950 4372 1196 4441 δηλονότι
1230 4372 1595 4442 χωρισθείσης
1644 4368 1739 4422 τοῦ

153 4472 435 4541 σώματος.
475 4468 537 4520 'll
567 4469 678 4537 γὰρ
706 4467 919 4536 θεότης,
951 4464 1255 4534 ἀδιαίρετος
1290 4464 1386 4517 καὶ
1410 4463 1739 4533 ἁσύγχυτος,

153 4570 244 4619 καὶ
266 4567 334 4635 τῇ
368 4562 517 4633 ψυχῇ
548 4561 805 4631 ἡνωμένη
835 4554 904 4629 ἦν
936 4558 1029 4610 καὶ
1058 4555 1135 4627 τῷ
1168 4554 1407 4625 σώματι.
1459 4555 1740 4624 Κατῆλθεν

153 4660 243 4715 οὖν
270 4660 301 4711 ὁ
320 4658 450 4718 Υἱὸς
473 4654 567 4708 τοῦ
594 4652 731 4705 Θεοῦ
755 4654 821 4722 τῇ
852 4651 957 4723 ἰδίᾳ
980 4650 1127 4720 ψυχῇ
1146 4649 1283 4719 πρὸς
1302 4650 1400 4709 τὰς
1430 4649 1538 4701 τῶν
1568 4649 1739 4717 ἁγίων

152 4752 356 4821 ψυχὰς,
396 4749 491 4800 καὶ
523 4745 687 4798 πάλιν
730 4745 953 4813 ἀνέστη,
994 4742 1095 4810 τῆς
1128 4741 1306 4811 ψυχῆς
1336 4740 1632 4811 ὲνωθείσης
1664 4741 1740 4811 τῷ

155 4841 399 4910 σώματι.
447 4834 671 4904 Ἀνέστη
703 4832 797 4886 οὖν
836 4834 865 4885 6
911 4831 1075 4895 αὐτὸς
1135 4830 1430 4901 μονογενὴς
1475 4831 1603 4894 Υἱὸς
1646 4832 1737 4885 τοῦ

153 4932 385 5000 Θεοῦτῇ
429 4928 538 5000 ἰδίᾳ
583 4927 851 4994 δυνάμειο
896 4923 1226 4988 Ἐξουσίαν
1254 4924 1366 4994 γὰρ
1402 4922 1541 4993 ἔχω,
1585 4926 1742 4993 φησι,

154 5021 269 5088 τὴν
293 5019 511 5089 ψυχήν
551 5033 672 5087 μου
706 5015 919 5081 θεῖναι,
951 5015 1048 5068 καὶ
1090 5014 1385 5077 ἐξουσίαν
1413 5015 1532 5083 ἔχω
1556 5014 1746 5069 ,πάλιν

154 5111 363 5166 λαϐεῖν
396 5112 508 5162 αὐτ
518 5108 612 5174 ἠν.

226 5211 283 5261 ι’.
326 5204 596 5265 Ἀναστὰς
622 5201 804 5255 τοίνυν
826 5203 853 5254 6
882 5202 1011 5265 Υἱὸς
1033 5202 1128 5255 τοῦ
1157 5204 1293 5258 Θεοῦ
1324 5206 1387 5258 ἐκ
1416 5204 1646 5273 νεκρῶν,
1678 5206 1743 5274 τῇ

160 5294 265 5365 ἰδίᾳ
296 5291 713 5365 ὲνανθρωπήσει
737 5291 1018 5362 ἀνελήφθη
1048 5295 1128 5356 εἰς
1149 5295 1276 5358 τοὺς
1306 5293 1601 5365 οὐρανούς·
1631 5296 1659 5348 6
1686 5295 1746 5347 τὸ

160 5387 290 5453 πρὶν
320 5382 639 5453 ἀσώματος,
684 5382 779 5436 νῦν
811 5383 840 5436 6
876 5383 1039 5446 αὐτὸς
1092 5386 1531 5457 σεσαρκωμένος.
1587 5383 1645 5437 '0
1686 5386 1747 5437 τὸ

160 5476 290 5543 πρὶν
326 5472 555 5536 ἁπλοῦς,
588 5473 684 5527 νῦν
713 5475 742 5527 6
787 5473 951 5536 αὐτὸς
1001 5472 1277 5535 σύνθετος,
1326 5472 1458 5536 Θεὸς
1486 5472 1623 5541 ὁμοῦ
1652 5481 1747 5525 και

159 5567 462 5639 δοθρωπος.
526 5567 691 5621 Μένει
745 5568 854 5636 γὰρ
898 5568 956 5619 ὲν
1020 5566 1170 5637 αὐτῴ
1220 5567 1380 5639 καὶὴ
1428 5566 1591 5635 φύσις
1649 5566 1747 5636 τῆς

231 5794 272 5826 ¹¹
297 5790 457 5845 Joau.
497 5805 589 5849 xx,
666 5787 752 5841 i9.
833 5787 875 5818 "
909 5786 1038 5840 Luc.
1076 5804 1134 5851 ιι,
1172 5789 1249 5843 i0.

168 5868 207 5899 ι’
246 5863 419 5919 itlor.
450 5877 510 5923 ll,
553 5863 603 5915 8.
680 5856 904 5913 "Joan.
944 5875 993 5922 κ,
1032 5860 1108 5912 l8.

1360 5789 1401 5820 ⁸³
1434 5786 1562 5842 Luc.
1593 5804 1653 5843 ιι.
1688 5789 1775 5843 5:2.

1833 608 2074 677 propria,
2110 609 2290 663 anima
2322 618 2508 664 utente
2533 609 2746 664 ratione
2771 619 2825 665 et
2860 620 3043 665 mente
3070 610 3318 681 praedita,
3354 613 3409 666 in

1832 716 1993 770 quem
2028 702 2178 754 nulla
2212 702 2413 755 cadant
2451 710 2732 756 crementa
2767 718 2782 755 :
2823 703 3069 773 nihilque
3101 701 3193 758 Dei
3226 701 3404 759 Filius

1834 800 2079 847 mutatus
2113 794 2181 846 ab
2210 808 2275 847 eo
2313 795 2458 862 quod
2493 802 2634 852 erat.
2686 795 2742 849 in
2779 792 2969 849 Matris
3014 804 3169 848 utero
3228 795 3414 851 infans

1834 882 2014 936 factus
2041 891 2158 949 est;
2195 881 2547 952 perfcrtaquc
2582 884 2818 938 indivisa
2852 895 2907 939 et
2963 885 3253 939 incout‘usa
3291 886 3414 940 dei-

1831 977 1963 1032 tatis
1999 991 2062 1030 ac
2098 976 2459 1032 humanitatis
2496 979 2624 1031 unio
2675 979 2819 1032 facta
2855 986 2961 1034 est.
3002 976 3065 1031 Et
3115 994 3264 1041 ecce,
3318 982 3410 1049 qui

1835 1068 2193 1139 incorporeus
2233 1080 2352 1134 est,
2378 1085 2477 1123 nec
2510 1069 2658 1139 tzmgi
2702 1079 2901 1139 potest.
2958 1079 3282 1139 corporatus
3328 1081 3414 1125 est

1835 1176 1900 1216 ac
1932 1170 2311 1216 contrectatnr
2350 1179 2364 1216 :
2397 1169 2450 1215 et
2476 1162 2568 1231 qui
2598 1178 2663 1217 ex
2703 1160 2864 1215 Patre
2905 1172 3032 1217 ante
3060 1162 3262 1217 siccula
3316 1177 3414 1231 ge-

1838 1251 1987 1306 nitus
2019 1260 2159 1314 erat,
2194 1268 2323 1307 ecce
2358 1253 2404 1307 is
2437 1254 2552 1323 ipse
2582 1269 2647 1309 ex
2681 1264 2869 1307 saneta
2911 1253 3132 1325 Virgine
3165 1256 3419 1307 incanta-

1839 1353 1925 1398 tus
1953 1345 2221 1399 nascitur.
2257 1344 2472 1415 Quique
2506 1348 2643 1401 adeo
2675 1358 2903 1416 paterno
2931 1348 3053 1401 sinu
3089 1363 3194 1402 nou
3221 1364 3415 1402 exces-

1843 1439 1936 1504 sit,
1979 1450 2290 1513 cunctaque
2335 1444 2556 1500 deitatis
2614 1445 2859 1514 potentia
2909 1445 3187 1507 continet,
3252 1454 3414 1514 atque

1842 1535 2090 1589 onmium
2124 1536 2542 1591 conservatrice
2568 1537 2772 1591 virtute
2820 1539 3005 1591 omnia
3037 1537 3420 1607 complectitur

1842 1625 2230 1695 astringitqne,
2266 1627 2384 1695 ipse
2410 1643 2475 1681 ex
2523 1637 2716 1682 sancta
2746 1625 2973 1697 Virgine
3021 1629 3200 1683 factus
3255 1629 3419 1683 homo

1841 1734 1906 1773 ac
1942 1731 2125 1782 natus,
2159 1721 2212 1774 in
2239 1722 2466 1790 praesvpi
2500 1720 2683 1776 infans
2713 1722 2908 1792 pannis
2947 1721 3228 1776 involutus
3250 1721 3418 1789 jacet,

1844 1821 2036 1864 sancta
2088 1810 2313 1881 Virgine
2351 1813 2561 1880 virgine
2624 1822 2999 1881 permanente.
3062 1811 3216 1868 Sicut
3272 1812 3419 1867 enim

1844 1902 1975 1957 ttuio
2005 1905 2193 1957 carnis
2227 1913 2281 1957 et
2314 1904 2537 1959 deitatis
2565 1904 2946 1960 inscrutabilis
2972 1916 3077 1970 est,
3118 1906 3198 1960 sic
3230 1914 3285 1960 et
3321 1919 3419 1957 na-

1842 1995 2032 2051 tivitas
2065 2011 2129 2051 ac
2164 2005 2375 2066 partus.
2415 1995 2599 2050 Potuit
2633 1997 2779 2051 enim
2805 1995 2899 2051 Dei
2953 1995 3190 2051 Verbum
3241 1998 3423 2051 omni-

1842 2095 2039 2157 potens
2077 2103 2203 2142 vcre
2230 2088 2507 2140 incarnari
2543 2102 2607 2140 ac
2648 2074 2822 2141 Ἰιοιιιο
2880 2088 2996 2142 ﬁeri
3066 2088 3119 2141 in
3172 2086 3420 2149 Domina,

1842 2194 2022 2249 exque
2055 2180 2145 2233 illa
2187 2180 2363 2241 nasci,
2421 2195 2484 2233 ac
2517 2180 2852 2249 virginitatis
2893 2180 3175 2251 signacula
3230 2180 3425 2234 incon-

1844 2286 2007 2326 cussa
2044 2288 2265 2327 servare
2297 2290 2309 2324 :
2351 2272 2812 2341 quemadmodum
2850 2273 3043 2342 utique
3082 2272 3289 2329 clausis
3331 2270 3421 2343 ja-

1843 2366 1972 2422 nuis
1994 2366 2142 2421 stetit
2177 2366 2230 2419 in
2269 2364 2450 2419 medio
2482 2364 2878 2435 discipulorum
2914 2366 2976 2418 ¹¹.

1909 2629 2108 2701 48ιὸ
2139 2628 2193 2684 8.
2226 2628 2592 2695 Quamobrem
2642 2637 2833 2686 sancta
2873 2638 2928 2685 et
2983 2631 3281 2700 apostolica
3317 2632 3425 2686 Ec-

1842 2721 2012 2777 clesia
2074 2731 2274 2777 cuncta
2333 2723 2554 2785 divina,
2591 2724 2760 2792 proba
2801 2724 2997 2794 recipit
3052 2723 3426 2790 credulitate;

1841 2825 2041 2869 cuncta
2099 2815 2224 2879 title,
2280 2824 2478 2869 cuneta
2546 2817 2692 2869 nulla
2726 2816 3054 2871 curiositate
3106 2824 3422 2879 veneratur,

1842 2908 2143 2977 ador-atquc
2174 2920 2228 2961 ct
2271 2908 2426 2962 colit.
2464 2909 2587 2978 Ipse
2644 2910 2813 2979 igitur
2875 2909 2967 2965 Dei
3035 2907 3205 2964 Filius
3256 2923 3427 2963 verus

1842 2997 2008 3065 Deus,
2048 3008 2271 3068 propter
2302 3009 2548 3053 nostram
2594 3002 2832 3055 salutem
2865 3001 3128 3071 puerulus
3176 2998 3423 3065 etii-ctus,

1842 3106 2097 3146 crescere
2130 3092 2337 3146 dicitur
2368 3108 2467 3146 sua
2495 3108 2663 3147 carne
2696 3095 2762 3154 ¹¹,
2812 3093 2906 3161 qui
2946 3093 3201 3148 videlicet
3256 3092 3431 3146 incul-

1848 3193 2005 3252 patos
2035 3193 2254 3238 nostros
2278 3184 2510 3238 aﬂ'eetus
2538 3199 2601 3237 ac
2634 3184 2925 3253 passiones
2954 3186 3008 3238 in
3039 3199 3099 3239 se
3133 3184 3425 3252 receperit.

1850 3274 2169 3344 Proﬁciebat
2202 3292 2423 3345 quoque
2469 3278 2734 3345 sapientia
2786 3288 2833 3331 et
2896 3287 3053 3331 a'tate
3100 3276 3165 3342 ",
3222 3277 3429 3331 idcirco

1849 3369 1994 3439 quod
2024 3370 2137 3422 haec
2172 3369 2431 3436 paulatitn
2455 3369 2774 3435 exhibebat,
2807 3376 2867 3422 tit
2897 3384 2956 3424 se
2980 3369 3197 3439 proprie
3218 3384 3281 3422 ac
3302 3384 3429 3424 vere

1851 3458 2130 3515 hominem
2169 3460 2373 3514 factum
2429 3459 2765 3516 ostenderet.
2818 3460 3020 3515 Fessus
3055 3474 3273 3529 quoque
3305 3473 3432 3515 esse

1850 3551 2056 3606 dicitur
2095 3552 2137 3584 "
2165 3561 2220 3606 et
2276 3552 2495 3606 esurire
2537 3562 2591 3605 et
2646 3551 2802 3607 sitire
2845 3552 2909 3617 ⁸⁸,
2971 3559 3026 3606 et
3069 3560 3432 3607 conversatus

1849 3660 1972 3699 esse
2004 3660 2127 3697 cum
2172 3645 2489 3698 hominibus
2520 3644 2584 3709 “,
2615 3644 2820 3700 docens
2852 3652 2906 3698 ct
2936 3643 3257 3698 illuminans
3309 3659 3433 3699 om-

1853 3755 1977 3791 nem
2013 3736 2293 3791 hominem
2334 3738 2644 3790 venientem
2703 3735 2756 3789 in
2816 3736 3083 3790 mundum
3110 3736 3176 3802 ",
3230 3736 3434 3806 quippe

1849 3829 1942 3899 qui
1989 3828 2105 3897 ipse
2141 3829 2230 3881 lux
2261 3842 2385 3882 vera
2419 3827 2711 3882 exsisteret
2747 3826 2811 3880 ¹⁸.

1921 3918 1977 3974 9.
2045 3917 2330 3972 Postremo
2362 3925 2545 3971 autem
2593 3925 2815 3986 preptcr
2859 3914 3184 3968 immensam
3215 3913 3431 3967 bonita-

1848 4018 1956 4062 tem
1999 4023 2182 4073 suam,
2210 4007 2376 4063 etiam
2405 4022 2570 4062 carne
2607 4007 2828 4078 propria
2861 4021 3063 4076 passus
3105 4013 3191 4060 est
3216 4005 3278 4059 ".
3313 4003 3432 4074 Ipse

1848 4102 1994 4157 enim
2027 4099 2291 4154 Dominus
2316 4099 2508 4170 gloria:
2558 4116 2657 4170 pro
2693 4099 2855 4155 nobis
2895 4114 3023 4154 vere
3054 4098 3207 4154 cruci
3238 4097 3432 4154 amnis

1848 4206 1904 4251 et
1948 4210 2142 4265 passus
2193 4204 2297 4248 est.
2345 4193 2557 4248 Patitur
2603 4193 2749 4249 enim
2784 4209 2893 4247 non
2927 4192 3149 4257 deitate,
3175 4191 3269 4247 sed
3305 4193 3429 4245 aui-

1849 4297 1993 4341 mata
2022 4301 2188 4341 carne
2245 4301 2343 4341 sua
2398 4286 2501 4340 sibi
2564 4286 2796 4340 indivise
2843 4286 3019 4349 unita,
3056 4300 3119 4340 ac
3164 4285 3428 4363 moritur;

1847 4380 2027 4433 anima
2050 4379 2262 4434 scilicet
2318 4385 2567 4445 separata
2618 4392 2648 4429 a
2679 4392 2931 4447 corpore.
2961 4374 3145 4432 Deitas
3193 4391 3431 4446 namque

1849 4470 2081 4541 indivisa
2109 4477 2165 4522 et
2219 4467 2533 4530 inconl‘usa,
2598 4474 2714 4519 tum
2770 4467 2987 4529 anitnzc,
3040 4474 3154 4519 tum
3211 4464 3428 4533 corpori

1776 4560 2102 4639 Deopulata
2160 4567 2301 4612 erat.
2378 4556 2671 4612 Descendit
2722 4556 2888 4627 igitur
2954 4554 3129 4611 Filius
3182 4555 3276 4630 Dei
3332 4571 3428 4610 sua

1847 4653 2027 4705 anima
2065 4659 2119 4704 et
2147 4659 2466 4704 sanctorum
2499 4652 2734 4711 animas,
2771 4665 2834 4703 ac
2878 4664 3076 4703 rursus
3111 4649 3428 4712 resurrexit,

1848 4744 2029 4797 anima
2063 4742 2213 4795 unita
2237 4740 2479 4810 corpori.
2503 4740 2755 4795 Surrexit
2789 4756 2917 4793 vero
2952 4741 3068 4810 ipse
3116 4741 3432 4808 unigenitus

1850 4835 1943 4888 Dei
1973 4833 2145 4888 Filius
2166 4834 2384 4901 propria
2437 4831 2638 4885 virtute
2668 4848 2683 4897 ;
2717 4829 3036 4886 Potestatem
3066 4832 3213 4886 enim
3242 4830 3432 4895 habeo,

1849 4928 2043 4997 inquit,
2066 4926 2293 4995 ponendi
2318 4926 2555 4978 animam
2600 4940 2791 4991 nteant,
2828 4934 2878 4979 et
2914 4932 3230 4994 potestatem
3268 4921 3435 4978 Italico

1850 5019 2039 5072 iterum
2065 5016 2306 5070 sumendi
2351 5031 2467 5068 eam
2492 5015 2559 5070 ".

1928 5194 2010 5249 10.
2032 5192 2367 5262 .Rcsurgens
2395 5194 2561 5265 igitur
2596 5211 2662 5248 ex
2724 5194 2958 5249 mortuis
2994 5192 3088 5248 Dei
3135 5191 3328 5253 Filius.
3363 5206 3426 5245 ea

1852 5287 2066 5342 ratione
2100 5301 2207 5356 qua
2259 5287 2422 5340 homo
2474 5286 2707 5352 exstitit,
2738 5287 2792 5340 in
2823 5287 2993 5341 cmlos
3029 5294 3281 5356 receptus
3315 5296 3432 5350 est;

1853 5378 2102 5449 quiante
2132 5377 2317 5432 carnis
2368 5394 2563 5449 expers
2607 5388 2747 5445 erat,
2802 5394 2948 5434 nunc
3011 5378 3153 5433 idem
3213 5393 3432 5431 carnem

1857 5470 2083 5527 indutus
2128 5489 2141 5525 :
2169 5472 2261 5540 qui
2296 5480 2422 5526 ante
2449 5473 2701 5542 simplex,
2738 5486 2883 5525 nunc
2916 5469 3055 5525 idem
3073 5470 3434 5539 compositus,

1860 5565 2003 5621 Deus
2038 5564 2201 5621 simul
2233 5575 2286 5620 et
2320 5565 2502 5620 homo.
2562 5563 2740 5619 Manet
2790 5564 2936 5620 enim
2974 5564 3027 5620 in
3083 5564 3202 5633 ipso
3235 5575 3432 5618 natura

1859 5788 1899 5819 “
1932 5785 2088 5842 Joan.
2127 5786 2271 5850 tv,ii.
2383 5785 2494 5817 ""7
2544 5785 2662 5840 liar.
2726 5787 2917 5853 tu,33.
3030 5786 3070 5819 "
3111 5785 3267 5845 Juan.
3304 5805 3343 5859 t,
3372 5794 3423 5847 9.
