4154 6450
101 383 200 455 531
1099 388 1202 451 ex
1237 387 1660 453 MIRACULIS
1699 387 2078 455 DEMETRII
2111 392 2338 456 MART.
3261 400 3365 470 52!

99 499 334 570 pretiosa
359 499 682 569 supellectile
717 517 734 559 :
763 514 881 558 cum
915 501 1043 572 ipse,
1073 503 1305 574 sociique
1337 501 1392 558 in
1431 517 1552 558 eum
1601 499 1818 558 modum
1843 505 2082 574 ;seroati,
2111 521 2229 561 cum
2268 504 2489 578 captivis
2529 505 2652 562 aliis
2687 504 2972 567 Saracenis
2993 507 3112 577 pari
3144 523 3363 568 numero

104 587 254 645 Tarsi
283 588 341 644 in
378 588 578 647 Cilicia
610 604 676 648 ea
704 605 850 648 more
873 600 1046 647 essent
1091 589 1476 648 commutandi.
1505 588 1738 646 Dederat
1777 589 1884 648 Leo
1912 591 2142 649 Allatius
2174 593 2230 649 in
2261 591 2582 667 Symmictls
2609 594 2718 651 suis
2748 609 2767 651 :
2799 595 2924 652 mihi
2956 595 3066 669 ipse
3090 612 3204 655 mea
3233 613 3364 656 oena

101 677 392 732 senionem
421 676 715 747 composui,
748 693 842 734 nec
865 676 1026 749 plura
1053 675 1344 735 admodum
1385 676 1558 748 (clara
1583 675 1717 735 adeo
1751 679 2083 755 narratione)
2112 681 2424 739 adnotanda
2463 681 2620 739 duxi.

165 760 305 819 Erat
329 764 480 820 aliud
505 769 646 836 quod
677 764 1018 822 succurrebat
1047 765 1100 821 in
1145 762 1548 831 Thessalonica,
1577 765 1787 839 imperii
1818 783 1912 839 per
1939 767 2052 824 hac
2094 777 2331 838 tempora
2353 769 2597 842 (ipsaque
2636 772 2931 844 anteriora)
2965 775 3152 842 ocello,
3180 793 3370 833 secun-

97 849 282 920 daque
309 851 596 922 dignitatis
636 853 957 920 cioitate,ab
991 855 1110 922 ipsa
1148 855 1476 922 imperante;
1513 862 1572 906 ut
1597 852 1854 907 nimirum
1893 861 2044 906 tanta
2083 853 2182 906 illa
2210 851 2270 908 S.
2313 851 2542 909 Joannis
2579 854 3066 912 Thessalonicensis
3103 861 3400 929 archiepi--

99 941 263 1008 scopi,
292 938 613 996 Iustiniano
637 941 832 1012 Magno
873 941 1243 1014 Mauricioque
1272 941 1710 1012 imperatoribus,
1751 942 1806 994 in
1851 957 1949 996 suo
1992 940 2260 995 Demetrio
2279 941 2592 1010 proferrem,
2629 943 2975 1014 deincepsque
3022 946 3135 999 alia
3170 950 3368 1002 secutis

99 1028 424 1098 temporibus
447 1031 554 1084 alio
582 1043 797 1099 auctore
813 1031 1099 1101 producta,
1135 1031 1328 1102 quibus
1352 1048 1454 1087 non
1479 1031 1640 1086 semel
1678 1037 1882 1084 tentata
1921 1031 2137 1093 civitas,
2163 1031 2278 1100 ipso
2313 1031 2626 1099 quandoque
2655 1031 2931 1102 Chagano,
2960 1036 3062 1102 ipsi
3101 1034 3368 1090 Mauricio

101 1119 608 1188 formidolosissimo
643 1121 811 1185 hoste,
837 1123 982 1176 omni
1011 1131 1203 1176 conatu
1230 1120 1660 1189 auxiliorumque
1707 1121 1861 1188 copia
1884 1120 2175 1184 obsidente,
2201 1121 2381 1174 divina
2413 1121 2616 1188 potius,
2644 1137 2804 1189 quam
2840 1125 3077 1176 humana
3111 1141 3208 1192 ope
3236 1126 3371 1179 libe-

106 1215 228 1261 rata
254 1217 336 1262 est
377 1221 397 1259 :
434 1208 634 1278 apertis
693 1210 874 1281 magni
931 1209 1187 1263 Demetrii
1251 1208 1575 1284 miraculis;
1619 1206 1733 1277 ejus
1779 1210 2006 1278 generis,
2049 1217 2107 1259 ut
2145 1224 2239 1264 nec
2273 1209 2693 1277 peruicacissimi
2724 1213 3370 1282 maximeque-increduli,

102 1295 262 1364 ﬁdem
293 1295 457 1365 facile
477 1297 706 1352 abnuere
725 1299 927 1366 possint
962 1314 981 1353 .'
1009 1315 1170 1370 quam
1202 1299 1258 1352 in
1297 1314 1421 1380 .rem
1448 1296 1661 1352 laudati
1689 1297 1789 1351 riri
1812 1297 2139 1350 sanctissimi
2167 1295 2397 1351 Joannis
2448 1298 2836 1367 archiepiscopi
2872 1300 3140 1354 industria
3169 1304 3374 1372 egregie

98 1383 381 1438 incumbit.
427 1383 548 1439 Etsi
567 1401 672 1440 non
697 1386 889 1440 desunt
916 1387 1166 1457 utrinque
1223 1394 1633 1457 stratagemata,
1666 1384 1892 1450 bellique
1925 1385 2174 1454 facinora
2220 1386 2478 1453 praeclare
2500 1387 2666 1442 edita.
2701 1387 2836 1453 Quae
2864 1388 3003 1457 forte
3028 1392 3228 1456 omnia,
3262 1394 3376 1444 alia

101 1487 132 1524 a
179 1487 263 1526 me
319 1474 620 1539 occasione,
670 1483 825 1529 erunt
877 1474 1240 1544 producenda,
1273 1485 1331 1529 ut
1369 1485 1420 1529 et
1449 1475 1642 1529 ultima
1686 1473 1926 1545 ejusdem
1977 1472 2124 1527 urbis
2149 1475 2471 1543 expugnatio
2508 1491 2540 1528 a
2572 1473 2780 1529 Joanne
2812 1477 3376 1549 Anagnosta.egregie

101 1559 406 1626 descripta,
424 1557 473 1613 Η
481 1563 528 1613 ie
558 1578 680 1616 vero
701 1562 1025 1630 parcendum
1055 1563 1185 1618 moli
1211 1563 1359 1627 libri,
1387 1579 1479 1632 per
1507 1579 1689 1634 quam,
1719 1577 1781 1615 ne
1806 1571 1963 1614 extra
2007 1570 2180 1615 metas
2213 1563 2500 1631 quidquam
2546 1578 2900 1629 excurrerem,
2925 1566 3055 1618 mihi
3077 1566 3188 1634 ipse
3209 1567 3376 1636 legem

101 1649 368 1714 imposui;
391 1658 442 1703 et
481 1658 538 1702 ut
558 1666 721 1705 unum
743 1651 1011 1706 duntaxat
1037 1668 1103 1707 ea:
1136 1652 1311 1721 spisso
1337 1651 1433 1705 illo
1457 1665 1612 1719 opere
1640 1659 1798 1720 caput
1825 1650 2192 1719 prtelibarem,
2211 1652 2354 1720 quod
2377 1650 2513 1703 hanc
2541 1651 2715 1719 ipsam
2745 1653 2937 1706 excisa
2969 1653 3116 1706 urbis
3145 1653 3377 1708 Thessa-

103 1738 290 1790 lonica:
315 1736 625 1804 historiam,
656 1749 888 1796 extremo
920 1741 1093 1794 limite
1121 1740 1354 1810 attingit.
1408 1738 1517 1793 Cur
1549 1754 1667 1793 vero
1712 1737 2032 1801 Demetrius,
2061 1747 2156 1793 .tot
2204 1739 2372 1792 modis
2428 1739 2692 1809 tantisque
2733 1739 2974 1794 hostibus
3004 1740 3131 1794 olim
3167 1757 3378 1796 servata

103 1838 197 1875 sua
254 1825 493 1888 ciuitate,
525 1826 687 1880 semel
717 1837 767 1880 et
805 1827 997 1881 iterum
1042 1843 1076 1881 a
1129 1823 1330 1880 Christi
1363 1826 1606 1880 hostibus
1635 1825 1799 1894 diripi
1831 1825 2032 1891 siverit,
2077 1841 2362 1896 eorumque
2398 1835 2664 1896 postremo
2697 1827 2858 1895 ﬁrma
2887 1831 3219 1899 possessione
3233 1832 3379 1901 juris

103 1911 238 1980 fieri,
268 1912 386 1966 alta
421 1912 520 1968 Dei
539 1915 749 1984 judicia
770 1924 891 1969 sunt
923 1930 944 1970 :
976 1932 1010 1968 (ι
1041 1915 1230 1984 quibus
1251 1923 1301 1968 et
1340 1913 1493 1968 nobis
1525 1914 1716 1968 merito
1751 1911 2043 1968 timendum
2080 1913 2175 1971 sit.

118 2085 1971 2115 -——————————I————_———

275 2229 378 2286 ΕΚ
413 2228 553 2283 ΤΩΝ
615 2228 746 2282 ΤΟΥ
785 2230 1228 2286 ΑΘΛΟΦΟΡΟΥ
1272 2229 1696 2285 ΔΠΜΗΤΡΙΟΥ
1724 2228 1825 2282 ΕΝ
1868 2227 2145 2298 ΜΕΡΙΚῌ
2171 2231 2533 2286 ΔΙΗΓΗΣΕΙ
2567 2231 3199 2290 ΘΔΥΜΑΤΟΥΡΓΙΩΝ.

1361 2501 1480 2561 ΕΧ
1529 2499 2117 2564 TRIUMPHALIS

490 2623 930 2685 MARTYRIS
971 2623 1412 2686 DEMETRH
1479 2624 1988 2689 SIGILLATIM
2053 2624 2480 2687 NARRATIS
2535 2627 3022 2696 MIRACULIS.

184 2911 272 2986 [9,
301 2911 437 2985 διδ]
479 2919 551 2966 α’.
583 2911 833 2982 Ἕτερον,
870 2905 916 2966 ὦ
950 2913 1239 2984 παρόντες,
1266 2913 1377 2968 τῶν
1407 2915 1506 2970 τοῦ
1533 2934 1702 2987 μεγα-

1881 2918 1934 2970 1.
1963 2913 2124 2969 Aliud
2150 2927 2315 2984 porro
2351 2911 2700 2984 (auditores)
2741 2913 2925 2983 magni
2958 2916 3220 2986 martyris
3254 2932 3387 2988 pro-

110 3007 455 3080 λομάρτυρος
503 3006 808 3078 τεραστίων
851 3007 1025 3076 λέγων
1069 3007 1325 3079 ἔρχομαι,
1376 3011 1484 3064 τῶν
1541 3013 1696 3084 εἰρη-

104 3099 290 3170 μένων
323 3099 468 3168 τάχα
505 3099 608 3152 οὐκ
639 3097 858 3151 ἔλαττον
878 3114 892 3128 ο
924 3097 1008 3170 [Ρ.
1030 3097 1158 3172 515]
1190 3101 1338 3164 ὅπως
1366 3101 1468 3172 μὲν
1497 3105 1532 3174 ἡ
1563 3106 1700 3159 Θεσ-

113 3193 371 3262 σαλονίκη
399 3193 614 3262 χρόνοις
637 3191 857 3254 πολλοῖς
891 3193 1158 3264 πρότερον
1193 3193 1297 3247 ὑπὸ
1324 3195 1434 3248 τῶν
1455 3195 1556 3266 τῆς
1574 3196 1698 3252 δού-

111 3287 204 3355 λης
238 3285 386 3339 ἑάλω
433 3286 666 3350 τέκνων,
693 3287 794 3356 τῆς
832 3286 1035 3357 Ἅγαρ,
1070 3287 1168 3340 καὶ
1213 3288 1495 3359 μαχαίρας
1538 3290 1699 3361 ἔργον

111 3381 351 3450 ἐγένετο,
397 3380 630 3442 Λέοντος
671 3381 740 3433 τὰ
799 3380 1055 3453 σκῆπτρα
1098 3381 1398 3450 διέποντος,
1433 3384 1699 3456 κρίμασιν

111 3467 188 3537 οἷς
214 3473 380 3536 αὐτὸς
413 3471 574 3541 μόνος
603 3471 940 3543 ἀπορρήτοις
974 3472 1293 3540 ἐπίστασαι,
1327 3473 1525 3545 Κύριε,
1553 3492 1699 3546 παρ-

116 3567 236 3621 ιδὼν
281 3567 350 3620 τὰ
388 3564 641 3626 τοιαῦτα.
675 3565 769 3618 καὶ
799 3563 946 3618 οὕτω
973 3564 1064 3619 διὰ
1089 3565 1190 3630 τὰς
1211 3568 1488 3639 ἡμετέρας
1515 3569 1698 3639 ἁμαρ-

111 3660 230 3723 τίας
277 3658 539 3728 γενέσθαι
578 3656 1163 3729 διοικονομησάμενος,
1193 3658 1351 3713 ἄλλαι
1383 3676 1443 3712 τε
1483 3661 1701 3724 πάντως

111 3750 329 3822 δηλοῦσι
377 3747 620 3821 γραφαί·
658 3748 814 3820 καὶὴ
855 3749 1045 3820 μνήμη
1095 3749 1446 3821 διαρῤέουσα.
1487 3749 1566 3805 ἔτι
1604 3749 1701 3805 καὶ

117 3841 206 3897 νῦν
233 3843 304 3896 τὰ
335 3840 726 3914 ἑπισυμῦάντα
755 3839 1064 3912 τηνικαῦτα
1096 3841 1486 3914 ἰπιτραγῳδεϊ.

180 4027 250 4106 β.
289 4029 430 4088 Κατ’
458 4028 624 4084 αὐτὸν
651 4026 744 4082 οὖν
788 4025 881 4082 τὸν
923 4027 1116 4099 καιρὸν
1145 4026 1245 4098 τῆς
1284 4027 1560 4094 ἁλώσεως,
1603 4026 1701 4083 ἄν·

110 4120 329 4208 ορωπυι
353 4138 504 4187 τινες
560 4120 866 4178 Ἰταλιῶται
909 4120 1011 4191 τῆς
1045 4121 1253 4175 ian-stin:
1295 4120 1702 4190 ὶξορμήσαντις

114 4217 280 4288 εὐχῆς
331 4217 543 4280 ἕνεκεν,
575 4216 672 4268 καὶ
733 4214 974 4285 ἱστορίας
1026 4212 1136 4266 τῶν
1180 4213 1506 4283 ἑκασταχόθι
1533 4213 1698 4280 ναῶν⁹

234 4281 306 4380 δὴ
341 4311 480 4380 πρὸς
507 4309 640 4362 αὐτὸ
659 4308 720 4361 τὸ
750 4281 1034 4379 ζωηφόρον
1065 4305 1333 4368 τείνοντες
1365 4281 1576 4376 μνῆμα,
1601 4307 1698 4378 τὴν
1732 4281 1772 4336 Β

114 4408 238 4461 εὐθὺ
263 4407 405 4470 τέως
435 4404 530 4459 τοῦ
562 4405 864 4476 μαρτυρίου
883 4405 1139 4476 ἀνῄεσαν.
1170 4404 1278 4457 Καὶ
1300 4404 1531 4475 ἐπείπερ
1557 4402 1698 4457 αὐτὰ

114 4498 171 4569 δὴ
216 4499 342 4551 τότε
391 4496 461 4549 τὰ
492 4496 693 4568 Τέμπη
731 4495 990 4560 διεξιέναι
1027 4493 1237 4558 τούτοις
1270 4494 1425 4564 ἔτυχε
1469 4496 1539 4548 τὰ
1563 4494 1695 4547 Θετο

114 4588 331 4650 ταλικὰ,
352 4589 500 4658 ἀνήρ
524 4605 609 4649 τις
633 4588 910 4655 ἄγνωστος
932 4586 1114 4650 αὐτοῖς
1143 4586 1410 4656 πρότερον
1430 4586 1523 4638 καὶ
1547 4585 1700 4638 οὔπω

113 4682 472 4753 τεθεαμένος,
527 4680 848 4750 καθεωρᾶτο
900 4679 1332 4750 συνοδοιποριῖη,
1369 4678 1556 4742 πολιὸς
1601 4680 1701 4748 τὴν

116 4777 295 4847 τρίχα,
328 4775 432 4846 τὴν
463 4775 588 4844 ὄψιν
624 4774 830 4845 ἱλαρὸς,
861 4773 961 4843 τὴν
1000 4773 1299 4844 περιϐολὴν
1335 4773 1535 4842 σεμνός
1555 4786 1570 4799 '
1603 4772 1698 4826 καὶ

116 4872 176 4940 τῇ
230 4869 331 4939 Θὲᾳ
376 4869 538 4938 μόνῃ,
584 4867 722 4920 πολὺ
773 4867 833 4920 τδ
891 4865 1188 4936 σεϐάσμιον
1240 4866 1556 4933 ὑποφαίνων
1605 4866 1700 4917 καὶ

118 4964 312 5028 πρᾶον.
355 4957 493 5015 Εἶτα
547 4961 736 5032 ἱτερός
781 4977 864 5023 τις
908 4959 1162 5029 ἐφαίνετο
1210 4958 1346 5029 πρὸς
1396 4958 1592 5019 αὐτοὺς
1636 4958 1700 5010 ἐκ

118 5053 206 5108 τοῦ
239 5055 435 5126 πρόσω
474 5051 669 5116 ἐπιὼν,
718 5053 952 5121 ἱππότης
981 5050 1182 5122 ὡραῖος
1231 5051 1330 5120 μὲν
1352 5050 1452 5103 ὅσα
1497 5048 1698 5102 Θεάσα-

119 5141 264 5204 σθαι,
304 5140 405 5194 καὶ
448 5140 585 5194 πολὺ
615 5140 677 5198 τὸ
722 5141 788 5193 ὲκ
835 5139 1051 5209 φύσεως
1082 5139 1375 5210 ἐπιτερπὲς
1424 5138 1564 5208 ἔχων
1606 5139 1702 5192 καὶ

120 5233 342 5304 χαρίενο
379 5233 636 5303 κατηφὴς
675 5232 734 5286 δὲ
779 5234 872 5285 καὶ
905 5231 1307 5303 μαραινόμενον
1336 5231 1398 5284 τὸ
1432 5233 1531 5299 τῆς
1571 5247 1699 5298 «pat-

120 5326 381 5396 δρότητος
404 5324 692 5395 ὑποδηλῶν
721 5323 988 5395 χαροπόν,
1015 5324 1110 5378 καὶ
1143 5323 1336 5394 ὥσπερ
1364 5323 1473 5378 τινὶ⁷
1512 5322 1702 5376 πένθει

119 5419 492 5490 ἀπαρακλήτῳ
512 5417 994 5489 καταϐεϐλημένον
1017 5419 1112 5471 καὶ
1138 5414 1667 5488 ὲπιστυγναζόμενον
1684 5432 1698 5446 °

121 5509 198 5577 ὃς,
224 5511 422 5579 ὁμοίαν
461 5513 527 5581 τῇ
556 5509 676 5580 ὄψει
711 5511 807 5564 καὶ
837 5509 1023 5581 φωνὴν
1065 5510 1247 5577 ἀφεὶς,
1287 5509 1701 5582 προσηγόρευσε

123 5617 182 5654 τε
210 5603 480 5674 πρότερον
508 5602 601 5655 τὸν
640 5602 978 5673 πρεσϐύτην,
1008 5599 1303 5671 Ἀχίλλειον
1342 5598 1533 5654 τοῦτον
1569 5617 1704 5654 κατ-

124 5697 420 5767 ονομάτας,
475 5697 592 5759 καὶ,
648 5697 775 5751 Ποῦ
825 5696 1092 5765 «opaea;
1127 5695 1384 5766 ἐπήρετο.
1447 5693 1590 5762 Ἐγὼ
1631 5692 1702 5747 δὲ

126 5785 236 5853 τὴν
262 5788 415 5858 πρὸς
448 5788 546 5853 σὲ,
592 5788 674 5854 ὡς
705 5785 871 5857 ὁρᾷς,
902 5787 1124 5851 διεξίω.
1165 5789 1275 5841 Καὶ
1315 5789 1343 5840 ὁ
1388 5786 1702 5859 πρεσϐύτης

128 5881 440 5954 περιχαρῶς
487 5881 1000 5951 ἀντασπασάμενος,
1033 5882 1347 5952 Δημήτριον
1386 5880 1573 5934 τοῦτον
1605 5897 1706 5936 κα-

444 5984 718 6044 Ριτιιοι.
768 5983 886 6044 Gn.
935 5983 1096 6057 CIX.

1801 3007 2075 3079 digiorum
2110 3014 2442 3062 narraturus
2477 3005 2680 3061 accedo
2728 3024 2743 3060 :
2784 3010 2929 3078 quod
2961 3009 3164 3078 ipsum,
3195 3027 3386 3071 eorum

1802 3116 1923 3171 qua:
1941 3101 2086 3157 dicta
2109 3107 2262 3166 sunt,
2291 3099 2428 3154 nulli
2454 3098 2688 3154 forsitan
2711 3098 2906 3154 cedere
2933 3101 3210 3160 videatur.
3241 3104 3386 3160 Sane

1801 3209 1963 3266 quem
1995 3193 2051 3248 in
2088 3193 2310 3248 modum
2342 3202 2470 3248 ante
2494 3208 2670 3248 annos
2706 3179 2893 3263 plures
2934 3195 3067 3249 urbs
3096 3195 3388 3254 Thessalo-

1803 3285 1950 3353 nica,
1970 3285 2039 3341 ab
2068 3284 2281 3340 ancilla:
2305 3283 2432 3339 liliis
2469 3283 2552 3356 (i.
2582 3300 2634 3340 e.
2669 3284 2850 3356 Agar)
2881 3296 3042 3358 capta
3077 3287 3240 3344 fuerit
3270 3290 3389 3360 gla-

1802 3378 2005 3450 dioque
2033 3378 2244 3445 excisa,
2297 3375 2480 3433 Leone
2532 3377 2750 3448 imperii
2804 3387 3017 3449 sceptra
3066 3382 3390 3448 moderante

1804 3471 2028 3541 (quibus
2057 3477 2117 3525 tu
2149 3471 2304 3526 solus
2332 3469 2450 3539 ipse
2478 3466 2972 3538 inenarrabilibus,
2999 3469 3252 3540 Domine,
3288 3490 3388 3531 no-

1804 3565 1875 3618 sti
1909 3563 2158 3634 judiciis,
2194 3562 2326 3617 talia
2375 3562 2468 3617 illa
2520 3562 2855 3632 despiciens,
2898 3564 3064 3634 inque
3093 3581 3218 3620 cum
3269 3584 3390 3623 mo-

1804 3659 1957 3724 dum,
1989 3665 2144 3712 certa
2172 3653 2394 3710 consilii
2437 3655 2674 3719 ratione,
2703 3655 2776 3711 ob
2805 3657 3015 3712 scelera
3051 3666 3266 3722 nostra.
3293 3675 3384 3716 res

1800 3749 2023 3807 evenire
2050 3748 2397 3818 disponens),
2426 3754 2540 3801 tum
2567 3745 2663 3800 alii
2688 3747 2914 3803 omnino
2940 3749 3236 3820 conscripti
3262 3751 3388 3806 libri

1803 3840 2026 3907 docent,
2056 3847 2170 3895 tum
2197 3837 2464 3894 memoris
2496 3834 2776 3900 dimuens.
2798 3852 2863 3894 ea
2890 3853 3013 3909 quae
3050 3849 3182 3895 tunc
3206 3844 3388 3897 conti-

1803 3939 2025 4005 gerunt,
2050 3931 2352 3989 etiamnum
2389 3928 2821 3986 lamentabiliter
2848 3927 3030 3986 deﬂet.

1874 4024 1929 4081 2.
1965 4025 2092 4097 ipso
2119 4023 2288 4095 igitur
2317 4031 2566 4094 tempore
2587 4036 2699 4095 quo
2724 4030 2883 4095 capta
2912 4022 3045 4081 urbs
3086 4039 3150 4082 ac
3176 4025 3386 4097 direpta

1802 4126 1913 4180 est,
1945 4117 2046 4171 viri
2083 4116 2307 4187 quidam
2370 4114 2512 4179 itali,
2554 4112 2670 4168 voti
2713 4127 2905 4179 causa,
2934 4129 2966 4168 e
2994 4116 3113 4169 suis
3164 4116 3388 4172 sedibus

1806 4210 2094 4280 patriaque
2124 4205 2382 4279 profecti,
2407 4215 2463 4262 et
2477 4207 2543 4262 ad
2571 4205 2910 4272 lustrandas,
2941 4221 3064 4277 qua:
3079 4207 3203 4262 aliis
3229 4210 3387 4265 aliis-

1803 4316 1910 4373 que
1959 4300 2097 4356 locis
2143 4307 2407 4366 exstant,
2444 4299 2788 4355 venerandae
2845 4298 2989 4355 cedes
3035 4314 3099 4356 ac
3159 4304 3384 4372 templa.

1805 4393 2190 4464 iliquef-adeo,
2237 4408 2364 4448 cum
2413 4390 2690 4448 viviﬂcum
2743 4392 2922 4462 ipsum
2966 4401 3385 4446 monumentum

1807 4487 1992 4540 animo
2047 4484 2447 4551 destinassent,
2503 4491 2654 4539 recta
2699 4484 2965 4538 hactenus
3013 4482 3078 4536 ad
3126 4486 3386 4554 martyris

1802 4578 1996 4642 :edem,
2027 4578 2132 4633 iter
2156 4576 2582 4632 contendebant.
2613 4575 2886 4646 Quodque
2916 4575 3030 4645 jam
3063 4574 3384 4632 Thessalica

1804 4671 1920 4741 ipsa
1953 4670 2157 4739 Tempe
2195 4671 2467 4725 transisse
2503 4684 2599 4725 eos
2649 4670 2979 4739 contigerat,
3021 4669 3105 4722 vir
3138 4670 3384 4737 quidam,

1805 4763 1941 4833 ipsis
1992 4763 2147 4831 prius
2195 4762 2438 4832 ignotus,
2483 4775 2549 4815 ac
2600 4775 2765 4831 quem
2818 4760 3062 4815 nondum
3113 4762 3384 4824 viderant,

1805 4874 1912 4912 una
1948 4858 2029 4913 eis
2060 4859 2160 4911 viae
2188 4871 2376 4912 comes
2398 4856 2624 4927 adiungi
2650 4855 3009 4924 conspicitur,
3040 4855 3156 4924 ipse
3186 4871 3380 4917 canus.

1805 4951 1966 5007 hilari
2000 4951 2173 5011 vultu.
2207 4949 2360 5020 gravi
2387 4949 2747 5016 modesteque
2776 4948 2980 5002 amictu
3009 4965 3023 5013 ;
3077 4962 3139 5001 ac
3181 4948 3276 5018 qui
3317 4965 3383 5004 ex

1804 5043 1925 5113 ipso
1953 5057 2047 5096 ore
2083 5039 2450 5096 venerabilem
2481 5039 2778 5095 admodum
2827 5040 3125 5108 mitemque
3157 5039 3385 5108 praeter.

1803 5147 1906 5190 ret.
1942 5133 2193 5203 Tumque
2246 5133 2391 5190 alius
2434 5131 2658 5204 quidam
2686 5145 2858 5202 eques
2881 5130 3150 5194 cernitur,
3189 5129 3327 5200 ipsis
3355 5148 3384 5183 ει

1805 5226 1989 5280 fronte
2021 5238 2327 5279 occurrens
2355 5239 2370 5289 ;
2403 5222 2524 5294 ipse
2551 5221 2800 5294 quidem,
2832 5229 3100 5291 quantum
3126 5229 3385 5290 aspectus

1805 5320 2056 5386 ferebat,
2105 5319 2384 5375 formosus
2411 5359 2428 5386 ,
2473 5333 2651 5389 exque
2691 5317 2876 5373 indole
2903 5317 3184 5385 iucundus
3227 5315 3385 5371 valde

1804 5414 2119 5484 multasque
2146 5413 2353 5482 gratias
2378 5413 2625 5479 habens;
2667 5426 2792 5466 cum
2819 5410 2944 5481 ejus
2975 5413 3156 5464 vultus
3174 5410 3381 5475 jucun-

1805 5507 2035 5563 ditatem
2095 5505 2269 5562 oﬂusa
2297 5503 2617 5561 mcestitudo
2649 5504 2926 5574 obtegeret
2975 5517 3254 5572 propeque
3299 5517 3387 5554 cx-

1809 5601 2134 5672 stingueret,
2155 5615 2219 5654 ac
2246 5599 2394 5654 velut
2417 5598 2565 5652 luctu
2595 5596 2833 5666 quodam
2855 5596 3257 5661 inconsolabili,
3293 5611 3385 5672 gc-

1808 5695 2010 5751 mentis
2034 5693 2226 5748 habitu
2263 5700 2530 5764 gestuque
2568 5692 2744 5762 ipsius
2776 5692 2866 5744 lux
2907 5691 3147 5760 collapsa
3188 5700 3335 5745 esset
3367 5704 3386 5745 ι

1805 5786 1895 5841 cui
1921 5793 1974 5841 et
2006 5785 2220 5841 alliuem
2252 5799 2442 5840 vocem
2469 5783 2662 5849 edens,
2691 5793 2817 5838 ante
2844 5783 3027 5838 omnia
3052 5784 3205 5853 gravi
3229 5792 3390 5838 aetate

1812 5893 1998 5936 senem
2048 5877 2200 5934 illum
2238 5877 2584 5949 (Acbilleum
2621 5876 2854 5946 vocans)
2889 5890 2952 5930 ac
2995 5889 3236 5946 quonam
3283 5872 3389 5933 iret

2958 5973 3032 6035 17
