4154 6450
773 364 877 435 523

1997 353 2181 419 JOA‘N
2191 351 2332 418 NES
2362 352 2613 417 CAMEN
2625 352 2791 418 IATA

3911 355 4017 423 524

773 476 1173 542 sciscitabatur.
1212 471 1322 549 Ego
1356 485 1495 541 me,
1525 476 1584 528 ut
1612 468 1776 536 rides.
1821 465 1888 524 ad
1926 476 1975 525 te
2011 466 2338 546 proﬁciscor,

2452 465 2631 534 λίσας,
2661 465 2755 522 καὶ
2808 464 2981 538 μέγαν
3021 464 3115 522 τοῦ
3167 465 3454 524 ἀθλοθέτου
3496 467 3800 543 ἀγωνιστήν
3843 486 4016 544 προο-

773 570 911 630 Tum
941 581 1106 628 senes
1157 563 1403 624 vicissim
1460 562 1660 638 gaudio
1710 559 2064 641 esosculatus
2119 555 2342 632 (Deme-

773 663 939 722 trium
998 658 1175 733 Ipsum
1233 670 1462 728 vocans,
1531 651 1850 725 addensque
1895 647 2246 724 prumlorum
2279 661 2344 707 ac

772 749 1423 824 certaminum-positoris
1455 759 1714 819 magnum
1743 741 2029 806 athletam)
2065 740 2182 812 Ipse
2206 754 2343 812 quo-

771 860 880 918 que
926 843 1112 901 statim
1135 841 1474 902 sciscitatur,
1502 850 1624 908 qua
1640 849 1808 891 causa
1832 833 1904 890 sit
1935 832 2016 888 sic
2041 830 2234 888 offusae
2261 829 2344 886 ori

774 933 1051 993 mmstitise
1079 931 1385 1001 delectique
1401 928 1569 985 auimi
1592 941 1656 983 ac
1679 924 1935 982 immanis
1965 923 2224 979 tristitia.
2259 920 2372 1008 Ad.

777 1039 940 1095 quem
976 1031 1224 1092 martyr:
1255 1018 1454 1084 Periit,
1483 1017 1687 1088 inquit,
1728 1014 1859 1070 nti/ti
1883 1014 2083 1084 patria,
2125 1011 2346 1083 jamque

777 1116 842 1171 ab
867 1115 1234 1169 universorum
1259 1107 1456 1168 Judice
1482 1107 1766 1178 reprobata
1802 1113 1880 1160 est
1913 1113 2067 1175 atque
2092 1103 2346 1172 projecta.

778 1207 1024 1262 Cruenta
1049 1219 1260 1268 manus,
1287 1199 1604 1270 barbarique
1643 1215 1705 1253 ac
1736 1197 1942 1262 sicarii,
1967 1211 2108 1250 meos
2131 1194 2345 1249 clientes

776 1315 840 1353 ac
861 1296 1079 1351 tribules
1101 1296 1333 1362 captivos
1360 1292 1626 1346 abduxere
1650 1306 1668 1344 :
1694 1305 1864 1344 meum
1914 1304 2051 1342 nunc
2071 1288 2348 1342 delubrum
2375 1344 2380 1350 ,

775 1390 967 1443 tioium
990 1385 1268 1440 cruoribus
1310 1383 1680 1437 circumluitur
1708 1396 1727 1435 :
1757 1380 1978 1449 impuris
2012 1380 2349 1450 prolanisque

775 1478 995 1550 pedibus
1028 1484 1215 1531 sancta
1263 1473 1544 1528 calcantur
1593 1471 2016 1540 contemptuique
2060 1469 2346 1550 .ltabentur.

773 1544 938 1644 £85
971 1569 1043 1624 Ac
1074 1584 1165 1639 ego
1204 1567 1439 1639 quidem,
1471 1565 1612 1636 quod
1643 1566 1719 1617 ita
1744 1562 1946 1632 pridem
1973 1544 2164 1617 solitus
2204 1575 2342 1623 sum,

774 1662 1103 1731 supplicibus
1133 1662 1266 1713 cotis
1293 1658 1462 1712 Deum
1491 1659 1802 1718 exorabant,
1826 1655 1986 1708 etiam
2009 1663 2162 1723 atque
2185 1652 2347 1706 etiam

2443 555 2636 623 ιιπὼν.
2662 556 2762 632 τὴν
2789 556 2886 614 σὺν
2917 555 3121 632 σπουδῇ
3151 558 3245 616 καὶ
3273 557 3432 626 αὐτὸς
3460 557 3736 634 ἀνηρώτα,
3771 561 3799 618 δ
3827 577 3881 617 τι
3919 561 4006 636 είη

2443 647 2505 705 τδ
2549 649 2720 706 αίτιον
2776 647 2871 706 τοῦ
2924 647 3375 724 σκυθρωπασμοΰ
3447 649 3542 707 καὶ
3591 650 3694 723 τῆς
3748 651 4019 727 τοσαύτης

2447 741 2749 814 κατηφείας
2784 742 2875 797 καὶ
2905 740 3105 814 λύπης.
3144 742 3253 798 Καὶ
3292 742 3321 798 δ
3346 742 3578 818 μάρτυς,
3629 744 3866 815 οἴχεταί
3891 762 4018 818 μοι,

2446 831 2668 905 ῐφησεν,
2707 831 2745 900 ἡ
2801 832 3034 902 πατρίς,
3099 832 3199 888 καὶ
3253 832 3416 903 παρὰ
3466 831 3546 902 τῷ
3594 833 3852 906 δικαστῇ
3900 835 4023 893 τῶν

2447 921 2606 979 ὅλων
2646 919 2762 990 ἤδη
2798 921 3224 991 κατέγνωσται.
3277 923 3479 993 Χεῖρες
3517 923 3878 996 ἀνδροφόνοι
3920 925 4022 980 και

2440 1011 2734 1082 ,βάρϐαροι
2773 1011 2918 1078 τοὺς
2947 1011 3214 1082 φυλέτας
3254 1012 3802 1082 ἠνδραποδίσαντο.
3835 1017 4022 1086 Αἵμα-

2448 1121 2553 1160 σιν
2582 1106 2914 1176 ὁμοφύλοις
2938 1106 3298 1176 περιρῤεἷταί
3320 1125 3421 1178 μοι
3452 1107 3569 1163 νῦν
3595 1113 3627 1164 ό
3659 1111 3853 1178 σηκός
3874 1126 3891 1142 ο
3919 1109 4024 1176 βε-

2448 1197 2657 1264 ϐήλοις
2698 1197 2795 1252 καί
2835 1197 3122 1266 ἀνάτνοις
3155 1199 3300 1252 ποσί
3355 1199 3623 1254 πατεῖται
3658 1200 3730 1255 τὰ
3765 1201 3890 1268 ιερὰ
3923 1200 4024 1254 και

2447 1289 2875 1355 ἐξουδένωται·
2924 1288 3086 1361 κάγὼ
3130 1291 3249 1358 μὲν
3285 1290 3353 1346 τὸ
3409 1290 3579 1346 Θεῖον
3623 1291 4025 1360 sesath

2449 1382 2752 1451 συνήθως,
2790 1385 2877 1450 εις
2917 1383 3094 1438 ἔλεον
3137 1383 3256 1439 τῶν
3296 1384 3688 1454 ἠτυχηκότων
3729 1385 4025 1439 ἐκκαλού-

2443 1493 2652 1547 μενος,
2715 1475 2812 1530 καὶ
2874 1472 3080 1531 οἶκτον
3129 1472 3302 1544 αὖθις
3351 1476 3558 1531 λαϐεῖν
3612 1477 4022 1546 παρῃτούμην,

2448 1569 2610 1624 ἀλλὰ
2630 1569 2718 1638 μὴ
2744 1567 2826 1636 ἢν
2849 1569 3045 1637 οἰκείῳ
3071 1570 3271 1639 αἵματι
3300 1568 3384 1642 [Ρ.
3403 1568 3528 1643 516]
3558 1569 4026 1638 περιεποιήσατο

2463 1661 2859 1728 Ἐκκλησίαν,
2885 1663 3204 1731 Βαρϐάρων
3235 1662 3604 1730 ίσχύϊμόνον
3633 1662 4021 1722 πεποιθότων,

775 1758 845 1810 ad
882 1759 1196 1811 miserorum
1229 1752 1654 1808 misericordiam
1705 1765 2024 1818 provocans;
2057 1757 2106 1802 et
2132 1755 2188 1800 ut
2221 1763 2344 1801 rur-

2452 1750 2668 1806 ἀλλόὐ
2685 1750 2824 1816 Θεῷ,
2857 1751 3134 1819 παριδεῖν
3147 1751 3600 1820 διασπασθῆναι
3629 1752 3857 1822 χερσίν.
3881 1751 3936 1804 '0
3957 1749 4027 1804 δὲ

775 1865 865 1904 sus
895 1847 1240 1902 miseratione
1270 1845 1572 1908 duceretur,
1627 1842 1979 1914 eﬂiagitabam
2008 1856 2026 1895 :
2061 1856 2152 1894 nec
2187 1855 2349 1909 quam

776 1957 872 1996 suo
894 1940 1006 2008 ipse
1035 1939 1291 2010 sanguine
1312 1936 1701 2007 acquisivisset,
1732 1933 2048 1995 Ecclesium,
2079 1930 2351 1986 Barbaro-

774 2046 893 2086 rum
932 2030 1175 2084 manibus
1205 2027 1387 2082 divelli
1429 2028 1622 2081 sineret
1661 2034 1815 2096 atque
1853 2023 2103 2091 distrahi,
2154 2024 2242 2094 qui
2283 2023 2342 2077 in

774 2139 871 2178 suo
901 2122 1168 2176 duntaxat
1215 2121 1421 2184 robore,
1454 2136 1557 2174 non
1592 2120 1645 2173 in
1701 2118 1810 2172 Deo
1846 2116 2141 2184 conﬁdunt.
2185 2113 2344 2169 Secus

772 2216 885 2284 ipse
915 2214 1105 2284 (cujus
1129 2215 1294 2283 .plane
1344 2210 1833 2279 impersorutabilia
1879 2209 2089 2279 judicia
2138 2205 2343 2278 sunt!)

771 2304 1138 2361 [nereditatem
1159 2320 1314 2358 suam
1349 2302 1721 2356 Barbarorum
1755 2301 2146 2354 immanitatem
2191 2311 2347 2366 expe-

771 2401 872 2456 riri
915 2398 1174 2468 permisit.
1217 2397 1348 2451 Haec
1403 2403 1697 2466 perorante
1754 2400 2014 2464 martyre,
2064 2404 2347 2447 sacrorum

772 2493 1006 2548 antistes
1037 2490 1317 2545 Achilleus
1353 2489 1671 2543 miserantis
1696 2486 1862 2539 animi
1888 2486 2079 2539 dolore
2102 2482 2348 2548 fractus;

2452 1839 2576 1913 (καί
2608 1841 2718 1910 τὰρ
2741 1841 2812 1896 τὰ
2829 1841 3048 1915 ἑαυτοῦ
3079 1843 3522 1912 ἀνεξερεύνητα
3550 1844 3822 1912 κρίματα)
3853 1843 4028 1896 εἴασε

2446 1933 2564 2001 τὴν
2593 1935 2808 1988 τούτου
2849 1936 3256 2004 κληρονομίαν
3305 1934 3686 2006 βαρϐαρικῆς·
3711 1935 4024 2002 ἀπανθρω·

2445 2025 2589 2091 πίας
2618 2024 2831 2094 πεῖραν
2853 2025 3079 2081 λαϐεῖν.
3105 2026 3289 2080 Ταῦτα
3318 2028 3461 2098 μὲνό
3490 2029 3698 2098 μάρτυς
3733 2026 4025 2096 ἐκδιηγού-

2447 2133 2641 2188 μενος,
2687 2117 2780 2171 zeal.
2830 2117 2922 2170 τὸν
2992 2117 3250 2191 ίεράρχην
3307 2118 3463 2190 ἔσχεν
3523 2119 3814 2190 ’Δχίλλειον
3899 2135 4028 2171 ουτ-

2452 2206 2830 2277 επικλώμενόν
2853 2223 2912 2261 τε
2937 2210 3047 2272 τοῖς
3075 2209 3274 2264 πάθεσι
3298 2252 3314 2277 ,
3344 2211 3458 2275 καὶ,
3480 2211 3724 2280 Marsua
3744 2225 3884 2275 σου,
3918 2211 4032 2264 Κύ-

2444 2315 2575 2368 ριε,
2642 2299 2886 2355 ἐπεϐόων
2919 2299 3091 2370 ,ὀμοῦ,
3155 2301 3227 2355 τὰ
3277 2301 3612 2371 θαυμάσια,
3667 2304 3764 2358 καί
3826 2302 4031 2369 οὐδεὶς

2453 2389 2664 2458 ἱκανὸς
2709 2391 2795 2456 εις
2846 2389 3092 2446 ἔννοιαν
3137 2391 3459 2467 ἀφικέσθαι
3521 2393 3635 2462 τῆς
3681 2393 4030 2463 οἰκονομίας

2455 2496 2594 2535 σου.

773 2594 847 2650 et,
880 2583 1080 2656 Magna
1112 2593 1228 2650 tua,
1264 2582 1484 2637 Domine
1515 2580 1847 2654 (clamabant
1871 2577 2078 2648 ambo),
2117 2575 2410 2641 mirabilia,
2461 2590 2555 2631 nec
2590 2577 2770 2631 nullus
2824 2585 2926 2645 est,
2968 2578 3061 2647 qui
3125 2579 3336 2650 assequi
3379 2586 3548 2634 mente
3614 2580 3840 2649 ειιῆῐείοι
3904 2595 4034 2650 ρος-

774 2680 1016 2738 νὶιίειιιὶα
1049 2690 1154 2734 tute
1176 2677 1408 2732 consilia
1435 2676 1454 2729 ί

842 2775 897 2829 5.
938 2771 1062 2828 llaec
1090 2770 1245 2826 Italis
1278 2769 1547 2824 immenso
1579 2767 1817 2838 quodam
1865 2776 2088 2836 stupore
2122 2777 2354 2820 cernen-

772 2866 943 2931 tibus,
976 2879 1118 2920 unus
1141 2862 1267 2933 quis
1296 2861 1569 2917 submissa
1602 2874 1755 2926 voce,
1780 2859 1983 2915 Graecae
2011 2858 2211 2928 lingua
2243 2871 2352 2911 non

774 2961 1001 3030 ignarus
1036 2974 1049 3011 :
1087 2954 1190 3011 Sed
1222 2970 1359 3009 nunc
1384 2970 1497 3025 age,
1525 2970 1554 3008 ο
1579 2953 1750 3021 miles,
1793 2953 1991 3023 inquit.
2016 2952 2122 3014 die,
2146 2965 2344 3022 quaso,

773 3051 840 3106 de
863 3064 965 3120 qua
1001 3046 1110 3101 lucc
1133 3046 1410 3116 loquimini
1458 3045 1706 3111 civitate,
1737 3060 1798 3098 ac
1822 3059 2063 3114 quanam
2103 3043 2200 3097 illa
2222 3043 2347 3096 urbs

2528 2769 2595 2831 γ’.
2634 2762 2757 2816 Τῶν
2777 2762 2832 2817 δὲ
2873 2763 3196 2819 Ἰταλιωτῶν
3232 2767 3402 2821 ταῦτα
3457 2769 3553 2822 σὺν
3592 2769 3850 2842 ἐκπλήξει
3885 2771 4031 2841 ἀμη-

2457 2855 2608 2925 χάνῳ
2637 2856 3196 2928 καταθεωρουμένων,
3229 2855 3308 2923 εἷς
3342 2877 3425 2924 τις
3463 2863 3644 2933 ἡρέμα
3679 2879 3796 2927 πως
3835 2863 4032 2935 Έλλη-

2454 2949 2607 3018 νικῆς
2625 2947 2841 3018 ὁμιλίας
2870 2949 2970 3002 οὐκ
2995 2949 3301 3023 ἀλλότριος,
3321 2951 3507 3020 Ἀλλ’,
3537 2955 3642 3024 ἄγε
3660 2954 3758 3024 δὴ,
3777 2957 3962 3027 φησὶν,
3990 2951 4037 3009 ὦ

2455 3039 2807 3107 στρατιῶτα,
2840 3041 2972 3095 είπέ
3002 3058 3124 3111 μοι,
3148 3043 3281 3112 περὶ
3318 3046 3494 3112 ποίας
3523 3045 3708 3101 ταῦτα
3737 3048 3884 3117 ὑμῖν
3933 3050 4035 3103 λέ-

773 3157 889 3210 qua:
912 3137 1174 3193 Barbaris
1207 3136 1405 3190 tradita
1431 3138 1550 3191 est?
1579 3134 1677 3189 Cui
1718 3149 1948 3206 magnus
1992 3133 2299 3189 Demetrius
2331 3149 2346 3186 :

2456 3148 2616 3199 γεται
2648 3133 2900 3200 πόλεως,
2925 3134 3021 3188 καί
3045 3135 3138 3200 τίς
3175 3136 3214 3204 η
3249 3135 3373 3202 τοῖς
3403 3137 3730 3207 Βαρϐάροις
3767 3139 4035 3207 παραδο-

778 3232 898 3286 Mea
955 3231 1121 3299 ipsius
1177 3228 1667 3297 infortunatissimu
1735 3230 1922 3282 civitas
1980 3225 2347 3281 Thessalonica

776 3320 1035 3376 Barbaris
1091 3318 1293 3372 tradita
1338 3326 1445 3385 est.
1487 3318 1718 3388 Moxque
1751 3317 1934 3382 ambo,
1978 3324 2091 3369 tum
2139 3315 2351 3370 scilicet

775 3414 926 3485 gravi
952 3412 1043 3467 illa
1073 3418 1235 3467 atate
1263 3426 1433 3466 senex
1472 3417 1586 3463 tum
1621 3425 1850 3480 magnus
1903 3407 2205 3463 Demetrius
2233 3405 2350 3461 dis-

778 3511 1098 3576 paruerunt,
1131 3518 1233 3558 nec
1266 3503 1410 3557 ultra
1440 3504 1670 3557 comites
1702 3501 1782 3557 ire
1807 3502 1908 3556 visi
1945 3507 2095 3556 sunt.
2128 3499 2208 3554 llli
2246 3514 2350 3554 au-

776 3602 886 3650 tem
934 3607 1184 3649 seorsum
1232 3593 1477 3663 (idcirco
1517 3590 1662 3662 quod
1703 3590 1820 3645 itali
1871 3590 2061 3660 erant)
2117 3589 2348 3644 alterum

777 3684 1229 3750 sciscitabantur,
1267 3681 1400 3752 quid
1433 3684 1651 3738 tandem
1689 3696 1757 3738 ex
1801 3681 1910 3737 illis
1965 3680 2236 3748 audisset,
2287 3694 2351 3736 ac

776 3777 1002 3848 quinam
1039 3777 1116 3831 illi
1142 3774 1464 3847 essent.qui
1501 3774 1582 3832 sic
1618 3773 1832 3831 itineris
1862 3773 1998 3830 socii
2027 3773 2161 3845 ipsis
2182 3772 2351 3830 etsti-

785 3870 1010 3924 tlssent.
1039 3865 1254 3934 Quibus
1285 3864 1375 3920 ille
1418 3863 1699 3919 admirans
1743 3877 1808 3919 ac
1862 3869 2090 3932 stupens
2135 3861 2350 3933 singula

777 3975 1028 4028 narrare,
1058 3958 1356 4032 magnique
1389 3954 1649 4013 Demetrii
1702 3955 2107 4028 apparitioaeln
2142 3953 2353 4024 signiti-

779 4066 925 4119 care,
958 4053 1051 4125 qui
1083 4060 1135 4108 et
1185 4050 1373 4123 patriae
1404 4049 1547 4105 mala
1582 4047 1730 4105 clare
1783 4047 2133 4120 explicasset,
2167 4053 2221 4104 et
2250 4060 2351 4105 sua

778 4143 834 4199 in
869 4152 985 4199 tuto
1018 4127 1223 4214 ponere
1263 4139 1662 4197 admonuisset.

850 4329 903 4382 4.
940 4325 1018 4381 Ne
1047 4340 1178 4380 vero
1209 4324 1312 4396 ipsi
1341 4339 1561 4395 quoque
1591 4323 1847 4379 Barbaris
1872 4323 2053 4395 praeda
2074 4323 2350 4388 cederent,

781 4436 809 4474 a
842 4417 1237 4474 Thessalonica
1257 4417 1448 4486 procul
1469 4416 1847 4482 abscedentes,
1871 4432 1979 4471 non
2008 4417 2178 4472 multo
2206 4425 2349 4487 post,

779 4513 850 4568 ab
881 4513 948 4566 iis
988 4513 1081 4581 qui
1120 4483 1392 4565 excidium
1432 4508 1709 4581 fugerant,
1759 4525 1881 4579 quae
1914 4511 1970 4564 in
2005 4523 2068 4564 ea
2103 4483 2352 4580 contige-
2385 4483 2431 4540 Β

781 4611 924 4660 rant.
968 4600 1184 4670 singula
1213 4616 1444 4670 quaeque
1487 4600 1751 4664 didicere,
1799 4599 2092 4670 palamque
2149 4599 2357 4654 intelle-

779 4710 928 4760 xere,
958 4708 1211 4763 magnum
1244 4694 1394 4747 illum
1425 4692 1756 4748 Demetrium
1783 4691 1974 4756 luisse,
2004 4692 2096 4762 qui
2119 4692 2354 4762 patriam

779 4787 1140 4851 deseruisset,
1174 4785 1404 4856 ejusque
1429 4784 1604 4849 clade,
1639 4784 1845 4872 ingenti
1895 4785 2141 4856 deiectus
2182 4765 2354 4840 tristi-

779 4881 854 4933 tia
880 4888 1048 4940 esset,
1078 4880 1408 4948 graviusque
1436 4878 1613 4947 ipsius
1644 4879 1805 4934 malis
1828 4878 2055 4933 doleret.
2093 4877 2151 4931 In
2178 4878 2351 4948 ipsam

780 4979 961 5024 autem
1005 4971 1210 5039 regiam
1243 4969 1436 5023 urbem
1470 4969 1707 5037 reducti,
1762 4984 2059 5026 narravere
2090 4985 2355 5040 quacun-

778 5073 885 5127 que
915 5057 1092 5111 oculis
1143 5057 1417 5123 viderant,
1465 5059 1836 5129 martyrisque
1885 5060 2075 5129 patriae
2121 5059 2353 5115 misera-

778 5151 985 5205 tionem
1021 5163 1083 5204 ac
1131 5149 1445 5221 impensum
1476 5150 1680 5204 civium
1713 5164 1957 5205 amorem
1990 5163 2300 5220 exposuere
2331 5164 2351 5203 :

777 5254 888 5310 quo
921 5254 1068 5294 nunc
1101 5241 1264 5294 etiam
1286 5240 1763 5310 prasidiomunita
1786 5257 1851 5298 ac
1880 5241 2200 5297 muneribus
2219 5240 2350 5306 lota,

779 5333 900 5400 ipso
961 5332 1136 5388 altero
1166 5332 1289 5403 ejus
1350 5331 1638 5391 conditore
1668 5348 1731 5389 ac
1751 5343 2026 5402 curatore,
2059 5333 2349 5405 pristinam

777 5421 1090 5479 felicitatem
1141 5425 1374 5495 recepit.
1433 5425 1538 5483 llic
1591 5440 1829 5498 namque
1857 5426 2158 5482 etiamnum
2201 5426 2350 5481 velut

779 5514 1073 5569 infractum
1115 5517 1449 5588 llrmumque
1505 5518 1848 5590 praesidium,
1882 5518 2348 5587 nequissimorum

777 5603 1101 5677 Scytharum
1154 5607 1364 5664 inhibet
1410 5609 1688 5681 impetum,
1742 5610 2220 5682 inexpugnabilem
2269 5607 2350 5665 eis

775 5698 1074 5764 dexteram,
1125 5715 1340 5755 murum
1379 5702 1665 5772 objiciens,
1705 5718 1973 5774 suamque
1990 5703 2265 5759 civitatem
2285 5717 2349 5758 ac

776 5787 1006 5858 patriam
1029 5788 1628 5851 abillorumiuvasione
1648 5795 1996 5863 incolumem,
2031 5795 2210 5866 iisque
2247 5810 2343 5852 su-

776 5882 1076 5950 periorem,
1110 5893 1393 5953 praestans.

2453 3222 2670 3288 θεῖσα;
2703 3225 2814 3277 Καὶ
2857 3226 2885 3277 ό
2939 3224 3113 3296 μέγας
3159 3228 3488 3299 Δημήτριος,
3535 3230 3598 3285 Ἠ
3647 3230 3785 3302 ἐμὴ,
3836 3230 4033 3300 ἔφησε,

2451 3314 2913 3386 δυστυχεστάτη
2947 3319 3159 3387 πατρὶς
3182 3321 3221 3390 ἡ
3250 3323 3690 3392 Θεσσαλονίκη,
3722 3323 3846 3390 τοῖς
3877 3327 4036 3393 Βαρ-

2452 3407 2652 3475 δόροις
2705 3405 2944 3478 ἐγένετο
2975 3408 3242 3477 ἔκδοτος.
3285 3413 3395 3466 Καὶ
3424 3413 3620 3468 αὐτίκα
3684 3415 3732 3469 oi
3768 3417 3892 3486 μιν,
3919 3419 3948 3473 δ
3973 3437 4033 3472 τι

2453 3498 2697 3569 πρέσϐυς
2721 3501 2814 3552 καὶ
2844 3499 2872 3552 ὀ
2918 3498 3092 3570 μέγας
3133 3502 3460 3575 Δημήτριος,
3509 3505 3697 3559 οὐκέτι
3742 3508 3856 3572 τοῖς
3905 3525 4034 3562 συν-

2452 3589 2754 3660 οδοιπόροις
2812 3590 3284 3662 κατεθεωροῦντο·
3338 3597 3494 3650 αὐτοὶ
3549 3598 3603 3652 δὲ
3648 3600 3790 3654 κατά
3838 3603 4033 3671 μόνας,

2454 3682 2688 3755 ιπείπερ
2716 3683 2764 3736 oi
2816 3682 3114 3738 Ἰταλιῶται
3150 3685 3424 3756 ἐγένοντο,
3453 3687 3545 3743 τοῦ
3587 3691 3774 3763 ἑτέρου
3807 3692 4035 3748 διεπυν-

2455 3774 2700 3841 θάνοντο,
2735 3776 2789 3830 τί
2832 3792 2962 3832 ποτε
2999 3777 3108 3849 ἄρα
3145 3779 3283 3852 πρὸς
3325 3781 3550 3838 ικείνων
3585 3785 3872 3856 διήκουσι·
3939 3792 4035 3844 καὶ

2453 3867 2648 3931 οἵτινες
2667 3867 2715 3920 oi
2745 3867 3279 3941 συνωδοιπορηκότες
3306 3868 3433 3930 εἷεν.
3476 3875 3534 3931 '0
3567 3877 3623 3932 δὲ
3653 3879 3748 3934 σὺν
3792 3879 4036 3953 θαύματι

2454 3957 2548 4015 καὶ
2589 3956 2850 4031 ἐκπλήξει
2876 3959 3083 4017 hasta
3110 3961 3370 4037 διηγεῖτο,
3402 3966 3498 4023 καὶ
3539 3969 3641 4042 τήν
3666 3969 3759 4026 τοῦ
3796 3974 4036 4045 μεγαλα·

2457 4050 2740 4124 μάρτυρος
2802 4051 2995 4126 ιδήλου
3064 4056 3405 4128 έπιφάνειαν,
3454 4059 3524 4116 τά
3547 4077 3608 4115 τε
3641 4061 3740 4133 τῆς
3767 4066 4034 4139 πατρίδος

2454 4143 2600 4200 δεινά
2624 4146 3082 4220 διασαφήσαντος,
3115 4149 3210 4203 καὶ
3242 4151 3309 4204 τὰ
3332 4152 3450 4205 κατ’
3479 4151 3673 4218 αὐτοὺς
3709 4155 3766 4209 έν
3798 4156 4038 4227 ἀσφαλεῖ

2457 4236 2647 4293 Θέσθαι
2679 4239 3137 4312 διασημήναντες.

2525 4325 2590 4382 δ’.
2633 4330 2720 4392 '0;
2761 4327 2854 4384 οὖν
2896 4331 2951 4384 δὲ
2986 4330 3061 4402 μὴ
3093 4331 3334 4402 λάφυῳν
3368 4334 3460 4386 uai
3494 4334 3646 4388 αὐτοὶ
3685 4335 3790 4390 τῶν
3820 4338 4034 4409 ἐχθρῶν

2457 4419 2744 4488 γένωνται,
2759 4425 2948 4494 πόρρω
2966 4425 3194 4487 ἑαυτοὺς
3211 4424 3613 4498 Θεσσαλονίκης
3627 4429 4032 4497 ἀπαγαγόντες,

2459 4511 2519 4564 οὺ
2553 4513 2689 4583 μετὰ
2716 4515 2911 4584 μικρὸν
2940 4515 3092 4586 παρά
3125 4515 3235 4570 τῶν
3263 4515 3597 4583 διαδράντων
3618 4517 3825 4573 έκαστά
3846 4537 3908 4574 τε
3926 4522 4035 4575 τῶν

2459 4605 2842 4674 γεγενημένων
2871 4609 3195 4678 κατήκουον.
3226 4607 3321 4661 καὶ
3367 4606 3611 4677 συνῆκαν
3657 4611 3705 4663 oi
3753 4609 4034 4682 ἄνθρωποι

2459 4696 2728 4767 ἐναργῶς,
2758 4698 2834 4761 ὡς
2877 4700 2905 4753 ὁ
2936 4701 3109 4770 μέγας
3158 4702 3367 4765 “sive;
3391 4703 3702 4773 Δημήτριος
3733 4703 4034 4774 έτύγχανιν

2457 4785 2555 4854 ὢν,
2583 4788 2682 4857 τῆς
2714 4790 2972 4859 πατρίδος
3004 4791 3343 4857 ἀπαναστὰς,
3377 4792 3468 4844 επὶ
3499 4795 3609 4856 τοῖς
3638 4793 3880 4863 ουμὸᾶσι
3911 4811 4037 4848 σκυ-

2459 4878 2766 4949 θρωπάζων
2791 4882 2885 4934 καὶ
2911 4880 3230 4952 ἀνιώμενος.
3279 4883 3373 4946 Et;
3417 4883 3588 4952 αὐτὴν
3633 4882 3690 4937 δὲ
3735 4884 3835 4954 τὴν
3879 4885 4038 4957 βασι-

2458 4967 2719 5022 λεύουσαν
2761 4971 3112 5042 ἀναχθέντες,
3161 4973 3264 5026 ὅσα
3316 4989 3374 5026 τε
3434 4974 3628 5038 αὑταῖς
3685 4970 3825 5029 εἶδον
3874 4977 4034 5046 ὂψεσι

2461 5059 2845 5128 περιηγοῦντο,
2880 5061 2974 5114 καὶ¹
3032 5062 3130 5132 τὴν
3159 5060 3255 5116 τοῦ
3286 5061 3562 5135 μάρτυρος
3594 5065 3687 5118 ἐπὶ
3713 5067 3778 5136 τῇ
3810 5067 4032 5137 πατρίδι

2457 5149 2802 5219 συμπάθειαν
2825 5168 2838 5182 ο
2864 5153 3037 5207 καὶτὸ
3064 5154 3254 5210 τούτου
3288 5156 3582 5228 φιλόπατρι
3607 5158 3703 5211 καὶ
3737 5157 4037 5226 φιλοίκειον

2457 5242 2860 5310 έπεδείκνυντο,
2892 5243 2984 5314 ὑφ’
3031 5240 3093 5301 οὗ
3146 5247 3242 5300 καὶ
3291 5247 3385 5303 νῦν
3439 5248 3519 5302 ιτι
3578 5251 4035 5322 περιφρουρετταί

2451 5349 2514 5386 τε
2539 5335 2630 5387 καὶ
2664 5334 3080 5407 Μριθάλπεται,
3115 5342 3209 5394 καὶ
3265 5341 3358 5396 hri
3387 5341 3486 5412 τῆς
3539 5342 3818 5413 προτέρας
3848 5343 4034 5398 εὐδαι-

2457 5425 2648 5497 μονίας
2701 5425 2792 5482 ὑπ’
2835 5429 3031 5502 ἐκείνῳ
3083 5430 3322 5503 δευτέρῳ
3393 5432 3586 5505 πολίτῃ
3627 5433 3722 5486 καὶ
3773 5433 4035 5505 κηδεμόνι

2453 5521 2778 5594 ἀνέδραμεν.
2812 5518 2981 5588 Οὗτος
3005 5522 3249 5596 καὶγὰρ,
3276 5518 3364 5579 οἷά
3386 5540 3469 5589 τις
3486 5523 3710 5593 ἀκλινὴς
3742 5525 4034 5595 περίϐολος

2453 5616 2548 5669 καὶ
2601 5616 2848 5688 στερρὸς,
2899 5616 2996 5680 τὰς
3048 5616 3157 5670 τῶν
3205 5617 3501 5689 ἀλιτηρίων
3549 5615 3777 5672 Σκυθῶν
3809 5617 3892 5672 ετι
3931 5619 4026 5671 καὶ

2453 5706 2548 5760 νῦν
2589 5708 2774 5780 ἐπέχει
2823 5710 3022 5782 δρμάς,
3080 5710 3180 5781 τὴν
3207 5711 3420 5782 ἄμαχον
3451 5712 3635 5775 αὐτοῖς
3677 5711 4028 5780 έπιτειχίζων

2451 5800 2655 5867 δεξιὰν,
2692 5802 2784 5855 καὶ
2808 5803 3087 5876 ἀνωτέραν
3110 5803 3206 5858 si“:
3233 5803 3424 5860 ἑαυτοῦ
3451 5803 3550 5876 τῆς
3581 5804 3811 5859 ἐκείνων
3837 5806 4030 5861 διασώ-

2454 5891 2561 5957 ζων
2584 5892 2904 5965 ἰπιιδρομῆς.
