4154 6450
753 423 853 488 527

2005 408 2342 476 JOANNES
2379 409 2810 472 CAMENIATA

3937 405 4046 470 5‘28

751 535 1012 597 trutinas,
1061 529 1207 602 quod
1251 527 1521 586 orationis
1570 525 1736 597 hujus
1782 521 2102 579 indecorum
2151 530 2237 578 est
2273 534 2338 576 ac

2446 520 2531 576 λον
2561 522 2654 574 καὶ
2686 521 2888 583 παντὸς
2919 518 3210 590 ἀλλοτρίαν
3246 518 3339 572 καὶ
3362 518 3591 586 ψεύδους
3624 519 3718 573 καὶ
3777 519 4041 588 πλάσμαο

750 627 1171 688 inconcinnum,
1226 621 1394 693 489
1455 618 1718 688 rejectnm
1759 615 1849 680 iri,
1903 627 2166 669 eorumve
2217 626 2340 683 quae

750 729 882 777 sunt
914 717 1146 776 dicenda
1178 713 1533 776 sententiam,
1584 709 1678 766 sed
1724 709 1905 778 potius
1954 719 2142 760 veram
2179 711 2235 760 et
2271 704 2340 760 ab

2448 631 2539 679 τος
2580 615 2680 685 τὴν
2703 613 2812 666 τῶν
2851 611 3244 683 ῥηθησομένων
3266 613 3674 684 προϐαίνουσαν
3713 614 4047 683 συγγραφήν

2447 703 2668 774 ἁπάσης
2696 703 2961 775 μέμψεως
2990 705 3343 759 ἀπολύεσθαι.

749 814 900 872 omni
953 808 1243 866 mendacio
1284 806 1648 876 ﬁgmentoque
1694 801 1929 860 alienam
1976 799 2333 857 dicendorum
2374 798 2752 855 narrationem
2791 798 3068 855 omniabs
3095 806 3149 856 te
3169 801 3404 857 crimine
3433 814 3500 857 ac
3526 799 3650 858 labe
3718 801 3836 859 fore
3899 803 4047 856 libe-

749 910 998 966 randam.

818 1007 874 1058 2.
913 1006 1044 1059 Data
1073 1000 1304 1072 epistola
1339 998 1555 1053 discere
1588 994 1854 1066 quaesiisti
1887 993 2137 1057 modum,
2175 991 2340 1061 cujus

747 1099 924 1167 gratia
981 1109 1259 1150 carcerem
1332 1101 1584 1145 tenemus
1637 1087 2116 1152 Barbarorumque
2176 1082 2346 1137 dediti

747 1189 1006 1244 manibus
1063 1200 1281 1250 smnus,
1323 1199 1387 1238 ac
1438 1197 1545 1252 qua
1600 1179 1813 1234 ratione
1864 1177 2104 1232 alienum
2166 1175 2343 1231 solum

748 1283 926 1353 patrio
961 1277 1462 1341 commutavimus;
1494 1287 1602 1344 qua
1635 1273 1764 1325 item
1797 1270 1902 1323 orti
1937 1269 2116 1339 patria
2152 1269 2343 1333 simus,

747 1383 802 1430 et
853 1389 976 1444 quae
1011 1373 1159 1427 illius
1210 1386 1296 1424 res
1335 1369 1529 1438 quisve
1575 1373 1774 1421 status.
1813 1361 2025 1418 Etenim
2074 1359 2344 1429 conjicere

748 1470 937 1522 aiebas
967 1483 1031 1522 ex
1085 1466 1234 1520 brevi
1281 1463 1372 1516 illa
1411 1458 1751 1516 fabulatione
1779 1473 1909 1528 qua,
1951 1470 2074 1510 cum
2111 1469 2208 1524 per
2246 1453 2346 1508 viae

748 1559 1102 1613 occasionem
1153 1554 1420 1626 Tripolim
1484 1550 1827 1612 devenisses,
1885 1546 2167 1617 paululum
2213 1559 2346 1599 con-

747 1650 923 1720 gressi
983 1663 1198 1711 sumus,
1258 1659 1423 1716 quam
1488 1642 1647 1712 longa
1703 1637 2024 1693 narratione
2079 1643 2342 1690 onustum

751 1749 947 1808 pectus
1007 1750 1346 1808 gereremus,
1420 1732 1652 1800 diraque
1715 1729 1964 1798 qua‘dam
2028 1737 2082 1782 et
2139 1726 2346 1795 tragico

750 1833 900 1885 omni
936 1830 1208 1886 cothurno
1239 1824 1677 1898 lacrymahiliora
1708 1835 1831 1876 esse
1865 1828 1978 1874 tum
2008 1833 2069 1873 ea
2097 1832 2218 1888 qua:
2239 1817 2348 1886 jam

750 1924 912 1979 nobis
952 1927 1276 1982 evenerant,
1335 1926 1450 1970 tum
1507 1928 1626 1984 quae
1689 1913 2050 1981 iinposterutn
2115 1917 2346 1962 ventura

749 2013 1240 2084 exspectabantur.
1268 2008 1406 2061 Nam
1454 2017 1507 2060 tu
1549 2016 1769 2074 quoque
1815 2002 1933 2071 pari
1969 1998 2128 2054 nobis
2175 1996 2349 2051 infor-

751 2109 905 2162 tunio
937 2102 1287 2162 errabundus
1322 2110 1375 2156 et
1405 2113 1530 2154 cum
1586 2094 1914 2167 quibusdam
1946 2091 2177 2162 captivis
2217 2091 2346 2144 illnc

749 2198 1135 2264 abducebaris,
1172 2211 1312 2266 quos
1355 2195 1507 2248 cives
1563 2205 1687 2246 esse
1723 2199 1848 2243 tuos
1897 2187 2184 2242 asserebas
2208 2184 2346 2254 Cap-

750 2291 1012 2361 padoces,
1043 2303 1168 2344 cum
1201 2287 1406 2356 quibus
1433 2282 1596 2339 etiam
1627 2280 1978 2336 Antiochiam
2010 2277 2341 2340 rnittebaris,

751 2385 1001 2440 referens
1038 2381 1243 2436 nullam
1279 2377 1522 2448 requiem
1558 2374 1826 2430 malorum
1863 2371 2131 2437 invenire,
2165 2385 2342 2440 quan-

751 2477 821 2530 do
845 2489 946 2531 nos
989 2486 1210 2544 quoque
1266 2468 1519 2533 videbas,
1571 2475 1629 2520 ut
1672 2475 1724 2520 et
1763 2465 1879 2535 ipse
1931 2462 2187 2524 testaris,
2229 2470 2340 2514 tum

752 2571 1030 2619 recentem
1065 2561 1272 2616 laetum
1303 2566 1419 2612 tum
1456 2555 1716 2627 praeteriti
1763 2553 1979 2607 timoris
2027 2551 2256 2621 vestigia
2287 2549 2340 2602 in

751 2656 892 2710 l'acie
956 2666 1217 2723 expressa
1269 2649 1436 2715 ferre,
1496 2655 1556 2700 ut
1609 2657 1660 2701 et
1711 2645 1964 2709 tacendo,
2002 2645 2185 2698 vultus
2222 2643 2340 2713 ipso

749 2747 932 2801 colore
986 2743 1114 2798 mali
1164 2741 1565 2797 inunanitatem
1618 2739 2006 2792 clamaremus.
2042 2733 2244 2790 Verum
2293 2736 2338 2789 si

750 2839 818 2892 de
870 2837 954 2892 his
1006 2834 1226 2905 singula
1271 2846 1563 2888 recensere
1607 2830 1791 2894 velim,
1841 2829 2057 2899 longior
2089 2828 2220 2881 mihi
2266 2838 2342 2881 te-

751 2929 926 2984 xenda
974 2942 1076 2982 nec
1114 2927 1280 2995 justas
1328 2924 1466 2978 satis
1496 2921 1847 2978 necessitatis
1903 2919 2080 2976 oratio
2128 2929 2232 2983 est,
2278 2927 2338 2972 nt

749 3037 872 3093 qua:
914 3016 1315 3075 mediocritatis
1354 3015 1527 3085 legem
1577 3015 1648 3068 sit
1699 3027 2027 3080 excessura;
2060 3026 2127 3066 ne
2156 3009 2336 3064 dicant

745 3111 913 3184 490
962 3109 1082 3165 fore
1149 3115 1208 3162 nt
1259 3119 1539 3176 nunquam
1587 3104 1840 3160 socordia
1895 3101 2336 3172 torpescentibus

2518 994 2586 1068 β’.
2623 995 2930 1068 Ἐζήτησας
2962 997 3157 1066 μαθεῖν
3184 997 3274 1051 διὰ
3307 997 3406 1068 τῆς
3437 995 3730 1066 ἐπιστολῆς
3767 993 3861 1048 τὸν
3915 992 4044 1063 τρό-

2447 1105 2547 1143 πον
2575 1087 2642 1141 δι’
2664 1087 2724 1142 ὃν
2752 1089 2853 1158 τὴν
2883 1089 3130 1158 φρουρὰν
3178 1087 3437 1157 οἰκοῦμεν
3483 1087 3778 1158 βαρϐάρων
3850 1085 4045 1155 χερσὶν

2446 1180 2780 1244 ἐκδοθέντες,
2806 1180 3044 1244 καὶπῶς
3086 1179 3185 1252 τὴν
3226 1180 3517 1251 ἀλλοτρίαν
3578 1182 3701 1235 ἀντὶ
3749 1179 3848 1248 τῆς
3905 1178 4046 1240 ἰδίας

2446 1270 2881 1340 διημειψάμεθα,
2913 1269 3072 1334 ποίας
3103 1271 3162 1324 τέ
3188 1271 3356 1341 ἐσμεν
3383 1270 3664 1342 πατρίδος,
3695 1272 3788 1322 καὶ
3813 1268 3937 1321 τίνα
3971 1270 4041 1319 τὰ

2449 1364 2569 1415 κατ’
2599 1362 2788 1432 αὑτήν.
2824 1360 3234 1432 Τεκμαίρεσθαι
3268 1362 3378 1432 γὰρ
3413 1360 3548 1431 ἔφης
3578 1364 3640 1414 ἐκ
3679 1363 3776 1430 τῆς
3833 1361 4041 1429 μικρᾶς

2449 1455 2665 1525 ἐκείνης
2687 1453 2924 1524 ὁμιλίας,
2966 1452 3033 1506 δι’
3062 1448 3131 1525 ἦς
3159 1452 3513 1526 παροδεύοντί
3543 1469 3624 1506 σοι
3653 1451 3748 1522 τὴν
3775 1447 4042 1521 Τρίπολιν

2447 1547 2626 1616 ὀλίγον
2687 1543 3114 1615 σ’ῖῢεγενόμεθα,
3174 1547 3407 1615 πλήρεις
3454 1545 3552 1616 μὲν
3607 1539 3823 1598 srvat"
3889 1545 4042 1615 ἡμᾶς

2451 1641 2670 1712 μακρᾶς
2699 1639 3035 1711 ἐξηγήσεως,
3065 1640 3278 1708 μεγάλα
3294 1639 3351 1693 δέ
3383 1656 3507 1691 τινα
3538 1639 3631 1692 καὶ
3660 1639 3840 1706 πάσης
3867 1653 4038 1706 τραγο

2447 1735 2612 1804 ῳδίας
2660 1733 2921 1787 ἐπέκεινα
2964 1734 3033 1787 τά
3075 1749 3135 1786 τε
3173 1733 3275 1803 ἤδη
3329 1731 3719 1802 συμϐεϐηκότα
3753 1732 3888 1801 ἡμῖν
3947 1730 4039 1780 κα)

2454 1826 2522 1878 τὰ
2561 1827 2617 1888 ἐς
2647 1824 2874 1895 ὕστερον
2912 1824 3364 1894 προσδοκώμενα.
3401 1824 3511 1877 Καὶ
3537 1823 3647 1892 γὰρ
3670 1821 3861 1891 ἔτυχες
3914 1821 4040 1872 τότε

2453 1920 2547 1973 καὶ
2578 1919 2739 1982 αὐτὸς
2773 1918 3058 1988 ἀλητεύων
3089 1916 3232 1970 κατὰ
3254 1916 3354 1987 τὴν
3379 1917 3550 1984 αὐτὴν
3582 1917 3625 1947 ³³
3683 1915 3844 1984 ήμῶν
3894 1930 4040 1980 συμ-

2451 2013 2647 2082 φορὰν,
2684 2010 2767 2082 [Ρ.
2791 2009 2920 2081 519]
2954 2010 3045 2062 καί
3077 2026 3219 2062 τισιν
3248 2007 3622 2079 αἰχμαλώτοις
3660 2009 3840 2060 ἐκεῖσε
3905 2023 4037 2058 συν-

2450 2103 2808 2173 επαγόμενος,
2836 2101 2927 2164 οὓς
2947 2101 3129 2169 ἔλεγες
3149 2098 3517 2172 ὁμοπατρίους
3540 2093 3680 2151 εἷναί
3706 2115 3786 2150 σοι
3801 2097 4030 2150 Καππά-

2447 2200 2632 2263 δοκας,
2670 2195 2790 2267 μεθ’
2817 2189 2892 2248 ὧν
2927 2195 3020 2247 καὶ
3050 2194 3148 2265 τὴν
3181 2193 3318 2265 πρὸς
3349 2193 3446 2265 τὴν
3477 2192 3522 2225 ³⁸
3571 2192 3848 2261 Ἀντιόχου
3880 2190 4037 2242 πόλιν

2447 2291 2723 2356 ἐστέλλου,
2758 2287 3014 2362 μηδαμοῦ
3049 2287 3243 2357 στῆναι
3274 2287 3384 2343 τῶν
3422 2285 3690 2354 ἀλγεινῶν
3728 2283 4040 2354 ἐξηγούμε-

2447 2398 2537 2444 νος
2566 2397 2579 2411 ο
2621 2379 2784 2432 ὁπότε
2806 2381 2900 2432 καὶ
2925 2379 3076 2449 ημᾶς
3104 2377 3301 2447 ἐώρας,
3337 2375 3412 2440 ὡς
3465 2377 3559 2430 καὶ
3593 2375 3756 2438 αὐτὸς
3825 2391 4041 2445 μαρτυ-

2449 2477 2584 2545 ρείς,
2609 2473 2668 2526 τό
2702 2490 2762 2525 τε
2788 2471 2982 2542 νεαρὸν
3007 2471 3101 2525 τοῦ
3121 2469 3351 2532 πένθους
3384 2468 3608 2540 ἔχοντας
3644 2469 3738 2522 καὶ
3785 2468 3855 2520 τά
3917 2468 4040 2536 ἴχνη

2444 2567 2538 2618 τοῦ
2563 2565 2928 2637 προλαϐόντος
2959 2563 3127 2634 φόϐου
3150 2564 3264 2626 τοῖς
3293 2561 3606 2632 προσώποις
3629 2560 3786 2630 ἡμῶν
3826 2560 4040 2628 ἐγκαθ-

2444 2659 2645 2728 ήμενα,
2701 2658 2778 2720 ὼς
2797 2658 2889 2711 καὶ
2926 2655 3246 2720 σιωπῶντας
3292 2655 3436 2725 βοᾷν(
3460 2653 3560 2723 τὴν
3615 2653 3911 2721 συμφορὰν
3969 2654 4040 2703 ὲκ

2444 2751 2537 2804 τοῦ
2577 2749 2888 2822 χρώματος.
2937 2749 3100 2803 Ἀλλά
3134 2747 3502 2820 περὶτούτων
3548 2747 3594 2799 εἰ
3625 2746 3748 2799 καθ’
3802 2745 4041 2798 εκάστην

2443 2843 2721 2915 ἐπεξιέναι
2755 2841 3094 2914 βουληθείην,
3133 2841 3345 2912 μακρὸν
3376 2840 3442 2893 ἂν
3492 2839 3695 2909 εἴηκαὶ
3743 2840 3811 2908 τῇ
3871 2841 4037 2907 χρείᾳ

2445 2936 2519 3007 μὴ
2544 2935 2879 3006 κατάλληλον
2905 2934 2994 2986 τὸν
3023 2932 3182 3002 λόγον
3207 2932 3528 3002 ποιήσομαι,
3559 2930 3659 2998 τῆς
3681 2929 4038 2999 συμμετρίας

2441 3027 2532 3080 τὸν
2561 3027 2725 3098 νόμον
2759 3023 3218 3096 καθυπερϐαίνῳν
3244 3038 3258 3053 ο
3291 3023 3381 3077 ἴνα
3403 3023 3477 3092 μὴ
3505 3021 3651 3090 λέγω
3681 3022 3764 3073 ὅτι
3792 3021 3891 3072 καὶ
3938 3020 4040 3087 τὴν

2444 3120 2544 3190 σὴν
2574 3117 2894 3190 άρρᾴθυμον
2928 3118 3098 3187 ἀκοήν
3128 3115 3468 3177 άποκναίσω,
3493 3115 3540 3166 εί
3571 3113 3664 3166 καὶ
3696 3113 3864 3165 ὅτιδι’
3907 3113 4040 3179 ἔφη’-

749 3205 978 3260 auribus
1010 3200 1255 3257 audienti
1298 3199 1392 3255 tibi
1425 3197 1747 3264 obtundam,
1777 3197 1902 3253 licet
1933 3194 2188 3251 audiendi
2223 3194 2336 3248 avi-

2446 3231 2583 3274 σεως
2637 3212 2782 3281 ἔχεις
2837 3213 2951 3273 τοῖς
3000 3210 3319 3280 λεγομένοις
3365 3205 3842 3277 ἐπακροάσασθαι.
3895 3205 4042 3259 Ἀλλ’

748 3297 915 3350 ditate
969 3295 1036 3350 ad
1094 3307 1158 3350 ea
1212 3305 1334 3363 quae
1381 3291 1610 3347 dicenda
1673 3304 1702 3343 a
1762 3305 1849 3343 me
1916 3297 2046 3344 sunt
2097 3287 2338 3340 animum

750 3390 1025 3443 advertas.
1089 3385 1321 3452 Quando
1381 3385 1549 3455 igitur
1601 3383 1712 3452 jam
1775 3382 1932 3436 initio
2004 3387 2344 3449 perattentas

750 3496 912 3536 aures
960 3479 1242 3550 pollicitus
1287 3491 1380 3542 es,
1415 3476 1478 3530 ad
1519 3484 1704 3530 nostra
1763 3471 2077 3529 enarranda
2111 3471 2162 3524 in
2197 3471 2342 3525 hunc

751 3575 974 3627 modum
1030 3571 1337 3642 aggredior.

819 3661 873 3713 5.
943 3657 1164 3724 Nostra,
1214 3672 1245 3712 ο
1295 3656 1490 3722 amice,
1532 3654 1743 3726 patria.
1785 3651 2184 3708 Thessalonica
2237 3660 2339 3706 est.

750 3747 900 3802 lianc
940 3746 1086 3802 enim
1147 3747 1382 3816 primum
1412 3745 1511 3799 tibi
1548 3753 1731 3798 notam
1775 3739 1998 3808 faciam,
2043 3755 2137 3810 per
2174 3755 2341 3810 quam

750 3841 882 3895 mihi
935 3839 1108 3894 multa
1166 3852 1502 3908 cognoscere
1538 3837 1690 3892 licuit
1745 3851 1868 3906 qua:
1935 3845 2094 3891 antea
2157 3834 2344 3889 nullus

751 3946 1010 3986 noveram
1042 3947 1054 3996 ;
1090 3936 1143 3984 ct
1183 3929 1276 4000 qui
1307 3929 1361 3983 in
1394 3928 1471 4007 tui
1509 3928 1623 3998 jam
1664 3927 2039 3999 cognitionem
2073 3927 2339 3992 venerim,

748 4024 869 4092 ejus
944 4023 1116 4093 ipsius
1198 4033 1446 4076 exactam
1515 4019 1679 4076 edere
1748 4019 2120 4089 cognitionem
2182 4017 2344 4091 cilicii

749 4115 909 4184 quasi
960 4114 1086 4185 jure
1130 4113 1240 4167 tuis
1275 4113 1415 4167 votis
1460 4110 1782 4181 compellor.
1812 4109 2020 4180 Nempe
2064 4109 2196 4164 urbs
2224 4123 2344 4164 ma-

750 4222 854 4279 gna
897 4203 1032 4258 mihi
1066 4202 1416 4279 explicanda,
1449 4211 1505 4256 et
1559 4215 1682 4270 qua:
1735 4200 1918 4272 gentis
1977 4198 2342 4255 Macedonum

750 4297 1009 4368 primaria
1066 4297 1317 4351 exsistat.
1379 4277 1523 4352 Urbs
1573 4295 1737 4350 rebus
1785 4295 1932 4361 aliis,
1991 4296 2190 4366 quibus
2239 4290 2342 4349 sihi

750 4392 977 4446 nimium
1016 4397 1245 4445 sumunt
1297 4389 1552 4444 civitates
1595 4403 1659 4443 ac
1683 4389 2070 4452 bonestantur,
2124 4387 2344 4459 conspi-

2445 3300 2635 3371 ἐπειδὴ
2666 3299 2849 3352 τοίνυν
2875 3299 3034 3353 τοῦτο
3059 3298 3180 3352 κατ’
3197 3298 3370 3368 ἀρχὰς
3399 3298 3658 3366 ὑπέσχου,
3679 3295 3741 3349 τὸ
3765 3297 4039 3364 νουνεχῶς

2444 3394 2684 3457 ἀκούειν,
2724 3391 2958 3462 ἄρχομαι
2993 3388 3103 3442 τῶν
3131 3388 3266 3441 καθ’
3287 3388 3434 3458 ἡμᾶς
3464 3380 3586 3441 ὦδε.

2516 3677 2584 3728 γ.
2631 3659 2842 3728 ’ἱιμεις,
2877 3655 2922 3710 ω
2967 3655 3140 3724 φίλος,
3177 3653 3438 3724 πατρίδος
3489 3653 3656 3721 ἐσμὲν
3709 3650 4038 3704 Θεσσαλονί-

2445 3751 2787 3823 κης·αύτὴν
2837 3751 2945 3819 γὰρ
3004 3747 3231 3819 πρώτην
3282 3743 3631 3815 γνωριοῦμαί
3682 3761 3787 3806 σοι,
3833 3743 3904 3796 δι’
3969 3740 4038 3814 ἦς

2444 3845 2615 3914 ἔγνων
2636 3837 2710 3897 ὧν
2739 3841 2890 3896 οὔπω
2925 3841 3186 3909 ἐγνώκειν
3204 3837 3376 3892 πολλά
3399 3856 3412 3870 ο
3432 3838 3528 3891 καὶ
3561 3837 3644 3890 σοί
3677 3853 3741 3904 γε
3768 3837 3981 3905 γνωσθε
4011 3856 4038 3900 ς

2443 3937 2567 4010 ᾶρτι
2587 3935 2687 4007 τήν
2719 3934 2848 4006 περὶ
2879 3933 3048 4004 αὐτῆς
3077 3933 3294 4004 ἐκείνης
3339 3927 3544 4000 γνῶσιν
3591 3933 4032 4000 είσπράττομαι,

2445 4030 2654 4092 πόλεως
2694 4026 2939 4096 μεγάλης
2972 4025 3070 4078 καὶ
3089 4022 3314 4094 πρώτης
3339 4023 3450 4076 τῶν
3479 4021 3830 4088 Μακεδόνων,
3859 4018 4037 4076 τᾶλλα

2448 4119 2546 4191 μὲν
2576 4116 2913 4190 περιφανοῦς
2944 4109 3027 4178 οἷς
3057 4113 3384 4184 σεμνύνεται
3424 4111 3602 4175 πόλις,
3634 4113 3731 4164 καὶ
3789 4113 4037 4182 μηδεμιᾷ

2442 4211 2552 4266 τῶν
2615 4210 2843 4280 ἔγγιστα
2910 4206 3352 4279 παραχωρούσης
3423 4204 3497 4274 μὴ
3545 4205 3628 4257 ὅτι
3681 4203 3802 4257 κατ’
3860 4207 4036 4273 αὐτὴν

2441 4303 2697 4375 ὀφθῆναι,
2738 4300 3216 4372 περιφανεστέρας
3261 4298 3318 4352 δὲ
3358 4297 3457 4368 τὴν
3495 4296 3801 4361 εὐσέϐειαν,
3854 4297 3923 4367 ἢν
3979 4299 4036 4363 ἐξ

2442 4396 2618 4469 ἀρχῆς
2642 4394 2863 4462 ἐδέξατο
2889 4393 2983 4448 καὶ
3011 4391 3283 4462 δεξαμένη
3314 4391 3478 4461 μέχρι
3536 4389 3634 4442 τοῦ
3683 4389 3781 4443 νῦν
3835 4390 4035 4443 διεσώ-

748 4497 874 4548 cua,
913 4488 967 4536 et
1000 4496 1123 4551 qua:
1164 4480 1301 4535 nulli
1344 4480 1651 4535 vicinarum
1689 4480 1997 4543 civitatum,
2043 4479 2160 4548 pari
2212 4494 2338 4534 cum

2446 4505 2595 4542 σατο.
2656 4485 2831 4541 Δύτδν
2873 4485 2983 4554 γὰρ
3032 4483 3192 4554 αὐχεῖ
3247 4481 3622 4552 Θεσσαλονίκη
3664 4481 3763 4534 τὸν
3813 4482 4034 4535 Παῦλον

748 4577 1006 4632 ninnibns
1039 4587 1258 4630 certans
1286 4573 1558 4639 claritate,
1597 4573 1776 4640 cedat,
1810 4573 2012 4642 pietate
2038 4587 2168 4628 vero
2199 4588 2336 4628 cun-

2446 4582 2589 4652 έχειν
2615 4581 2716 4646 τῆς
2748 4577 3032 4640 εὐσεϐείας
3063 4573 3408 4639 διδάσκαλον,
3454 4573 3517 4627 τδ
3555 4573 3755 4637 σκεῦος
3799 4575 3904 4643 τῆς
3937 4578 4033 4627 ἐκ-

748 4671 854 4725 ctis
891 4668 1159 4723 illustrior
1207 4667 1457 4729 exsistat,
1493 4680 1656 4736 quam
1705 4679 1736 4718 a
1775 4664 2044 4735 principio
2094 4665 2339 4735 suscepit

2446 4673 2709 4744 λογῆς,ὃς
2739 4673 2849 4727 ἀπὸ
2920 4669 3278 4742 Ἰερουσαλήμ
3338 4667 3524 4738 κύκλῳ
3581 4667 3678 4721 καὶ
3733 4667 3901 4738 μέχρι
3934 4669 4031 4721 τοῦ

747 4770 1172 4830 susceptamque
1206 4759 1474 4814 hactenus
1511 4757 1841 4812 incolumem
1868 4757 2128 4813 servavit.
2154 4755 2335 4827 Ipsum

2448 4765 2745 4837 Ἰλλυρικοῦ
2778 4765 2855 4836 τῷ
2889 4761 3234 4832 εὐαγγελικῷ
3256 4758 3570 4831 περιλαϐὼν
3617 4758 3718 4829 τὴν
3769 4761 4033 4830 οἰκουμέ-

747 4855 892 4908 rnim
933 4852 1183 4918 Paulum,
1211 4865 1308 4904 vas
1337 4850 1645 4913 electionis,
1679 4849 1894 4917 pietatis
1925 4849 2031 4904 sibi
2073 4849 2342 4920 gloriatur

2446 4875 2534 4928 νην
2561 4856 2902 4929 κηρύγματι,
2934 4857 2992 4908 ἐν
3029 4854 3167 4925 αὐτῇ
3206 4851 3409 4924 μᾶλλον
3445 4852 3536 4904 τὸν
3560 4850 3661 4920 τῆς
3694 4851 4032 4920 θεογνωσίας

2438 4947 2641 5018 σπόρον
2677 4946 2944 5001 κατέϐαλε
2979 4945 3076 4999 καὶ
3107 4943 3378 5015 πολύχουν
3417 4941 3771 4997 ἀποδίδοσθαι
3801 4943 3894 4995 τὸν
3929 4943 4033 5013 τῆς

746 5047 801 5088 et
867 5049 1040 5102 neque
1116 5033 1170 5086 in
1238 5031 1511 5103 Illyricum
1573 5031 1890 5102 evangelica
1943 5031 2332 5100 praedicatione

2446 5039 2674 5103 πίστεως
2704 5040 2921 5109 καρπὸν
2969 5036 3327 5091 διεσπούδασε
3359 5051 3374 5069 ο
3408 5035 3528 5106 μετ’
3559 5035 3774 5088 ἐκεῖνον
3823 5035 3884 5088 δέ
3939 5036 4032 5088 τὸν

747 5129 1068 5181 universum
1136 5125 1328 5180 orbem
1389 5124 1731 5194 complexus.
1791 5123 1865 5178 illi
1926 5139 2038 5194 prae
2101 5125 2329 5195 reliquis

2446 5132 2613 5201 μέγαν
2651 5131 2710 5183 ἐν
2730 5131 2969 5200 μάρτυσι
2999 5129 3094 5182 καὶ
3138 5126 3578 5198 ἀξιοθαύμαστον
3609 5127 3668 5179 ἐν
3697 5125 4029 5195 ἀθλοφόροις

745 5218 942 5273 divinae
1016 5217 1345 5288 cognitionis
1409 5231 1596 5272 semen
1663 5216 1961 5282 commisit,
2029 5233 2095 5272 ex
2154 5232 2331 5288 eoque

2446 5223 2746 5293 Δημήτριον
2771 5222 2862 5275 τὸν
2893 5219 3259 5292 μυροϐλύτην,
3290 5217 3458 5273 πολὺν
3488 5217 3677 5286 ἀγῶνα
3707 5217 3833 5286 καις
3865 5218 4030 5269 αὑτὸν

747 5310 1056 5364 nhcrrimos
1124 5307 1247 5362 fidei
1297 5305 1510 5364 fructus
1565 5323 1789 5379 surgere
1841 5309 1991 5363 omni
2044 5308 2331 5379 diligentia

2446 5314 2572 5384 Βπέρ
2598 5313 2700 5382 τῆς
2730 5311 3014 5375 εὐσεϐείας
3044 5311 3494 5382 καταϐαλόμενον
3535 5310 3578 5342 ³⁸
3611 5308 3732 5379 (καὶ
3786 5309 3899 5378 γὰρ
3963 5305 4028 5378 ἦν

745 5404 982 5455 curavit.
1017 5400 1147 5457 Post
1177 5399 1404 5455 Paulum
1437 5417 1566 5457 vero
1597 5401 1743 5456 inter
1771 5412 2040 5475 martyres
2069 5419 2327 5474 magnum

2446 5404 2569 5474 πρὸς
2591 5406 2701 5466 τοῖς
2734 5401 2912 5466 ἄλλοις
2942 5402 3044 5472 τῆς
3073 5401 3274 5474 ἀρετῆς
3295 5401 3609 5471 αὐχήμασιν
3641 5397 3723 5451 ἐτι
3747 5399 3844 5450 καὶ
3860 5397 4027 5460 θείοκ

748 5495 1003 5564 interque
1056 5497 1294 5552 victores
1361 5504 1656 5553 coronatos
1726 5497 1888 5568 digne
1944 5497 2326 5554 admirandum

2446 5498 2740 5568 ἐμπρέπων
2790 5495 3118 5566 διδάγμασιν
3156 5497 3254 5548 καὶ
3302 5497 3370 5566 τῇ
3403 5494 3534 5566 περὶ
3572 5492 3684 5547 τῶν
3733 5492 4027 5562 δογμάτων

747 5590 1110 5661 myroblytam
1141 5590 1459 5661 (unguentis
1489 5590 1703 5646 scilicet
1752 5591 2091 5663 manantem)
2133 5590 2328 5647 Deme-

2446 5591 2696 5662 ἀκριϐείᾳ
2739 5590 3172 5660 κεκοσμημένος,
3223 5589 3281 5654 ἐξ
3311 5582 3371 5643 οὗ
3394 5589 3488 5641 καὶ
3523 5587 3728 5659 μᾶλλον
3775 5585 3842 5640 to
3900 5586 4024 5652 περὶ

747 5684 936 5750 trium,
982 5684 1073 5754 qui
1101 5692 1152 5739 et
1178 5685 1294 5753 ipse
1330 5697 1431 5753 pro
1461 5684 1664 5753 pietate
1697 5685 1995 5754 plurimum
2020 5685 2328 5741 desudavit.

2446 5684 2607 5739 αὑτοῦ
2643 5682 2850 5754 διεδόθη
2880 5683 3033 5745 κλέος
3063 5684 3175 5746 τοῖς
3204 5681 3458 5752 πέρασιν)
3496 5697 3509 5712 ·
3544 5676 3664 5734 εἶτα
3721 5679 3852 5745 τοὺς
3902 5676 4013 5732 καθ.

2072 5773 2303 5830 VARUS
2347 5773 2748 5830 LECTIONES.

827 5865 874 5900 ⁸⁸
900 5860 1062 5938 εἶναι]
1093 5866 1250 5929 ὁντας
1277 5866 1341 5920 Α.
1419 5868 1464 5900 ³⁸
1496 5866 1666 5938 αὐτὴν
1701 5881 1811 5922 om.
1856 5865 1914 5922 P.
1993 5869 2036 5900 '°
2059 5867 2156 5940 τὴν
2185 5879 2306 5937 post
2332 5868 2466 5938 πρὸς
2495 5882 2607 5922 om.
2639 5867 2704 5922 A.
2785 5867 2823 5898 ³³
2859 5865 3415 5936 καταϐαλλόμενονΑ.

749 4946 1108 5013 magistrum;
1137 4944 1228 5012 qui
1268 4940 1520 4996 videlicet
1551 4940 1618 4995 ab
1643 4937 1946 4996 Jerusalem
1977 4940 2030 4994 in
2071 4940 2328 5006 circuitu,
