4154 6450
123 355 227 424 529

1207 369 1303 429 DE
1339 369 1657 430 EXCIDIO
1691 372 2304 435 'HIESSALONICE.

3307 388 3409 451 530

121 475 244 545 ιξῆς
273 472 560 545 ἀρχιερεῖς
585 475 793 539 πάντας
831 473 927 527 τοῦ
974 479 1245 548 σωτηρίου
1279 478 1441 547 λόγου
1473 481 1713 552 στερρῶς

1821 483 1872 538 ls
1911 499 2169 556 namque,
2200 493 2400 557 praeter
2429 486 2674 559 reliquas
2721 488 2843 560 ejus
2898 494 3130 551 eximias
3191 498 3411 557 virtutis

119 565 536 635 ἀντεχομένους,
566 565 627 631 ἐξ
653 563 730 620 ὦν
756 567 843 620 ἀεὶ
873 567 1313 640 καταρτιζομένη
1351 572 1449 624 καὶ⁸
1499 573 1704 626 παιδα-

119 663 449 732 γωγουμένη
499 662 598 728 τὴν
649 662 929 733 θειοτέραν
985 663 1267 717 παίδευσιν
1328 666 1705 736 δαιμονιὼδεις

119 755 209 806 καὶ
243 754 506 824 μυσαρὰς
540 751 624 825 [Ρ.
657 753 789 824 520]
812 753 1018 816 πλάνας
1051 756 1146 808 καὶ
1172 755 1332 821 δόξας
1363 759 1457 811 καὶ
1490 759 1704 813 είδωλι-

117 843 218 906 x3e;
241 845 628 915 είκαιο-μυθίας
652 848 764 908 τοῖς
792 847 996 916 τιμῶσι
1021 847 1148 910 τοὺς
1169 847 1427 918 δαίμονας
1453 852 1707 922 ἀπεπέμ-

117 937 275 1003 ψατο,
317 937 592 1007 ὀρθοδόξῳ
640 939 697 991 δὲ
730 939 918 1010 διδαχῇ
959 939 1058 1009 τὴν
1104 939 1288 994 πίστιν
1333 944 1702 1011 σφραγίσασα,

118 1029 208 1080 καὶ
235 1030 346 1081 πᾶν
378 1028 694 1092 ζιζανιῶδες
724 1031 893 1099 φυτὸν
923 1032 1017 1085 καὶ
1045 1033 1322 1102 αἱρετικὸν
1353 1037 1448 1088 καὶ
1471 1037 1706 1106 ἀλλόφυ-

115 1119 201 1170 λον
223 1120 493 1188 οὐμενοῦν
534 1122 792 1175 οὐδέποτε
825 1123 904 1190 τῷ
955 1123 1084 1194 θείῳ
1126 1125 1313 1195 σπόρῳ
1358 1129 1701 1200 συγκαταμί-

116 1213 250 1277 ξασα
273 1213 342 1278 ³²,
367 1213 619 1283 καθαρὰν
641 1215 737 1268 καὶ
761 1214 1054 1285 ἀκίϐδηλον
1071 1215 1371 1272 διεσώσατο
1400 1220 1500 1290 τὴν
1543 1221 1702 1275 εὐσέ-

116 1298 402 1368 ϐειανῙΗς
423 1305 598 1361 πολλὰ
624 1305 726 1374 μὲν
740 1307 834 1360 καὶ
858 1307 994 1361 ἄλλα
1007 1309 1387 1380 γνωρίσματα.
1422 1311 1481 1379 ἐξ
1501 1313 1547 1344 ⁸³
1573 1305 1648 1366 ὧν
1673 1315 1705 1372 ἡ

117 1399 271 1467 φήμη
337 1398 436 1460 τάς
489 1398 745 1468 ἀφορμὰς
802 1399 1158 1466 λαμϐάνουσα
1186 1401 1441 1474 λαμπρὸν
1488 1404 1549 1457 τὸ
1578 1407 1707 1478 περὶ

115 1491 283 1559 αὑτῆς
307 1492 606 1560 ἐκήρυττεν
619 1491 812 1560 ὄνομα,
837 1491 895 1544 ἒν
919 1492 974 1545 δὲ
993 1492 1152 1547 τοῦτο
1181 1495 1398 1564 πρῶτον
1428 1498 1522 1550 καὶ
1553 1499 1709 1552 ίδιαί-

114 1600 276 1633 τατον
318 1583 754 1649 διεδείκνυτο,τὸ
786 1584 1066 1654 ὀρθόδοξον
1099 1586 1272 1657 αὐτὴν
1325 1590 1421 1641 καὶ
1448 1586 1587 1644 εἶναι
1613 1592 1708 1644 καὶ

111 1674 505 1743 ὀνομάζεσθαι,
529 1677 621 1729 καὶ
641 1675 821 1746 τούτῳ
849 1676 891 1710 ⁸⁸
923 1677 1126 1747 μᾶλλον
1153 1679 1299 1750 ῆπερ
1356 1682 1474 1744 τοῖς
1527 1681 1708 1748 ἄλλοις

114 1766 509 1832 σεμνύνεσθαι.
542 1767 683 1820 Ἀλλ’
718 1768 909 1840 ἐπειδὴ
935 1771 1025 1823 καὶ
1055 1770 1126 1824 τά
1157 1773 1281 1825 κατ’
1337 1773 1509 1843 αὐτὴν
1566 1775 1708 1828 ἐκεί-

115 1876 210 1924 νην
245 1860 347 1926 τὴν
369 1860 526 1911 πόλιν
555 1859 859 1928 φιλοπόνως
897 1861 1093 1931 μαθεῖν
1137 1864 1507 1935 ὲπεζήτησας,
1549 1867 1712 1922 τοῦτο
1743 1851 1786 1909 Β

112 1946 164 1997 δὲ
186 1948 642 2019 δυσεπιχείρητόν
669 1967 727 2003 τε
761 1952 836 2014 ὼς
868 1953 911 1982 ³⁵
933 1953 1058 2022 ἐμοὶ
1079 1956 1144 2022 τῇ
1176 1971 1236 2007 τε
1264 1956 1515 2028 παρούσῃ
1556 1959 1704 2030 ὁρμῇ

114 2037 205 2090 τοῦ
231 2038 396 2105 λόγου
435 2042 586 2110 παρὰ
621 2042 816 2111 μικρὸν
849 2042 1231 2110 ἀνακόλουθον,
1258 2045 1419 2114 ὀλίγα
1452 2048 1595 2116 τινὰ,
1620 2051 1712 2103 καὶ

1815 575 2030 642 laudes,
2067 577 2269 632 divinae
2302 579 2468 640 etiam
2525 581 2794 637 doctrina:
2847 584 2969 641 luce
3039 587 3282 659 fulgebat
3318 607 3414 647 ex-

1816 677 2048 738 actaque
2103 667 2786 745 dogmatummognitione
2836 687 3067 734 ornatus
3113 691 3263 749 erat,
3299 701 3411 753 quo

1813 757 1972 829 491,
2012 767 2066 816 et
2106 762 2282 830 magis
2317 762 2437 832 ejus
2473 767 2715 823 nominis
2741 767 2968 825 claritas
2997 772 3051 827 in
3082 774 3234 831 orbis
3277 777 3412 832 lines

1814 850 1979 906 didita
2028 862 2150 912 est.,
2172 851 2312 908 Tum
2350 857 2443 925 qui
2491 857 2748 931 deinceps
2785 864 2962 916 secuti
3019 875 3171 927 sunt,
3209 881 3406 925 omnes

1789 945 2102 1013 “praesules,
2125 947 2400 1002 salutaris
2434 949 2698 1005 doctrinm
2744 954 2848 1024 ipsi
2877 954 3018 1010 lirmi
3062 966 3368 1016 assertores
3391 1002 3406 1026 ,

1815 1051 2050 1106 quorum
2097 1053 2286 1108 opera,
2341 1041 2471 1096 dum
2529 1042 2801 1100 diviniore
2857 1063 3077 1118 semper
3120 1050 3409 1120 perficitur

1815 1144 2095 1200 manuque
2150 1132 2374 1188 ducitur
2416 1148 2480 1189 ac
2526 1137 2783 1191 eruditur
2830 1139 3146 1209 disciplina,
3197 1143 3407 1198 daemo-

1815 1221 2008 1277 niacos
2065 1223 2426 1297 impurosque
2481 1243 2700 1284 errores
2754 1244 2820 1286 ac
2869 1231 3161 1300 opiniones
3220 1235 3403 1291 idolo-

1815 1327 2045 1383 rumque
2111 1330 2352 1387 nugaces
2409 1319 2637 1376 fabellas
2697 1335 2762 1377 ac
2823 1325 3096 1379 vanitates
3161 1326 3410 1396 ipsorum

1815 1406 2123 1463 cultoribus
2180 1409 2418 1475 dimisit,
2471 1420 2743 1484 rectaeque
2803 1417 3082 1486 Opinionis
3156 1417 3412 1474 doctrina

1818 1500 1976 1554 [idem
2011 1502 2331 1574 obsignans,
2375 1519 2437 1559 ac
2470 1507 2737 1576 quidquid
2771 1510 3112 1566 zizaniorum
3140 1519 3195 1568 et
3229 1513 3408 1568 haere-

1817 1594 2053 1647 ticorum
2107 1594 2656 1668 alicnigenarumque
2717 1600 3078 1670 plantationis
3134 1612 3239 1671 est,
3275 1604 3412 1659 nihil

1819 1698 2047 1752 usquam
2104 1685 2305 1741 divinae
2365 1691 2600 1744 sementi
2662 1692 3022 1762 conjunctum
3091 1693 3411 1759 admittens,

1818 1790 2011 1843 puram
2063 1777 2444 1851 illibatamque
2494 1784 2747 1852 pietatem
2814 1788 3181 1843 conservarit.
3239 1787 3412 1859 Cujus

1814 1882 1938 1922 cum
1965 1879 2019 1924 et
2051 1871 2157 1925 alia
2189 1872 2426 1945 insignia
2465 1891 2528 1930 ac
2549 1885 2692 1933 nota
2722 1889 3045 1950 suppetunt,
3085 1883 3231 1937 unde
3263 1882 3409 1936 fama

1814 1965 2141 2020 occasiones
2171 1977 2334 2021 nacta
2385 1969 2534 2026 illius
2582 1973 2796 2027 clarum
2841 1988 3043 2030 nomen
3069 1974 3270 2037 eﬂ‘ecit,
3298 1985 3410 2029 tum

1813 2071 1983 2109 unum
2015 2059 2148 2112 illud
2190 2061 2428 2129 primum
2473 2078 2538 2118 ac
2586 2066 3091 2135 singularissimum
3132 2077 3410 2124 monstra-

114 2123 186 2192 οἷς
229 2132 470 2199 μάλιστα
499 2133 678 2198 ἔξεστι
707 2134 885 2188 δοκεῖν
918 2136 1052 2206 ὁρᾷν
1082 2154 1142 2189 σε
1176 2137 1287 2190 τῶν
1306 2139 1615 2209 λεγομένων
1642 2141 1713 2196 τὰ

1819 2157 1927 2215 tur,
1981 2152 2128 2220 quod
2165 2162 2328 2209 rectae
2360 2155 2481 2211 lidei
2521 2123 2705 2212 tenax”
2724 2160 2956 2215 exsistat
2984 2175 3048 2215 ac
3073 2161 3405 2227 celebretur,

115 2223 447 2292 πράγματα,
489 2227 555 2296 τῇ
582 2225 836 2297 διηγήσει
882 2229 1143 2298 προσθεὶς
1206 2231 1250 2262 ³⁸
1298 2231 1392 2284 ἐπὶ
1445 2232 1544 2302 τὴν
1587 2233 1711 2288 καθ’

1819 2240 2026 2312 hocque
2079 2246 2256 2315 magis
2317 2263 2480 2316 quam
2534 2249 2660 2306 ullis
2715 2250 2838 2305 aliis
2893 2254 3236 2308 ornamentis
3293 2223 3403 2308 sibi

115 2315 262 2383 ἡμᾶς
298 2317 500 2381 αὐτοὺς
525 2320 876 2390 τραπήσομαι
902 2322 1209 2392 συμφοράν.

1819 2333 2023 2404 placeat
2056 2345 2224 2409 atque
2260 2315 2552 2396 clarescat.
2601 2340 2709 2397 Sed
2744 2343 2872 2413 quia
2903 2344 3021 2410 ejus
3049 2345 3226 2414 ipsius
3266 2343 3406 2398 civi-

115 2412 243 2511 tatis
291 2426 380 2466 res
424 2423 682 2511 accurate
732 2430 798 2471 ex
846 2431 934 2473 me
959 2417 1175 2474 discere
1201 2420 1494 2490 quaesiisti,
1541 2423 1706 2496 idque
1743 2438 1806 2483 ut
1857 2443 2112 2501 praestem
2152 2436 2386 2491 arduum
2437 2440 2568 2494 mihi
2607 2455 2708 2496 nec
2777 2442 3064 2511 praesentis
3134 2444 3412 2502 sermonis

117 2504 379 2558 instituto
433 2504 729 2562 admodum
780 2519 1214 2568 consentaneum
1244 2514 1490 2582 exsistit,
1521 2520 1714 2586 paucis
1751 2523 2057 2587 nonnullis,
2083 2538 2147 2579 ac
2177 2527 2381 2595 quibus
2412 2529 2649 2584 maxime
2682 2545 2746 2585 ea
2779 2504 2915 2599 quae
2981 2531 3212 2586 dicenda
3280 2540 3409 2588 sunt

114 2601 292 2654 oculis
326 2616 594 2671 usurpare
633 2603 729 2657 tibi
781 2604 899 2674 ipse
944 2606 1118 2663 videri
1160 2609 1366 2679 possis,
1400 2613 1706 2670 narrationi
1747 2615 2046 2688 adjunctis,
2120 2621 2186 2676 ad
2241 2631 2487 2680 nostrain
2539 2624 2782 2696 ipsorum
2829 2625 3201 2682 calamitatem
3288 2639 3414 2679 ora—

115 2708 324 2750 ιιι-ιιεηι
379 2709 726 2754 convertam.

185 2792 250 2844 δ’.
289 2791 482 2845 Ἔστιν
507 2793 604 2846 οὖν
631 2796 664 2864 ἠ
694 2795 868 2858 πόλις.
888 2795 964 2858 ὡς
991 2797 1232 2868 εἴρηται,
1270 2799 1483 2871 μεγάλη
1527 2819 1584 2855 τε
1616 2804 1713 2857 καὶ

1895 2810 1948 2864 ι.
1984 2808 2057 2863 Ea
2098 2808 2288 2880 igitur,
2324 2807 2402 2863 uti
2432 2808 2640 2864 dictum
2682 2814 2790 2873 est,
2821 2821 3016 2876 magna
3048 2806 3240 2862 civitas
3273 2806 3414 2860 lato-

117 2886 172 2936 r)
184 2887 329 2953 ρτῖα,
361 2885 570 2956 τείχεσι
593 2889 690 2941 καὶ
713 2887 1001 2958 προϐόλοις
1030 2895 1246 2960 συχνοῖς
1263 2897 1708 2967 κατωχυρωμένη

1821 2914 1931 2969 que
1977 2899 2098 2954 fusa
2141 2900 2371 2964 ambitu,
2405 2913 2469 2953 ac
2526 2899 2803 2955 manibus
2861 2899 3182 2968 crebrisque
3211 2912 3413 2969 propu-

117 2979 209 3027 tu“.
245 2978 306 3029 τὸ
329 2978 576 3045 ἀσφαλὲς
608 2981 722 3043 τοῖς
762 2982 1079 3052 οίκήτορσιν
1099 2984 1223 3036 ὅσον
1255 2986 1322 3038 ἐκ
1366 2987 1468 3056 τῆς
1506 2987 1713 3043 τούτων

1824 2988 2087 3059 gnaculis
2118 2997 2280 3058 atque
2337 2988 2558 3043 areihu
2604 2988 2836 3049 munita.
2889 2986 3162 3058 ejusmodi
3198 2986 3413 3042 scilicet

114 3068 410 3140 οἰκοδομῆς
434 3071 814 3143 παρεχομένη,
853 3074 1148 3128 θαλάσσιον
1180 3075 1384 3147 ἔχουσα
1421 3080 1624 3135 κόλπον
1652 3084 1713 3137 ἐκ

1825 3094 1947 3149 quae
1977 3077 2214 3144 civibus,
2261 3087 2530 3149 quantum
2566 3079 2633 3133 ad
2665 3081 2861 3133 horum
2921 3087 3250 3134 structuram
3280 3079 3411 3133 atti-

116 3163 272 3216 νότου
311 3164 769 3235 καθηπλωμένον,
823 3161 867 3236 ᾧ
901 3169 998 3224 καὶ
1049 3174 1487 3246 περικλυζομένη
1524 3177 1626 3249 τὴν
1653 3181 1713 3233 ἐκ

1827 3178 1942 3233 net,
1971 3176 2149 3224 tutum
2186 3169 2564 3225 habitaculum
2609 3169 2775 3241 492
2820 3171 3084 3239 praebeat.
3136 3168 3408 3225 Marinum

115 3254 351 3321 πλαγίου
387 3255 632 3326 πλευρὰν
667 3259 786 3322 ταῖς
821 3237 1199 3330 ἁπανταχόθεν
1228 3237 1593 3333 aspectis-aq.
1622 3265 1713 3318 ,ὁλ-

1828 3264 2012 3316 sinum
2059 3263 2129 3316 ad
2179 3270 2370 3316 notum
2425 3237 2773 3331 promus—um—
2804 3237 2988 3326 liabet,
3024 3276 3153 3331 quo,
3188 3262 3413 3332 obliquo

117 3349 281 3401 κάσιν
309 3350 639 3405 εὐεπίϐατον
661 3352 762 3422 τὴν
791 3353 928 3422 πρὸς
947 3353 1118 3424 αὐτὴν
1143 3357 1368 3424 πορείαν
1393 3357 1714 3430 παρέχεται.

127 3441 600 3498 ’Υποκοιλαίνεται
644 3446 752 3515 γάρ
804 3461 888 3509 τις
929 3447 1111 3500 ἐκεῖσε
1151 3447 1466 3518 θαυμαστὸς
1516 3450 1706 3521 λιμὴν,

115 3535 380 3602 ἀσφαλῶς
413 3536 693 3601 ὑπτιάζων
723 3539 837 3603 τοῖς
867 3538 1153 3609 πλωτῆρσι
1191 3540 1290 3612 τὴν
1335 3541 1560 3606 εῐσοδον,
1596 3546 1718 3606 ταῖς

115 3630 180 3680 ἐκ
209 3629 542 3696 πνευμάτων
570 3629 852 3695 παντελῶς
882 3632 1178 3702 ἀπείρατος
1213 3636 1478 3703 ταραχαῖς
1503 3635 1599 3687 καὶ
1625 3635 1718 3687 τὸν

115 3721 291 3788 ὅρμον
324 3721 582 3791 ἀκύμονα
608 3722 904 3777 καθιστῶν.
946 3726 1044 3777 ’ον
1072 3727 1137 3777 ὲκ
1162 3725 1262 3795 τῆς
1288 3725 1482 3796 λοιπῆς
1513 3726 1716 3780 θαλάσ-

119 3814 288 3880 σης-ὀ
317 3813 575 3882 τεχνίτης
606 3814 852 3884 ἀπέτεμε
895 3829 908 3844 ³
959 3815 1125 3885 μέσον
1167 3818 1274 3887 γὰρ
1303 3817 1573 3888 ἀπείρξας
1631 3817 1719 3873 διά

113 3919 267 3966 τινος
296 3903 511 3974 τείχους
535 3905 635 3975 τὴν
658 3905 768 3959 τῶν
789 3906 999 3960 ὑδάτων
1028 3907 1335 3978 ὲπίῤῥοιαν,
1361 3911 1718 3982 συναπεῖρξεν

115 3995 184 4045 ἐκ
225 3992 322 4046 τοῦ
366 3995 504 4063 πρὸς
531 3994 805 4050 θάλασσαν
834 3997 927 4050 καὶ
957 3997 1069 4050 τῶν
1104 3999 1437 4068 πνευμάτων
1464 4000 1557 4054 τὸν
1582 4001 1716 4054 κλύ-

114 4085 284 4139 δωνα.
330 4085 398 4138 Ἠ
428 4084 673 4140 θάλασσα
712 4087 822 4159 γὰρ
849 4089 926 4156 τῷ
963 4088 1110 4158 βυθῷ
1154 4091 1450 4160 φυσωμένη
1490 4092 1583 4145 καὶ
1617 4094 1718 4162 τὴν

116 4178 401 4249 ἐκδρομὴν
439 4180 577 4250 πρὸς
601 4181 698 4252 τὴν
730 4183 926 4252 χέρσον
955 4185 1315 4257 έρευγομένη,
1378 4187 1456 4258 τῷ
1485 4188 1716 4261 διαφρά-

118 4288 299 4336 γματι
326 4270 424 4324 τοῦ
445 4273 569 4343 τῇδε
609 4274 823 4343 τείχους
846 4276 1186 4347 κωλυομένη,
1219 4279 1293 4347 μὴ
1353 4279 1554 4348 ἔχουσα
1607 4285 1714 4335 τίνι

115 4368 218 4432 τὴν
244 4363 482 4434 ἀπειλὴν
505 4366 804 4436 ὲπαφήσει,
837 4371 1005 4437 χωρεῖ
1024 4372 1134 4430 τοῖς
1191 4371 1276 4438 ἐφ’
1330 4373 1567 4444 ἑκάτερα
1622 4376 1716 4428 τοῦ

115 4459 337 4526 τείχους
383 4458 596 4528 μέρεσι,
625 4461 719 4512 καὶ
763 4459 824 4512 τὸ
845 4459 988 4530 ὕδωρ
1013 4460 1202 4530 ἡρέμα
1253 4480 1371 4522 πως
1421 4449 1716 4537 ὀλισθῆσαν

1827 3353 1995 3407 latere
2043 3352 2399 3417 circumluta,
2449 3352 2683 3406 navibus
2738 3352 2977 3420 undique
3013 3368 3232 3406 versum
3273 3367 3412 3406 con-

1824 3445 2118 3500 ﬂuentibus
2169 3444 2383 3499 facilem
2431 3445 2484 3498 in
2539 3453 2713 3499 semet
2775 3453 2999 3513 praestat
3045 3445 3272 3498 aditum.
3312 3443 3413 3499 llic

1822 3538 1969 3592 enim
2006 3545 2198 3607 portus
2243 3537 2466 3606 quidam
2500 3535 2773 3592 mirabilis
2803 3553 2939 3592 cavo
2972 3551 3191 3593 recessu
3223 3536 3411 3591 fundi-

1823 3640 1932 3694 tur,
1981 3644 2266 3700 pronoque
2296 3630 2351 3683 in
2381 3645 2440 3681 se
2468 3629 2620 3684 aditu
2657 3629 3045 3700 navigantibus
3081 3638 3200 3684 tuto
3249 3645 3410 3684 resu-

1823 3721 2066 3790 pinatur,
2098 3734 2128 3773 a
2173 3729 2464 3774 ventorum
2524 3719 2747 3788 injuriis
2797 3735 3028 3790 prorsus
3069 3720 3330 3774 innoxius
3357 3727 3411 3775 et

1823 3814 2047 3868 navium
2110 3812 2335 3867 stationi
2401 3813 2651 3883 placidus
2705 3827 2767 3867 ac
2842 3812 3196 3882 tranquillus.
3250 3809 3409 3865 lltmc

1822 3904 2014 3958 artifex
2050 3920 2078 3957 a
2103 3905 2318 3974 reliquo
2346 3905 2482 3960 mari
2502 3906 2715 3968 divisit,
2751 3906 2937 3960 medio
2954 3905 3224 3976 siquidem
3252 3920 3412 3959 muro

1822 4010 2086 4066 aquarum
2133 3994 2341 4051 inﬂuxu
2389 3998 2651 4063 coercito,
2692 4013 2798 4051 una
2858 4012 3082 4068 quoque
3129 3997 3410 4065 praelusit

1822 4104 1944 4159 qua:
1993 4103 2059 4144 ex
2103 4090 2286 4142 vicino
2345 4091 2481 4143 mari
2525 4097 2928 4162 ventorumque
2974 4089 3103 4144 ﬂatu
3143 4088 3407 4143 ﬂuctuum

1823 4185 1904 4236 vis
1947 4182 2294 4251 procellaque
2321 4183 2573 4236 illiditur.
2607 4181 2755 4238 Mare
2781 4198 3023 4253 namque
3053 4183 3166 4236 alto
3195 4182 3409 4251 gurgite

1823 4275 2070 4328 inﬂatum
2131 4275 2502 4334 continentem
2538 4289 2862 4340 excurrens,
2893 4289 3052 4328 muro
3085 4273 3408 4345 interposito

1823 4365 2220 4434 praepeditum,
2267 4381 2392 4420 cum
2454 4381 2563 4420 non
2629 4367 2830 4430 habeat
2888 4382 2998 4436 quo
3047 4369 3227 4422 minas
3278 4382 3408 4422 suas

1822 4466 2107 4522 exoneret,
2164 4460 2218 4512 in
2270 4459 2440 4513 latera
2503 4461 2644 4513 muri
2705 4461 3097 4525 convolvitur;
3152 4467 3208 4515 et
3265 4473 3407 4529 aqua

117 4552 294 4622 ζάλης
325 4551 550 4622 ἀπάσης
594 4552 752 4617 ἐκτὸς
796 4554 888 4607 τὸν
942 4555 1184 4607 τοιοῦτον
1223 4557 1393 4626 ὅρμον
1439 4559 1708 4630 διατηρεῖ.

1825 4550 1972 4603 lento
2024 4551 2262 4620 quodam
2298 4553 2460 4607 modo
2491 4554 2695 4607 sensim
2729 4552 2982 4608 dilabens
3004 4553 3075 4608 ah
3103 4552 3251 4608 omni
3289 4552 3407 4607 salo

133 4643 192 4696 '0
215 4644 274 4695 δὲ
300 4644 368 4713 δὴ
397 4643 599 4707 κόλπος
619 4645 686 4698 ὲκ
711 4646 810 4714 τῆς
846 4646 1088 4716 μεγάλης
1134 4647 1412 4718 θαλάσσης
1447 4653 1713 4723 ’ἀποτμη-

118 4735 236 4797 θεὶς
262 4735 354 4787 ⁴διά
387 4752 530 4799 τινος
565 4737 813 4805 αὐχένος,
839 4737 1088 4805 ἀγκῶνος
1129 4739 1285 4809 δίκην
1326 4742 1712 4814 προϐεϐλημέ-

118 4846 213 4880 νου
244 4829 342 4881 καὶ
371 4830 465 4882 ἐπὶ
497 4831 760 4898 μήκιστον
785 4832 897 4893 τοῖς
950 4829 1107 4884 ὕδασι
1135 4831 1534 4903 διικνουμένου,
1567 4837 1627 4889 ὃν
1664 4841 1713 4891 οί

118 4921 266 4974 κατά
295 4920 486 4991 χώραν
509 4922 553 4954 ³⁷
607 4921 870 4976 Ἐκϐολον
899 4923 1226 4992 ὀνομάζουσι
1284 4927 1372 4979 διὰ
1422 4927 1485 4979 τὸ
1525 4930 1715 5000 πόρρω

117 5030 228 5066 που
249 5015 370 5076 τοῖς
396 5011 593 5067 ,ὕδασιν
642 5013 1035 5086 ἐκϐεϐλῆσθαι,
1077 5017 1436 5087 στενούμενός
1474 5039 1534 5074 τε
1580 5024 1717 5092 πρὸς

118 5105 221 5174 τὴν
251 5105 451 5172 ἑτέραν
481 5103 540 5170 ἐξ
573 5106 827 5171 ἐναντίας
851 5108 1044 5178 χέρσον
1077 5107 1157 5179 [Ρ.
1190 5109 1318 5181 321]
1368 5114 1433 5182 τῇ
1477 5113 1571 5166 τοῦ
1619 5117 1716 5168 αὐ-

119 5196 284 5265 χένος
335 5195 534 5249 τούτου
577 5198 934 5270 καινοτομίᾳ,
995 5200 1181 5272 ἕτερος
1238 5201 1403 5274 λιμὴν
1459 5205 1717 5274 πελάγιος

119 5285 337 5354 γίνεται
373 5301 385 5314 ”
418 5284 478 5350 ἐξ
496 5280 558 5340 οὗ
587 5285 650 5356 δή
669 5303 774 5355 περ
792 5287 1043 5356 ἀγκῶνος
1068 5288 1262 5360 μέχρις
1290 5291 1458 5344 αὑτοῦ
1477 5291 1570 5344 τοῦ
1605 5294 1720 5346 τεί·

125 5397 254 5453 (ou:
268 5379 374 5447 τῆς
406 5379 614 5441 πόλεως
643 5379 843 5434 κύκλον
870 5383 1235 5454 πανευπρεπῆ
1267 5383 1330 5436 τὸ
1359 5383 1504 5457 ὕδωρ
1528 5389 1714 5456 μιμεῖ-

125 5489 239 5534 ται,
267 5474 384 5534 τοῖς
400 5471 488 5540 ἐφ’
514 5471 750 5541 ἑκάτερα
784 5473 1009 5544 μέρεσιν
1058 5475 1154 5528 ἐπὶ
1211 5475 1348 5529 πολὺ
1398 5478 1714 5547 ἐκτεινόμε-

130 5580 218 5616 σον
251 5561 302 5595 ⁸⁸
323 5562 422 5617 καὶ
447 5563 584 5635 πρὸς
605 5564 705 5636 τὴν
731 5565 886 5620 πόλιν
905 5565 1047 5620 κατά
1069 5564 1246 5638 βραχὺ
1269 5569 1714 5640 συστελλόμενον.

1818 4651 2066 4710 aestuque
2130 4643 2364 4697 liberum
2427 4652 2716 4698 conservat
2784 4644 3093 4699 istiusmodi
3161 4653 3402 4712 portum.

1822 4733 1990 4788 Sinus
2043 4749 2210 4804 porro
2260 4750 2288 4787 a
2343 4750 2543 4805 magno
2601 4737 2735 4789 mari
2792 4737 3008 4792 cervice
3057 4736 3293 4807 quadam
3341 4750 3406 4790 ac

1822 4827 2076 4880 faucibus
2135 4827 2303 4881 cubiti
2374 4829 2550 4882 instar
2617 4827 3060 4897 prominentibus
3125 4842 3182 4880 at
3239 4842 3403 4897 quam

1820 4919 2142 4983 longissime
2167 4918 2278 4971 alto
2301 4934 2524 4988 aequore
2549 4921 3010 4989 procurrentibus
3045 4920 3185 4991 (eam
3205 4920 3407 4974 accola:

1818 5012 2088 5066 cervicem
2125 5012 2390 5067 Ecbolum
2427 5014 2724 5081 appellant,
2749 5013 2895 5083 quod
2926 5014 2980 5068 in
3017 5027 3166 5068 mare
3213 5014 3404 5083 procul

1823 5103 2066 5172 proiecta
2130 5102 2455 5175 ellunditur)
2512 5105 2824 5167 abscissus,
2883 5104 3050 5173 inque
3114 5103 3402 5158 adversam

1825 5199 2041 5265 sibique
2115 5197 2424 5266 oppositam
2501 5197 2873 5252 continentem
2941 5197 3174 5251 cervicis
3238 5196 3405 5264 hujus

1827 5291 2063 5344 artilicio
2093 5305 2156 5343 ac
2187 5290 2468 5343 molimine
2502 5297 2802 5353 coartatus,
2824 5289 2991 5342 alium
3017 5298 3231 5359 portum
3261 5291 3403 5343 intra

1827 5383 2053 5451 pelagus
2079 5382 2235 5436 efﬁcit
2260 5401 2274 5448 ;
2303 5399 2368 5438 ex
2401 5397 2510 5453 quo
2536 5380 2790 5437 videlicet
2831 5382 3018 5438 cubitu
3060 5381 3313 5451 ﬂexuque
3335 5382 3404 5437 ad

1825 5477 2001 5547 ipsum
2033 5476 2186 5531 urbis
2216 5492 2436 5531 murum
2471 5477 2658 5530 orbem
2680 5475 3128 5545 pulcherrimum,
3153 5475 3402 5545 partibus

1825 5571 2085 5638 utrinque
2125 5569 2230 5625 late
2271 5569 2408 5624 fusis
2459 5584 2762 5638 versusque
2815 5568 3004 5622 urbem
3035 5570 3240 5622 sensim
3280 5583 3402 5623 sese

1387 5684 1619 5740 VARIE
1652 5683 2055 5741 LECTIONES.

194 5772 240 5804 ³²
267 5769 718 5837 συγκαταδέξασα
737 5770 793 5824 Ρ.

129 5858 226 5912 ρας
259 5842 367 5898 AP.

903 5773 946 5806 ³³
979 5773 1037 5839 ἐξ
1067 5790 1175 5832 om.
1206 5778 1265 5833 Ρ.

445 5841 490 5875 ⁸⁸
518 5843 790 5914 ὲντεινόμε
800 5861 884 5897 νον
916 5843 974 5899 Ρ.

1373 5779 1416 5811 ³³
1453 5779 1608 5834 τοῦτο
1643 5777 1750 5834 Μ’.
1829 5779 1872 5811 ³³
1899 5778 2035 5842 τέως
2064 5778 2168 5833 ΑΡ.

2286 5780 2327 5810 ³⁸
2357 5778 2572 5849 προθεὶς
2604 5777 2892 5836 Combclis.
2934 5794 3104 5850 marg.
3219 5777 3264 5811 ³⁷
3296 5776 3399 5853 χὼ-
