4154 6450
747 357 845 421 531

1967 368 2300 436 ΙΟΑΧΝΕΞ
2357 373 2442 429 CA
2454 373 2798 434 MENIATA

3913 379 4019 440 532

751 479 1228 543 contrahentibus,
1255 481 1547 538 etIormare
1589 483 1828 538 videtur.
1862 483 1929 538 Et
1959 485 2181 554 respicit
2211 485 2334 555 qui-

2443 490 2545 542 Ka't
2581 492 2761 562 ἀφορᾷ
2796 491 2895 560 μὲν
2915 491 2942 542 ὁ
2973 491 3169 552 κόλπος
3196 491 3258 542 ὲκ
3285 491 3438 543 νότου
3470 490 3569 561 τὴν
3601 491 3793 561 λοιπὴν
3815 491 4016 544 θαλασ-

747 573 867 626 dem
901 569 1061 643 5.93
1095 573 1250 627 sinus
1282 573 1350 626 ab
1389 581 1578 629 austro
1606 575 1878 644 reliquum
1920 591 2099 641 mare,
2132 587 2322 647 portus

745 665 953 728 sinum,
1004 665 1134 718 urbs
1163 673 1404 733 portum.
1456 667 1534 720 Ac
1579 677 1770 736 portus
1811 668 2031 737 quidem
2089 681 2326 738 quatuor

746 759 962 827 angulis
1003 758 1508 827 comprehenditur,
1565 761 1723 816 sinus
1785 763 1983 816 ﬂexum
2057 761 2110 815 in
2136 763 2322 817 orbem

747 854 901 906 alveo
949 869 1111 921 quam
1183 853 1417 907 maxime
1465 852 1738 918 profundo
1802 856 2017 926 agitur;
2063 856 2325 910 extremis

667 944 673 947 ’
749 945 968 1009 ﬁnibus,
1015 955 1065 998 et
1113 947 1270 1015 longe
1318 961 1345 998 a
1380 946 1720 1012 continente,
1762 963 1957 1018 magna
1990 957 2140 1018 parte
2174 964 2327 1017 aqua:

746 1040 1088 1093 minuuntur.

815 1134 870 1185 5.
931 1131 995 1184 Et
1054 1132 1155 1185 hoc
1206 1134 1370 1186 modo
1412 1148 1470 1186 se
1516 1133 1677 1186 habet
1725 1147 1852 1201 pars
1900 1133 2051 1188 urbis
2100 1149 2221 1202 qua:
2261 1134 2325 1187 ad

749 1234 934 1279 notum
989 1235 1238 1294 spectat:
1274 1241 1395 1295 qua:
1446 1240 1578 1279 vero
1622 1227 1687 1279 ad
1745 1226 2081 1294 aquilonem,
2140 1243 2328 1295 asper-

748 1318 882 1370 rima
941 1325 1024 1370 est
1075 1324 1129 1371 et
1178 1332 1346 1386 prope
1393 1316 1682 1386 impervia.
1732 1317 1887 1372 Mons
1936 1318 2081 1372 enim
2141 1318 2330 1373 altiore

745 1410 1043 1477 supercilio
1089 1410 1315 1463 tumulis
1363 1411 1744 1479 superpositus
1785 1410 2009 1471 eminet.
2046 1426 2152 1464 non
2205 1427 2331 1480 par-

749 1513 867 1552 vam
919 1499 1162 1553 civitatis
1204 1507 1415 1568 partem
1471 1516 1498 1552 a
1543 1501 1749 1569 reliqua
1803 1500 1970 1555 humo
2009 1503 2328 1565 sustollens,

745 1591 882 1644 adeo
928 1599 986 1643 ut
1043 1605 1171 1658 pars
1209 1590 1355 1644 illius
1403 1591 1454 1642 in
1506 1591 1728 1659 planitie
1772 1591 2086 1645 accolarum
2140 1593 2332 1647 usibus

745 1690 994 1752 coaptata
1023 1682 1223 1749 jaceat,
1269 1698 1394 1750 pars
1430 1683 1484 1736 in
1516 1683 1748 1737 collibus
1781 1683 2158 1753 montiumque
2184 1685 2332 1754 jugis

749 1789 872 1829 sese
910 1773 1191 1828 extendat.
1232 1773 1380 1827 Nihil
1430 1784 1610 1830 tamen
1664 1776 1848 1830 damni
1887 1791 1949 1830 ea
1996 1776 2199 1831 montis
2236 1791 2334 1830 ex-

2437 601 2555 647 σαν,
2607 582 2788 651 ἀφορᾷ
2811 581 2867 635 δὲ
2896 580 3084 634 τοῦτον
3117 581 3317 650 ὁμοίως
3338 584 3364 639 ὁ
3388 581 3551 652 λιμὴν
3577 582 3670 635 καὶ
3703 581 3796 634 τὸν
3821 581 4017 650 λιμένα

2432 678 2464 744 ἡ
2501 675 2673 736 πόλις.
2724 673 2865 725 Ἀλλ’
2887 675 2915 725 ὁ
2944 674 3044 742 μὲν
3073 672 3239 741 λιμὴν
3266 674 3490 743 τέτρασι
3522 674 3748 740 γωνίαις
3780 675 4018 743 ἐμπερι-

2437 767 2712 836 είληπται,
2749 764 2778 816 ό
2807 764 2863 817 δὲ
2880 764 3079 827 κόλπος
3111 765 3229 816 ἐστὶ
3263 765 3591 835 περιφερὴς,
3609 765 3668 818 τδ
3697 765 3862 828 κύτος
3879 766 4019 834 ἔχων

2435 859 2522 911 διὰ
2547 859 2802 910 πλείστου
2845 857 3042 927 βάθους
3072 857 3305 927 χωροῦν,
3336 859 3404 911 τὰ
3454 859 3667 929 πέρατα
3693 858 3750 912 δὲ
3790 860 3886 912 καὶ
3915 860 4021 926 πρὸ

2438 948 2632 1001 πολλοῦ
2679 947 2776 1016 τῆς
2833 948 3030 1018 χέρσου
3097 947 3166 999 τὰ
3223 947 3393 1000 πολλὰ
3429 948 3536 1000 τῶν
3567 948 3776 1002 ὑδάτων
3809 949 4021 1001 συστεί-

2436 1041 2621 1094 λαντα.

2508 1140 2566 1187 ε’.
2611 1133 2748 1186 Ἀλλ’
2775 1133 2831 1186 ἐν
2853 1132 3063 1195 τούτοις
3090 1131 3148 1184 τὸ
3193 1132 3332 1186 κατὰ
3362 1133 3513 1185 νότον
3557 1133 3724 1202 μέρος
3766 1134 3870 1202 τῆς
3930 1134 4023 1184 πό-

2436 1226 2571 1287 λεως
2599 1225 2829 1294 βάσιμον
2857 1223 2925 1288 ³’,
2949 1225 3008 1276 τὸ
3035 1222 3172 1294 πρὸς
3211 1223 3416 1295 βορρᾶν
3473 1224 3528 1276 δὲ
3572 1224 3648 1285 ὼς
3691 1223 3814 1276 λίαν
3846 1224 4025 1292 τραχὺ

2439 1317 2532 1368 καὶ
2579 1315 2863 1368 δύσϐατον.
2907 1316 3072 1386 Ὄρος
3129 1316 3237 1385 γὰρ
3293 1314 3632 1385 ὑπερκύπτει
3660 1316 3786 1377 τοὺς
3826 1315 4026 1382 λόφους

2439 1408 2910 1479 ὐπερανεστηκὸς,
2936 1408 3037 1460 οὐκ
3075 1408 3258 1476 ὀλίγον
3291 1409 3454 1478 μέρος
3504 1407 3674 1476 αὐτῆς
3700 1408 3798 1475 τῆς
3835 1407 3880 1438 ⁸⁸
3929 1409 4026 1458 πό-

2438 1500 2575 1562 λεως
2630 1501 2727 1572 τῆς
2772 1499 2966 1566 λοιπῆς
3011 1499 3311 1569 ὑπεραῖρον
3355 1498 3478 1568 γῆς,
3521 1499 3596 1560 ὡς
3631 1497 3690 1548 τὸ
3721 1497 3820 1565 μὲν
3856 1495 4028 1560 αὐτῆς

2440 1592 2760 1663 πεδιάσιμον
2787 1588 3047 1645 εἶναικαὶ
3084 1594 3204 1654 ταῖς
3243 1591 3456 1662 χρείαις
3504 1591 3613 1643 τῶν
3663 1591 4027 1644 ἐνοικούντων

2441 1686 2798 1756 κατάλληλον,
2826 1685 2889 1738 τδ
2909 1684 2966 1737 δὲ
3008 1686 3123 1748 τοῖς
3148 1685 3189 1717 δ’
3228 1684 3440 1754 βουνοῖς
3461 1683 3556 1738 καὶ
3585 1685 3705 1746 ταῖς
3742 1683 3854 1735 τῶν
3888 1684 4030 1752 ὀρῶν

2438 1779 2738 1849 ἀκρότησιν
2759 1775 3162 1847 ἀνατείνεσθαιτ
3212 1775 3352 1828 Ἀλλ’
3391 1775 3548 1828 οὐδὲν
3575 1775 3752 1829 ἀδικεῖ
3795 1775 3895 1844 τὴν
3935 1777 4030 1825 πο-

746 1867 927 1922 tensio
957 1868 1252 1936 oppidanis
1289 1867 1568 1936 importat,
1595 1875 1856 1937 tanquam
1885 1885 1914 1921 a
1950 1869 2331 1939 superioribus

2443 1872 2517 1924 λιν
2550 1874 2583 1942 ἡ
2629 1871 2726 1925 τοῦ
2771 1870 2933 1942 ὅρους
2966 1850 3279 1938 παράτασις
3329 1869 3404 1931 ὡς
3463 1869 3804 1939 ἐμπαρέχειν
3845 1868 4028 1921 ἄδειαν

748 1978 847 2029 per
904 1977 1027 2016 eum
1083 1962 1301 2016 assilire
1356 1978 1652 2032 murosque
1711 1977 2026 2031 oppugnare
2084 1962 2336 2017 hostibus

751 2056 928 2110 liceat.
974 2053 1210 2106 Parvum
1270 2054 1416 2108 enim
1480 2054 1546 2107 ad
1592 2055 1932 2109 amoliendas
1979 2069 2336 2124 quascunque

750 2149 1001 2211 insidias,
1036 2148 1366 2217 interposito
1413 2163 1629 2217 campo,
1683 2148 1837 2200 hicce
1881 2147 2338 2201 tumulus'relin-

747 2243 866 2310 quit
913 2242 1176 2312 spatium,
1209 2257 1320 2310 quo
1357 2241 1480 2293 inde
1517 2242 1665 2294 cives
1705 2240 1917 2294 facilem
1955 2239 2166 2308 possint
2208 2252 2338 2308 pro-

749 2337 972 2405 pulsare
1000 2335 1293 2390 assultum.
1326 2333 1536 2388 Exinde
1592 2349 1751 2389 mons
1786 2333 1948 2403 longe
1996 2333 2340 2402 protenditur

741 2430 987 2500 jugoque
1041 2429 1301 2499 assurgit,
1336 2428 1571 2482 collilms
1617 2438 1784 2496 atque
1818 2427 2052 2481 vallibus
2105 2441 2338 2494 exaspe—

748 2533 927 2588 ratus,
980 2525 1033 2577 in
1097 2523 1337 2576 medium
1386 2521 1576 2591 procul
1629 2537 1688 2575 se
1742 2522 2008 2574 orientem
2069 2519 2335 2582 inferens,

745 2628 1012 2687 quantum
1074 2617 1333 2683 utrinque
1386 2602 1619 2683 subjecti
1672 2615 1773 2669 soli
1837 2615 2063 2683 agrique
2117 2614 2340 2682 oblique

745 2711 1092 2765 subducitur.
1139 2708 1194 2762 In
1238 2709 1442 2778 duplici
1506 2723 1743 2775 namque
1789 2705 2102 2761 istiusmodi
2139 2706 2339 2759 montis

746 2804 936 2863 latere,
963 2811 1076 2854 tum
1105 2801 1316 2855 scilicet
1347 2799 1467 2868 ejus
1502 2801 1648 2868 quod
1674 2797 1738 2850 ad
1771 2806 2015 2852 austrum
2050 2805 2162 2850 tum
2191 2795 2336 2864 quod

749 2899 814 2949 ad
871 2895 1185 2965 aquilonem
1243 2903 1344 2956 est,
1393 2893 1573 2961 campi
1629 2891 1984 2945 eiiunduntur
2030 2889 2131 2958 ipsi
2164 2889 2334 2957 pervii

749 2996 913 3055 atque
975 2985 1158 3048 utihs,
1215 2985 1420 3054 quique
1471 2983 1685 3037 civibus
1738 2981 1903 3053 494.
1949 2981 2214 3050 quidquid
2270 2979 2336 3031 ad

748 3079 918 3130 vitam
988 3077 1279 3130 commode
1359 3075 1778 3130 sustentandam
1845 3073 2104 3127 conducit
2173 3073 2338 3125 ubere

747 3179 1018 3237 proventu
1054 3169 1346 3222 sufﬁciant.
1383 3167 1584 3221 Horum
1630 3167 1788 3232 alter,
1828 3167 2030 3235 quippe
2073 3164 2137 3217 ad
2180 3180 2334 3218 mon-

750 3263 819 3315 tis
873 3271 1121 3315 austrum
1165 3276 1396 3330 vergens
1434 3259 1698 3328 urbisqne
1753 3258 2054 3321 meridiem,
2098 3257 2202 3309 dici
2228 3271 2333 3309 non

749 3362 926 3422 potest
959 3369 1121 3420 quam
1156 3353 1226 3405 sit
1255 3367 1505 3405 alumnus
1553 3361 1900 3419 quantasque
1937 3349 2162 3403 delicias
2202 3364 2336 3416 prte-

753 3446 896 3498 beat.
941 3442 1241 3496 Frotulosis
1281 3444 1424 3496 enim
1488 3443 1782 3509 densisque
1823 3441 2224 3493 comlccoratur
2253 3455 2338 3490 ar-

751 3537 1002 3600 boribus,
1051 3536 1223 3588 hortis
1285 3535 1418 3588 varii
1472 3535 1688 3600 generis
1741 3543 1793 3586 et
1869 3532 2114 3594 vivariis,
2175 3533 2338 3600 aquis

753 3614 891 3692 pene
957 3627 1284 3689 innumeris,
1333 3627 1531 3696 partim
1583 3626 1813 3679 fontium
1866 3625 2000 3678 rivis
2039 3623 2237 3693 partim
2289 3629 2340 3673 et

754 3721 959 3782 ﬂuviis,
1031 3719 1234 3789 quibus
1307 3727 1581 3773 montanae
1645 3719 1795 3773 silva:
1864 3717 2084 3784 lucique
2147 3731 2341 3784 campo

752 3813 1124 3878 gratiﬁcantes
1180 3813 1356 3881 ipsum
1416 3826 1568 3864 mare
1621 3812 1923 3878 accipiunt.
1989 3809 2140 3862 Vites
2194 3809 2340 3862 enim

755 3905 984 3959 alternis
1019 3905 1246 3958 consita:
1268 3919 1398 3958 arva
1425 3912 1718 3962 coronant,
1745 3904 2070 3972 pulchrique
2099 3912 2343 3956 amantes

751 4001 944 4053 oculos
1018 3997 1298 4050 fructuum
1369 3997 1705 4050 abundantia
1780 3997 1845 4049 ad
1913 3995 2345 4064 jucundissimas

752 4092 1060 4158 voluptates
1097 4089 1348 4142 invitant.
1383 4087 1776 4140 Monachorum
1823 4086 1980 4155 plura
2030 4086 2342 4155 spissaque,

756 4180 1010 4248 religiosa
1071 4179 1346 4246 palaestra,
1396 4177 1658 4246 hospitia,
1692 4187 1805 4230 tum
1880 4177 2082 4231 montis
2137 4176 2348 4230 declive

755 4281 870 4323 tum
923 4270 1035 4337 agri
1067 4269 1260 4336 reliqui
1311 4267 1555 4336 subjecta
1609 4268 1866 4330 colentia,
1903 4267 2149 4336 locisque
2183 4281 2350 4320 amoe-

756 4362 1003 4416 nissimis
1062 4361 1286 4429 posita,
1341 4374 1543 4413 novum
1615 4359 1892 4427 quoddam
1966 4358 2345 4427 spectaculum

759 4452 1063 4521 peregrinis
1119 4451 1366 4520 ipsisque
1416 4451 1554 4504 adeo
1597 4451 1811 4505 civibus
1863 4448 2196 4518 offeruntur.
2241 4449 2349 4503 Sed

2437 1963 2862 2033 τοῖς-πολεμίοις
2889 1964 2984 2031 ἀφ’
3025 1961 3195 2031 ὕψους
3227 1960 3585 2030 ἐπεμϐαίνειν
3618 1960 3714 2013 καὶ
3760 1959 3858 2013 τοῦ
3921 1960 4028 2010 τεί-

2437 2076 2564 2130 χους
2593 2056 3080 2127 κατεπαμύνεσθαι
3119 2055 3329 2108 ’ἔδωκε
3354 2056 3461 2122 γὰρ
3501 2054 3689 2125 ὀλίγην
3745 2053 3871 2107 τινὰ
3918 2070 4032 2121 σχοι

2437 2153 2536 2222 λὴν
2573 2152 2600 2204 ὁ
2632 2150 2821 2220 βουνὸς
2853 2151 3060 2211 ἐκεῖνος
3087 2147 3130 2179 δ’
3173 2147 3311 2218 πρὸς
3341 2147 3399 2200 τ’)
3428 2144 3792 2214 φυλάττεσθαι
3845 2147 4030 2197 πᾶσαν

2437 2245 2752 2314 ἐπιϐουλὴν,
2787 2242 2864 2313 τῷ
2892 2241 2978 2294 διὰ
3009 2239 3174 2309 μέσου
3195 2239 3358 2310 χώρῳ
3393 2239 3492 2308 τὴν
3529 2238 3744 2307 ,εὐχερῆ
3788 2238 4029 2307 προσϐο-

2437 2334 2924 2408 λὴνάποκρούσας.
2970 2332 3044 2386 Τὸ
3087 2333 3131 2386 δ’
3165 2332 3418 2386 ἐντεῦθεν
3465 2330 3805 2384 ἀνατείνεται
3863 2331 4033 2399 μέχρι

2438 2427 2633 2483 πολλοῦ
2665 2428 2725 2480 τὸ
2747 2427 2872 2498 ὄρος
2893 2427 2987 2478 καὶ
3024 2425 3406 2496 ὕπερίδρυται,
3430 2427 3545 2487 τοῖς
3573 2423 3756 2492 λόφοις
3785 2426 3884 2474 καὶ
3913 2425 4033 2483 ταῖς

2436 2521 2739 2593 χαράδραις
2774 2518 3264 2590 ὲντραχυνὸμενον,
3314 2517 3414 2588 τὴν
3461 2515 3798 2586 μεσαιτάτην
3833 2515 4034 2567 ἀνατο-

2436 2613 2535 2682 λὴν
2565 2611 2922 2680 ἐπειγόμενον
2956 2626 2969 2640 '
3002 2609 3260 2663 τοσοῦτον
3286 2610 3352 2661 ὲκ
3384 2608 3613 2675 πλαγίου
3640 2607 3732 2674 ἀφ’
3765 2607 3810 2637 ⁸³
3839 2606 4034 2658 ἑκατέ-

2441 2725 2535 2776 ρου
2579 2707 2779 2777 μέρους
2802 2703 3163 2773 ὑποκείμενον
3197 2701 3482 2770 διαφεύγει
3507 2700 3606 2769 τῆς
3639 2699 3763 2768 γῆς.
3803 2698 3896 2749 Ἐν
3928 2698 4034 2765 γὰρ

2437 2803 2560 2862 ταῖς
2581 2799 2700 2852 δυσὶ
2732 2799 2998 2868 πλευραῖς
3022 2795 3177 2850 τοῦδε
3213 2793 3308 2846 τοῦ
3340 2794 3522 2864 ὅρους,
3576 2790 3670 2845 τοῦ
3704 2808 3762 2843 τε
3794 2791 3841 2820 ⁸⁵
3898 2789 4036 2857 πρὸς

2440 2892 2614 2954 νότον,
2641 2889 2803 2959 φημὶ,
2821 2884 3030 2940 καὶτοῦ
3057 2885 3192 2955 πρὲς
3217 2884 3440 2954 βορρᾶν,
3465 2882 3622 2935 πεδία
3638 2879 3969 2951 ἁφήπλωται
3993 2877 4037 2906 ⁵⁸

2443 2983 2650 3054 βάσιμα
2673 2999 2733 3034 τε
2781 2981 2875 3034 καὶ
2920 2979 3191 3050 χρήσιμα,
3251 2977 3434 3029 πᾶσαν
3489 2975 3746 3044 ἀφορμὴν
3803 2972 4037 3034 εὐζωῖας

2438 3078 2552 3140 τοῖς
2576 3075 2822 3136 πολίταις
2848 3070 3170 3142 δωρούμενα
3198 3087 3210 3100 ·
3243 3062 3318 3121 ὧν
3342 3069 3402 3120 τὸ
3432 3069 3532 3137 μὲν
3567 3068 3643 3130 ὡς
3692 3065 3828 3136 πρὸς
3884 3067 4040 3117 νότον

2438 3170 2532 3223 τοῦ
2553 3169 2737 3238 ὅρους,
2776 3166 2913 3237 πρὸς
2954 3163 3221 3231 ἀνατολὴν
3244 3161 3300 3214 δὲ
3353 3162 3455 3230 τῆς
3505 3160 3738 3222 πόλεως,
3795 3160 3871 3221 ὡς
3916 3157 4040 3208 λίαν

2441 3261 2558 3313 ἐστὶ
2587 3256 2903 3327 παγκαλλὲς
2935 3255 3332 3324 καὶὲράσμιον.
3369 3253 3727 3321 Κεκόσμηται
3761 3251 3875 3320 γὰρ
3918 3251 4037 3304 δέν-

2439 3355 2623 3422 δρεσιν
2677 3349 3048 3419 ἀμφιλαφέσι,
3100 3345 3454 3416 παραδείσοις
3507 3343 3797 3406 ποικίλοις,
3849 3343 4040 3395 ὕδασιν

2441 3445 2712 3513 ἀπείροις,
2754 3444 2868 3504 τοῖς
2920 3442 3017 3511 μὲν
3054 3441 3314 3508 πηγαίοις
3349 3440 3463 3500 τοῖς
3506 3438 3563 3490 δὲ
3597 3436 3914 3505 ποταμίοις,
3959 3429 4040 3496 οἷς

2442 3539 2495 3589 αἱ
2531 3535 2842 3604 λόχμαιτοῦ
2873 3534 3034 3604 ὅρους
3068 3533 3145 3602 τῷ
3175 3532 3340 3601 πεδίῳ
3372 3530 3690 3601 χαρίζονται
3722 3530 3816 3580 καὶ
3868 3529 4041 3597 αὐτὴν

2442 3629 2497 3681 δὲ
2538 3627 2840 3691 δεξιοῦνται
2866 3626 2966 3695 τὴν
2998 3623 3357 3678 Θάλασσαν-⁵⁸.
3386 3624 3656 3693 Ἀμπελοι
3699 3623 3809 3692 γὰρ
3875 3623 4041 3690 ἀλλή-

2444 3723 2562 3784 λαις
2605 3717 3170 3789 παραπεφυτευμέναι
3215 3715 3283 3768 τὰ
3335 3716 3513 3786 χωρία
3557 3714 3891 3783 στεφανοῦσι
3949 3716 4040 3767 καὶ

2445 3815 2535 3866 τὸν
2587 3812 2875 3882 φιλόκαλον
2925 3811 3203 3881 ὀφθαλμὸν
3256 3812 3321 3879 τῇ
3380 3809 3584 3878 πληθύῖ
3647 3808 3756 3859 τῶν
3809 3810 4042 3879 καρπῶν

2447 3908 2526 3966 είς
2563 3906 2909 3976 εὐφροσύνην
2953 3903 3391 3976 προτρέπονται·
3452 3902 3614 3970 μοναὶ
3671 3900 3730 3952 δὲ
3788 3901 4045 3970 μοναχῶν

2449 3996 2643 4049 πολλαὶ
2676 3996 2769 4048 καὶ
2795 3996 2985 4063 συχναὶ
3033 3993 3094 4045 τό
3129 4011 3187 4045 τε
3228 3992 3492 4056 ύπτιάζον
3521 3989 3616 4043 τοῦ
3644 3991 3806 4060 ὅρους
3834 3992 3932 4042 καὶ
3985 3993 4041 4042 τὸ

2447 4091 2546 4161 τῆς
2579 4091 2776 4159 λοιπῆς
2812 4091 2913 4157 γῆς
2957 4088 3320 4157 ὑποκείμενον
3361 4084 3734 4150 κατοικοῦσαι,
3792 4085 3888 4137 καί
3932 4102 4042 4136 τισι

2449 4183 2837 4254 τερπνοτὰτοις
2894 4181 3115 4251 χωρίοις
3172 4179 3628 4247 έγκαθεζόμεναι,
3683 4178 3868 4230 καινόν
3896 4179 3939 4209 ⁸⁷
3992 4195 4044 4228 τι

2452 4274 2640 4344 χρῆμα
2670 4275 2780 4334 τοῖς
2810 4289 2865 4324 τε
2893 4273 3094 4332 datm;
3129 4269 3223 4323 καὶ
3273 4269 3458 4332 αὐτοῖς
3480 4269 3593 4330 τοῖς
3650 4265 3909 4330 πολίταις
3945 4282 4045 4316 πε-

2455 4367 2684 4432 φύκασι.
2729 4363 2809 4434 [Ρ.
2853 4363 2982 4433 329.}
3056 4364 3127 4414 Τὸ
3156 4362 3212 4414 δὲ
3255 4361 3396 4414 κατᾶ
3441 4361 3601 4412 λαιὰν
3640 4359 3887 4429 πλευρὰν
3947 4359 4044 4409 τοῦ

2456 4458 2618 4528 ὅρους
2650 4457 2832 4508 πεδίον
2865 4456 2980 4508 ἐστι
3013 4457 3109 4507 καὶ
3139 4454 3272 4507 αὐτὸ
3300 4453 3600 4522 τεταμένον
3625 4455 3706 4512 είς
3736 4455 3913 4520 μῆκος
3944 4468 4044 4502 πο-

755 4557 808 4599 υι
853 4562 1082 4616 campus
1129 4562 1156 4599 a
1216 4546 1419 4599 montis
1474 4545 1626 4610 laeva,
1677 4544 1793 4614 ipse
1838 4557 2058 4614 quoque
2090 4543 2337 4614 longissi-

2456 4549 2540 4612 λὺ,
2579 4548 2865 4620 εὐρύνεται
2893 4547 2948 4599 δὲ
2978 4547 3172 4617 μέχρις
3214 4546 3388 4600 ἄλλων
3438 4543 3611 4612 ὀρέων
3643 4559 3657 4574 ο
3719 4536 3934 4603 οὗτινος
3988 4545 4047 4592 ἐν

757 4654 843 4693 me
889 4637 1068 4703 fusus,
1099 4638 1165 4691 ad
1213 4638 1350 4692 alios
1399 4651 1574 4706 usque
1607 4644 1828 4690 montes
1851 4637 2146 4701 dilatatur;
2184 4635 2348 4703 cujus

759 4730 944 4785 medio
976 4732 1087 4786 duo
1129 4731 1235 4784 late
1282 4740 1607 4800 stagnantes
1633 4731 1788 4786 lacus
1836 4732 2107 4800 potiorem
2142 4738 2348 4804 partem

759 4831 1055 4892 occupant,
1103 4823 1196 4891 qui
1264 4823 1369 4892 ipsi
1423 4838 1532 4876 non
1585 4824 1972 4901 contemnendi
2014 4838 2150 4876 usus
2198 4823 2348 4876 exsi-

760 4923 926 4969 stant.
979 4914 1146 4968 Alunt
1174 4915 1317 4968 cnim
1372 4923 1486 4968 tum
1523 4929 1723 4984 parvos
1754 4923 1866 4968 tum
1893 4929 2135 4983 magnos
2162 4915 2345 4968 diver—

763 5008 920 5076 sique
954 5010 1171 5077 generis
1203 5019 1255 5062 et
1294 5010 1447 5078 c0pia
1500 5025 1636 5080 pene
1665 5011 2093 5067 innumerabiles
2136 5012 2341 5081 pisces,

766 5100 858 5168 qui
890 5109 1002 5153 tum
1059 5101 1259 5156 vicinis
1311 5102 1529 5170 oppidis
1580 5110 1693 5158 tum
1732 5103 1838 5173 ipsi
1885 5104 2089 5156 civitati
2129 5103 2342 5157 uberri-

766 5207 852 5245 me
903 5191 1130 5246 obsouia
1186 5193 1498 5262 victumque
1543 5192 1840 5247 sufﬁciant.
1882 5193 2147 5248 Videntur
2195 5196 2341 5247 enim

767 5284 887 5338 bice
916 5284 1068 5338 lacus
1109 5287 1222 5339 suis
1254 5285 1629 5354 largitionibus
1669 5301 1792 5340 cum
1833 5287 1968 5339 mari
2020 5301 2187 5356 prope
2213 5301 2344 5341 con-

765 5377 988 5432 tendere
1042 5387 1342 5447 mutuoque
1377 5387 1609 5443 certare,
1662 5388 1784 5432 utra
1837 5379 1992 5448 plura
2028 5379 2341 5432 exhibeant.

763 5469 1006 5523 Alterum
1055 5479 1236 5524 tamen
1290 5471 1356 5523 ab
1403 5471 1578 5526 altero
1609 5471 1868 5534 vincitur,
1913 5486 2014 5525 nec
2056 5472 2217 5540 cujus
2267 5470 2349 5523 vi-

2459 4643 2608 4713 μέσῳ
2631 4640 3015 4709 πελαγίζονται
3056 4639 3149 4692 δύο
3164 4639 3305 4702 τινὲς
3337 4637 3542 4708 εὐρεῖαι
3569 4636 3779 4705 λίμναι,
3809 4635 3870 4687 τὸ
3896 4635 4041 4687 πλεῖς

2455 4751 2581 4786 στον
2635 4734 2827 4786 τούτου
2881 4732 3306 4802 διακατέχουσαι
3353 4731 3447 4783 καί
3485 4747 3606 4782 τινα
3663 4729 3910 4798 μεγάλην
3949 4729 4045 4778 καὶ

2451 4818 2615 4878 αὗται
2655 4822 3110 4891 συνεισφέρουσαι
3138 4821 3350 4891 χρείαν.
3385 4819 3658 4889 Τρέφουσι
3686 4819 3796 4885 γὰρ
3851 4818 4046 4886 ἰχθύας

2454 4915 2547 4968 καὶ
2577 4915 2805 4984 μικροὺς
2835 4914 2930 4965 καὶ
2963 4914 3255 4982 μεγάλους,
3291 4912 3384 4964 καὶ
3411 4915 3523 4973 τοῖς
3547 4909 3713 4962 εἴδεσι
3743 4909 4045 4978 διαφόρους

2452 5010 2545 5063 καὶ¹
2575 5009 2806 5070 πολλοὺς
2837 5007 2914 5077 τῷ
2951 5005 3168 5074 πλήθει,
3200 5007 3319 5068 ταῖς
3345 5020 3403 5057 τε
3429 5003 3636 5070 γείτοσι
3694 5001 3915 5071 κώμαις
3947 5002 4045 5052 καὶ

2450 5101 2588 5170 αὐτῇ
2625 5100 2681 5151 δὲ
2705 5103 2770 5169 τῇ
2806 5099 2958 5152 πόλει
2991 5097 3395 5167 ’δαψιλεστάτην
3423 5093 3883 5162 ἀποπληροῦντας
3912 5097 4044 5162 τρα-

2453 5192 2644 5256 πεζαν.
2676 5193 2787 5245 Καὶ
2837 5186 3078 5261 γὰρνοίον
3135 5187 3534 5258 φιλονεικοῦσιν
3585 5188 3642 5240 αἱ
3692 5185 3886 5255 λίμναι
3921 5187 4044 5245 ταῖς

2452 5284 2656 5338 τούτων
2678 5284 2954 5338 ὲπιδόσεσι
2974 5283 3110 5355 πρὸς
3127 5284 3228 5352 τὴν
3249 5283 3546 5344 Θάλασσαν,
3577 5280 3670 5333 καὶ
3698 5278 4043 5347 ἁμιλλῶνται

2453 5377 2536 5440 τίς
2559 5377 2740 5431 αὐτῶν
2771 5378 2832 5429 τὸ
2866 5377 3048 5431 πλεῖον
3079 5375 3448 5447 παράσχηται.
3480 5373 3627 5442 Πλὴν
3661 5371 3931 5439 ἑκάτεραι
3959 5388 4044 5420 νι-

2457 5467 2657 5522 κῶνται
2684 5467 2744 5531 ἐξ
2770 5467 3071 5536 ἑκατέρων,
3105 5468 3199 5521 καὶ
3219 5469 3254 5538 ἡ
3279 5466 3485 5520 νικῶσα
3513 5466 3614 5518 οὐκ
3643 5465 3759 5533 εχει
3788 5465 3899 5515 τίνι
3944 5463 4044 5531 τὴν

2081 5608 2118 5658 ι·
2134 5608 2316 5662 Alibi“:
2356 5605 2760 5662 LECTIONES.

832 5700 1130 5783 "-Bdmttov
1189 5706 1395 5776 sumpsi
1420 5723 1446 5760 a
1475 5706 1576 5761 Li.
1609 5725 1656 5761 e.
1686 5708 1866 5761 Leone
1895 5708 2090 5759 Allatio
2144 5707 2195 5757 iu
2255 5704 2350 5759 Ge.
2385 5704 2685 5773 Acropolit.
2736 5711 2852 5756 not.
2888 5717 2937 5772 p.
2969 5701 3075 5755 ΞΞὸ
3106 5699 3190 5754 ed.
3230 5696 3402 5753 Paris.

835 5789 937 5852 της
963 5773 1069 5852 A_L.
1148 5777 1200 5852 “_
1230 5780 1476 5852 totum.
1514 5778 1572 5830 L.
1649 5779 1896 5852 δ’-ὲκεῖσε
1929 5777 2061 5852 Αιλ.Δ
2129 5778 2182 5852 _'"
2215 5778 2280 5828 τὰ
2334 5778 2398 5828 ἑκ
2453 5774 2684 5841 πλαγίου
2744 5775 2832 5842 ἀφ’
2864 5772 2921 5824 Ι..
3066 5772 3227 5825 etiam
3290 5771 3349 5821 Α.

2144 5786 2182 5807 ⁸⁵
2215 5786 2280 5828 τὰ
2334 5786 2398 5828 ix
2453 5786 2684 5841 πλαγίου
2744 5786 2832 5842 ἐφ’
2865 5786 3016 5842 the?
3066 5786 3227 5825 etiam
3290 5786 3349 5821 Α.

764 5771 932 5840 αὐτῆς
963 5773 1069 5827 AL.

1148 5777 1186 5806 "
1230 5780 1336 5838 τοῖς
1369 5793 1476 5831 om.
1514 5778 1572 5830 L.

765 5843 810 5869 "'
845 5844 1154 5911 ἑφὴπλωται
1182 5846 1237 5900 L.

1649 5779 1691 5808 δ’
1721 5780 1896 5830 ἐκεῖσε
1929 5777 2035 5830 AL.

1321 5850 1362 5881 “
1394 5848 1657 5900 Θάλαττα-λ
1699 5849 1760 5903 L.
1838 5848 1878 5879 ³⁷
1922 5849 2097 5900 κοινόν
2129 5847 2186 5899 Ιι.

3496 5698 3540 5727 ⁸⁸
3582 5695 3749 5761 αὐτῆς
3790 5693 3912 5762 τῆςῙ
3952 5693 4043 5743 καὶ

3460 5768 3504 5797 ⁸⁵
3541 5770 3602 5837 τῇ
3644 5783 3700 5817 τε
3751 5795 3789 5802 -
3820 5762 3917 5818 καὶ
3946 5763 4047 5830 τῇῖ
