4154 6450
123 369 217 432 533

1181 373 1282 435 DE
1308 373 1624 435 EXCIDIO
1661 375 2276 436 THESSALONICAE.

3282 376 3387 442 524

120 485 278 553 ἧτταν
302 488 773 559 καταψηφίσεται.
806 470 878 542 Τὸ
906 488 964 542 δὲ
1011 487 1200 543 λοιπὸν
1231 489 1323 543 τοῦ
1351 489 1536 543 πεδίου
1563 490 1708 544 ἀνεῖ-

1818 489 1988 545 ctoria
2019 496 2124 554 est,
2149 488 2260 543 utri
2293 486 2423 544 victi
2455 487 2695 546 dedecus
2726 489 3028 553 adscribat,
3050 487 3212 563 ωε
3245 492 3388 545 volet

116 598 197 631 τιι
219 582 332 644 τοῖς
360 583 650 651 γεωργοῖς.
681 581 1093 653 παραχωρεϊται
1119 582 1236 646 τοῖς
1268 579 1450 645 ζώοις,
1481 584 1594 645 τοῖς
1634 599 1695 634 τε

116 669 459 740 πειθομένοις
489 673 610 734 ταῖς
647 671 756 725 τῶν
813 668 1118 743 ἀνθρώπων
1171 671 1391 742 τέχναις
1439 673 1533 725 καὶ
1582 673 1696 734 τοῖς

114 759 399 833 ἰλεύθερον
427 762 632 830 ἀφιεῖσι
663 762 723 816 τὸ
761 764 903 834 ι’χνος
931 765 1045 827 τοῖς
1069 763 1275 835 ὄρεσιν.
1317 763 1548 833 Ἔλαφοι
1586 764 1695 835 γὰρ

114 856 179 910 τὰ
208 854 316 925 δρη
340 855 593 909 λιποῦσαι
616 857 708 909 καὶ
749 858 872 920 ταῖς
915 855 1136 927 λίμναις
1173 856 1362 926 ῶσπερ
1410 856 1521 911 τῶν
1566 856 1696 911 ὑδάο

110 964 216 1000 των
239 948 670 1018 ἐπιτερπόμεναι
697 947 832 1018 ὁμοῦ
852 964 914 1002 τε
933 947 1148 1018 ἔχουσιν
1165 947 1394 1017 ἄφθονον
1419 949 1480 1002 τὸ
1513 949 1695 1014 ποτὸν,

116 1040 208 1093 καὶ
228 1042 354 1102 ταῖς
380 1039 567 1109 βουσὶν
601 1042 660 1093 ὲν
697 1039 848 1112 αὐτῷ
894 1039 1393 1110 συναγελαζόμεναι
1433 1041 1590 1095 κοινά
1630 1041 1698 1094 τὰ

117 1134 236 1184 σῖτα
266 1130 690 1202 προσφέρονται.

184 1223 261 1290 ς’.
301 1224 446 1279 ’Δλλ⁹
481 1226 683 1290 ίκανῶς
708 1227 768 1281 ὲν
785 1225 998 1288 τούτοις
1026 1226 1094 1280 τά
1127 1243 1185 1279 τε
1238 1227 1387 1296 πρὸς·
1435 1227 1700 1299 ἀνατολὴν

112 1317 209 1372 καὶ
241 1317 450 1390 βορρᾶν
478 1320 578 1388 τῆς
605 1319 833 1386 πόλεως,
863 1321 1024 1388 Ετιγε
1059 1321 1166 1390 μὴν
1198 1320 1287 1372 καὶ
1314 1320 1380 1374 τὰ
1419 1320 1557 1391 πρὸς
1611 1321 1697 1375 νό-

110 1425 202 1461 τον
230 1409 672 1481 διαγραψάμενοι
694 1410 794 1480 τὴν
825 1411 961 1482 πρὸς
989 1411 1145 1464 δύσιν
1182 1412 1351 1482 αὐτῆς
1375 1413 1420 1445 ⁸⁸
1476 1412 1567 1466 τοῦ
1594 1433 1701 1483 χω-

116 1499 227 1569 ρίου
258 1499 413 1555 θέσιν
443 1502 586 1556 κατά
605 1502 667 1555 τὸ
695 1502 920 1557 δυνατὸν
947 1503 1344 1575 ἱστορήσωμεν.
1382 1503 1569 1557 Ἔστιν
1584 1505 1704 1558 ἓτε-

114 1607 205 1659 ρον
257 1592 461 1655 πεδίον,
517 1593 616 1646 ἀπ’
653 1593 820 1647 αὑτοῦ
873 1592 969 1647 τοῦ
1008 1595 1222 1665 τείχους
1284 1595 1384 1664 τῆς
1443 1595 1705 1666 Ἐκὸολῆς

113 1684 520 1754 ἁπαρχόμενον,
564 1688 630 1758 τῇ
686 1685 838 1756 δεξιᾷ
892 1685 988 1739 τοῦ
1045 1686 1208 1758 ὅρους
1257 1687 1581 1756 ἀπτόμενον,
1634 1690 1701 1757 τῇ

111 1774 239 1846 λαιᾷ
271 1774 331 1829 δὲ
367 1778 433 1847 τῇ
475 1775 723 1849 θαλάσσῃ
758 1775 1120 1848 συνομοροῦν,
1177 1777 1457 1849 ἀμύθητον
1515 1776 1704 1831 κάλλει

111 1870 231 1929 ταῖς
261 1867 376 1920 τῶν
407 1867 662 1938 ὁρώντων
697 1847 1078 1938 νὺποκείμενον
1121 1847 1358 1939 ὄψεσιν(
1381 1871 1538 1924 Ἐστι
1596 1870 1704 1942 γὰρ
1732 1847 1780 1907 Β

109 1958 168 2010 τὺ
202 1958 305 2027 μὲν
343 1959 509 2014 αὐτοῦ
536 1960 826 2031 διάϐροχον
869 1960 1080 2030 ὕδασιν,
1135 1962 1260 2017 ὅσον
1309 1962 1471 2031 αύχεί
1503 1962 1604 2033 τήν
1643 1979 1703 2016 τε

114 2052 270 2106 πόλιν
301 2052 450 2122 ἔχειν
476 2053 572 2106 καὶ
601 2054 700 2123 τὴν
727 2053 1007 2108 θάλασσαν
1036 2053 1278 2122 γείτονα,
1310 2055 1579 2125 ἀμπέλοις
1609 2055 1706 2108 καὶ

110 2143 358 2218 δένδρεσι
403 2146 741 2216 κατακόμοις
787 2148 881 2201 καὶ
923 2148 1270 2217 παραδείσοις
1327 2149 1706 2219 κατεστεμμέ-

114 2255 219 2302 νον,
249 2238 522 2309 οἱκήμασί
545 2255 607 2292 τε
645 2239 740 2293 καί
767 2256 877 2292 τισι
919 2239 1198 2303 πλείστοις
1234 2239 1559 2310 σεϐασμίοις
1606 2257 1707 2309 ση-

114 2334 228 2396 κοῖς
258 2315 711 2404 κεκοσμημένον,
740 2326 816 2386 ὧν
848 2333 976 2397 τοὺς
1001 2333 1255 2397 πλείονας
1288 2333 1542 2404 μοναχῶν
1581 2334 1708 2402 ἀγέ-

112 2422 197 2475 λαι
231 2423 518 2490 διείλοντο,
568 2425 676 2478 πᾶν
703 2420 840 2489 εἶδος
864 2425 1067 2497 ἀρετῆς
1105 2423 1403 2486 ἀσκοῦντες
1464 2425 1556 2478 καὶ
1590 2423 1710 2495 Θεῷ

116 2513 263 2582 μόνῳ
293 2512 522 2578 ζῶντες,
561 2513 699 2584 πρὸς
728 2513 786 2566 ὃν
814 2513 1128 2581 ἐπείγονται
1165 2513 1260 2566 καὶ
1284 2511 1353 2565 δι’
1379 2511 1439 2564 ὃν
1486 2511 1585 2575 τὰς
1616 2528 1712 2563 πο-

114 2604 328 2668 λιτικάς
353 2605 602 2678 ταραχὰς
633 2605 882 2668 λιπόντες
929 2605 1027 2676 τὴν
1052 2605 1188 2677 πρὸς
1215 2605 1378 2658 αὑτὸν
1412 2604 1508 2657 καὶ
1552 2603 1712 2673 μόνον

115 2695 393 2767 φέρουσαν
437 2696 625 2766 τρίϐον
671 2695 966 2750 ἀνείλοντο.
1021 2695 1096 2749 Τὸ
1145 2696 1191 2748 δ’
1251 2694 1502 2748 ἐντεῦθεν
1546 2693 1711 2748 αὐτοῦ

112 2789 388 2858 διαχεῖται
419 2791 485 2858 τῇ
509 2788 694 2860 χέρσῳ
735 2789 899 2860 μέχρι
934 2787 1157 2854 πολλοῦ,
1191 2786 1386 2855 άξυλον
1415 2787 1512 2858 μὲν
1547 2785 1625 2851 ῶς
1654 2787 1714 2840 τὰ

113 2881 284 2934 πολλὰ
304 2880 406 2951 τὴν
438 2879 680 2952 βλάστην
697 2879 842 2950 ἔχον,
874 2880 1056 2951 πάσης
1080 2881 1136 2934 δὲ
1169 2882 1483 2952 γεωργικῆς
1521 2881 1717 2951 ἐπιμε-

115 2974 269 3039 λείας
303 2975 666 3045 ἐπιτήδευσιν
687 2974 1084 3046 παρεχόμενον.
1107 2976 1299 3044 Διήκει
1331 2974 1389 3028 δὲ
1432 2974 1531 3045 τὴν
1561 2974 1713 3045 ἡλίου

112 3067 264 3120 δύσιν
298 3067 679 3133 ἀποσκοποῦν,
708 3068 813 3131 ἓως
839 3066 1004 3121 τινῶν
1036 3067 1214 3122 ἄλλων
1273 3066 1446 3139 ὀρέων
1495 3065 1716 3138 ὑψηλῶν

1801 591 2066 638 statuere.
2112 578 2244 651 Agri
2307 595 2438 652 pars
2497 581 2710 652 reliqua
2760 581 3131 652 agricolarum
3193 581 3388 638 usibus

1802 674 1974 740 cedit;
2024 672 2395 728 animantibus
2439 689 2660 744 quoque
2709 673 3040 746 indulgetur,
3091 681 3207 730 tum
3266 690 3388 744 quin

1804 763 2064 818 humanis
2097 773 2291 832 parent
2323 764 2536 819 artibus
2572 780 2637 819 ac
2669 774 3089 831 mansuescunt,
3123 774 3239 821 tum
3267 779 3388 835 qua:

1804 873 1901 928 per
1956 866 2214 911 montana
2247 857 2422 911 libero
2454 857 2588 926 pede
2631 866 2926 928 vagantur.
2957 856 3115 913 Cervi
3152 871 3392 927 namque

1806 948 2013 1002 relictis
2043 947 2347 1011 montibus,
2390 947 2645 1017 velutque
2677 948 2894 1002 lacuum
2932 947 3092 1020 aquis
3129 946 3386 1010 recreati,

1807 1050 1921 1094 tum
1967 1040 2139 1094 ubere
2187 1037 2446 1092 fruuntur
2498 1047 2650 1110 potu,
2685 1047 2797 1093 tum
2837 1040 2903 1094 ad
2948 1040 3126 1111 ipsum
3189 1055 3390 1095 conve—

1805 1133 2017 1188 nientes
2063 1131 2342 1186 communi
2373 1147 2496 1185 cum
2552 1131 2724 1186 bobus
2753 1132 2953 1201 pabulo
2993 1140 3317 1188 vescuntur»

1872 1224 1927 1278 6.
1967 1222 2202 1294 Sedjam
2238 1223 2377 1280 satis
2401 1223 2456 1276 in
2490 1222 2634 1290 istis,
2665 1237 2788 1292 quae
2825 1221 2892 1277 ad
2931 1231 3110 1277 ortum
3143 1220 3392 1293 8ιέᾳυί-

1805 1316 1988 1371 lonem
2055 1330 2120 1370 ac
2169 1330 2290 1384 quae
2351 1316 2480 1370 item
2512 1315 2580 1369 ad
2644 1323 2894 1370 austrum
2922 1313 3079 1369 urbis
3110 1322 3260 1380 sunt,
3288 1313 3388 1368 de-

1807 1410 2056 1480 scriptis,
2089 1409 2256 1464 situm
2289 1409 2394 1462 loci
2431 1410 2525 1478 qui
2561 1410 2623 1463 ad
2649 1423 2908 1464 occasum
2936 1409 3132 1478 vergit,
3153 1405 3231 1460 uti
3270 1405 3389 1460 tierl

1808 1503 2029 1573 poterit,
2096 1501 2500 1557 enarrabimus.
2559 1502 2714 1555 Alius
2763 1516 2991 1570 campus
3041 1512 3126 1556 est
3171 1499 3241 1554 ab
3271 1499 3390 1568 ipso

1808 1593 1995 1650 Eeboli
2029 1609 2188 1648 muro
2222 1594 2491 1665 incipiens
2515 1594 2826 1664 dextraeque
2849 1592 3054 1646 montis
3079 1592 3388 1653 adhaerens,

1810 1687 1941 1741 laeva
1967 1702 2097 1742 vero
2126 1688 2262 1741 mari
2283 1689 2782 1757 contiguus,quaui
2824 1698 2989 1739 nemo
3021 1683 3157 1740 satis
3187 1681 3392 1753 capiat,

1810 1779 2220 1850 pulchritudine
2284 1779 2586 1834 videntium
2635 1778 2830 1834 oculos
2889 1775 2957 1830 ad
3012 1791 3074 1832 se
3122 1774 3393 1830 alliciens.

1809 1874 1906 1930 Est
1945 1873 2092 1928 enim
2129 1872 2288 1943 aquis
2317 1871 2578 1942 irriguus,
2605 1884 2713 1940 qua
2748 1878 2902 1939 parte
2926 1866 3079 1923 urbis
3117 1865 3397 1934 marisque

1810 1966 2092 2022 vicinitate
2118 1965 2410 2034 gloriatur,
2441 1963 2763 2033 vitibusque
2791 1969 2845 2017 et
2890 1960 3074 2016 densis
3103 1957 3414 2014 arboribus.

1809 2078 1874 2116 ac
1894 2060 2121 2116 vivariis
2183 2060 2472 2130 hortisque
2507 2065 2828 2120 coronatus,
2887 2070 2991 2110 nec
3032 2068 3139 2108 non
3185 2051 3398 2107 aedibus

1812 2155 2173 2224 plurimisque
2258 2152 2672 2208 venerabilibus
2738 2149 2986 2207 delubris
3057 2144 3398 2210 decoratus;

1812 2260 2046 2315 quorum
2074 2245 2337 2316 pleraque
2364 2245 2758 2300 monachorum
2789 2242 3006 2312 agmina
3034 2241 3180 2296 inter
3197 2253 3256 2295 se
3271 2252 3402 2309 par-

1815 2338 1898 2390 titi
1937 2344 2085 2400 sunt,
2123 2336 2406 2394 viriomne
2463 2337 2729 2392 virtutum
2765 2349 2939 2406 genus
2987 2332 3230 2389 colentes
3269 2329 3400 2386 soli-

1814 2445 1921 2501 que
1972 2429 2084 2485 Deo
2149 2430 2429 2493 viventes,
2479 2428 2547 2484 ad
2580 2443 2741 2499 quem
2790 2436 2844 2483 et
2894 2425 3195 2489 festinant,
3241 2421 3401 2495 cujus

1814 2522 1980 2576 etiam
2017 2535 2185 2576 causa
2237 2520 2449 2576 relictis
2502 2519 2692 2575 saeculi
2733 2517 2913 2572 turbis
2955 2531 3146 2578 unam,
3189 2529 3309 2584 quae
3335 2511 3402 2565 ad

1816 2614 1993 2685 ipsum
2040 2612 2219 2669 tendit
2281 2620 2447 2682 atque
2488 2611 2614 2676 l‘crt,
2645 2611 2898 2667 semitam
2951 2609 3251 2679 elegerunt.
3284 2605 3419 2673 Qua-

1814 2722 1949 2764 vero
1971 2705 2099 2762 inde
2122 2707 2270 2761 intra
2304 2715 2504 2761 terram
2531 2704 2858 2774 longissimo
2889 2701 3180 2757 intervallo
3211 2699 3406 2755 diil‘un-

1817 2800 1982 2866 ditur,
2016 2801 2168 2855 nullo
2192 2799 2306 2854 fere
2337 2799 2602 2854 silvarum
2639 2805 2734 2852 aut
2767 2796 3122 2852 arbustorum
3139 2799 3404 2863 opacatur

1817 2892 2084 2962 germine,
2123 2890 2219 2946 sed
2263 2891 2358 2962 qui
2385 2890 2644 2945 idoneum
2693 2889 2871 2944 solum
2911 2885 3171 2942 exhibeat
3200 2883 3406 2956 agrico-

1821 2987 1994 3041 larum
2029 2985 2338 3041 industriae.
2387 2983 2676 3040 Procurrit
2729 2997 2861 3037 vero
2913 2996 3110 3037 versus
3150 2980 3287 3036 solis
3317 2993 3409 3034 or-

1821 3088 1957 3143 tum,
1981 3076 2148 3150 496
2181 3076 2250 3132 ad
2284 3076 2425 3132 alios
2457 3090 2632 3144 usque
2662 3074 2910 3130 excelsos
2961 3088 3025 3127 ac
3055 3070 3409 3143 praegrandes

115 3161 208 3212 καὶ
265 3159 527 3229 μεγάλων
575 3159 1077 3230 παρατεινόμενον·
1130 3158 1260 3212 ἔνθα
1304 3160 1398 3212 καὶ
1429 3158 1587 3221 πόλις
1631 3175 1712 3223 τις

1821 3180 2035 3225 montes
2067 3177 2385 3240 protensus.
2442 3169 2534 3224 ubi
2587 3176 2641 3223 et
2667 3167 2860 3222 civitas
2905 3165 2995 3220 cui
3039 3178 3239 3218 nomen
3277 3162 3407 3217 Ber-

111 3249 352 3322 Βὲῥροια
383 3251 698 3322 καλουμένη
723 3250 1080 3321 κατῴκισται,
1109 3252 1203 3304 καὶ
1237 3251 1374 3319 αὑτὴ
1413 3267 1714 3322 περιφανεο

114 3347 286 3415 στάτη
322 3348 440 3407 τοῖς
467 3345 750 3416 οίκήτορσί
773 3362 832 3397 τε
865 3345 960 3398 καὶ
985 3347 1125 3398 πᾶσι
1151 3347 1264 3409 τοῖς
1293 3345 1473 3407 ἄλλοις
1508 3341 1590 3407 οἷς
1619 3346 1718 3399 αύ-

112 3441 196 3505 χξί
237 3438 396 3501 πόλις
412 3438 512 3508 τὴν
541 3438 822 3492 σύστασιν.
857 3439 1210 3510 Ἐμπεριέχει
1239 3439 1296 3491 δὲ
1323 3438 1401 3509 τῷ
1435 3439 1522 3493 διὰ
1548 3439 1714 3511 μέσου

113 3533 276 3603 χώρῳ
317 3531 383 3584 τὺ
405 3531 590 3586 πεδίον
623 3530 782 3585 τοῦτο
840 3532 938 3586 καὶ
984 3532 1363 3603 ἀμφιμίκτους
1409 3532 1562 3593 τινάς
1608 3531 1717 3584 κῶ-

114 3641 244 3690 μας,
274 3615 356 3676 ὧν
391 3624 445 3676 αἱ
479 3624 577 3694 μὲν
607 3625 741 3696 πρὸς
766 3627 832 3694 τῇ
871 3625 1024 3679 πόλει
1055 3624 1292 3690 τελοῦσι,
1326 3625 1715 3696 Δρουγουὸῐταί

109 3732 256 3779 τινες
295 3719 395 3769 καὶ
419 3716 749 3785 Σαγουδάτοι
785 3717 884 3788 τὴν
936 3716 1132 3786 κλῆσιν
1191 3716 1610 3787 ὀνομαζόμενοι,
1660 3715 1717 3770 αί

109 3809 165 3859 δὲ
209 3809 292 3879 τῷ
334 3807 732 3879 συνομοροῦντι
778 3809 890 3862 τῶν
927 3807 1152 3861 Σκυθῶν
1206 3807 1351 3860 ἔθνει
1397 3808 1457 3861 ού
1496 3807 1717 3878 μακρὰν

108 3900 223 3953 εντι
255 3902 391 3964 τοὺς
421 3901 625 3974 φόρους
650 3901 983 3955 ἀποδιδόασι.
1017 3898 1103 3972 [Ρ.
1141 3898 1270 3971 525]
1299 3898 1444 3969 Πλὴν
1475 3898 1718 3968 γειτνιάο

109 3990 303 4051 ζουσιν
335 3990 598 4060 ἀλλήλαις
619 3992 674 4043 αἱ
707 3990 891 4061 κῶμαι
917 3991 1018 4061 τὴν
1043 3987 1280 4060 οἴκησιν,
1312 3989 1408 4042 καλ⁵
1453 3989 1571 4041 ἐστι
1623 3989 1718 4042 καὶ

109 4083 274 4136 τοῦτο
311 4083 455 4152 πρὸς
475 4087 587 4147 τοῖς
621 4083 802 4148 ἀλλοις
847 4081 1342 4138 Θεσσαλονικεῦσιν
1383 4083 1444 4135 ού
1505 4082 1719 4154 μικρῶς

109 4177 598 4247 συμϐαλλόμενον,
636 4177 698 4230 τὸ
729 4175 865 4248 πρὸς
887 4175 1015 4239 τοὺς
1050 4174 1264 4237 Σκύθας
1285 4174 1376 4228 διὰ
1406 4175 1514 4227 τῶν
1544 4175 1720 4245 ἐμποι

109 4275 287 4344 ρικῶν
323 4274 570 4346 μεθόδων
623 4273 1153 4344 συναναμίγνυσθαι,
1199 4273 1296 4325 καὶ
1343 4271 1562 4343 μάλισθ’
1589 4271 1720 4325 ὃταν

105 4369 280 4437 εχωσι
309 4368 453 4436 πρὸς
475 4366 741 4437 ἀλλήλους
800 4365 982 4430 καλῶς
1034 4365 1131 4419 καὶ
1175 4365 1251 4435 μὴ
1303 4363 1529 4417 κινῶσιν
1580 4362 1720 4416 ὅπλα

104 4464 207 4529 τὴν
238 4461 434 4530 μάχην
469 4458 887 4530 ἐξαγριαίνοντα
918 4474 935 4490 ο
966 4457 996 4511 ὃ
1030 4457 1093 4528 δὴ
1127 4455 1220 4510 καὶ
1274 4454 1455 4523 πολλῷ
1487 4472 1597 4508 τινι
1642 4454 1720 4524 τῷ

1821 3262 1990 3316 rhoea:
2029 3261 2254 3315 condita
2307 3269 2412 3326 est,
2470 3261 2588 3331 ipsa
2641 3253 2863 3329 quoque
2892 3256 3267 3312 habitatorum
3297 3255 3409 3311 l're-

1819 3354 2045 3423 quentia
2078 3368 2142 3408 ac
2165 3353 2394 3424 reliquis
2425 3352 2681 3408 omnibus
2708 3351 2912 3422 quibus
2934 3365 2992 3405 se
3020 3348 3409 3415 urbesjactare

1820 3446 2000 3502 solent
2027 3446 2430 3502 illustrissima.
2486 3443 2756 3500 Planities
2815 3442 3001 3499 medio
3049 3457 3152 3497 suo
3199 3439 3408 3496 ambitu

1820 3539 2017 3608 Oppida
2061 3540 2378 3609 promiscue
2435 3539 2700 3600 continet,
2758 3551 2995 3607 quorum
3039 3535 3222 3606 aliqua
3251 3534 3409 3588 urbis

1820 3631 2044 3686 ditionis
2101 3640 2229 3686 sunt
2282 3632 2444 3702 eique
2493 3631 2948 3694 contribuuntur,
3001 3629 3314 3701 Drugubitm
3357 3636 3412 3684 et

1822 3722 2084 3794 Sagudati
2115 3724 2357 3789 nomine,
2385 3723 2568 3793 aliqua
2603 3724 2849 3778 finitimae
2875 3724 3210 3795 Scytharum
3234 3721 3405 3794 genti,

1822 3832 1932 3871 non
1955 3817 2115 3887 longe
2142 3817 2374 3882 dissitae,
2401 3817 2609 3871 tributa
2642 3817 2884 3873 solvunt.
2905 3816 3174 3873 Caeterum
3209 3816 3410 3885 Oppida

1822 3922 1853 3963 e
1879 3909 2132 3978 proximo
2179 3908 2516 3974 habitantur,
2549 3908 2697 3980 quod
2747 3908 2925 3981 ipsum
2981 3917 3179 3979 praeter
3207 3907 3313 3961 alia
3356 3907 3411 3960 in

1823 4001 2412 4057 Thessalonicensium
2438 4019 2552 4059 rem
2597 4019 2703 4058 non
2736 4018 2930 4073 parum
2963 4001 3248 4067 conducit,
3282 4002 3409 4056 dum

1822 4101 2137 4165 quaestuosa
2161 4104 2481 4151 mercatura
2541 4095 2874 4168 Scytharum
2931 4095 3265 4149 commercia
3300 4109 3413 4147 am-

1824 4185 2018 4251 biunt;
2056 4194 2172 4241 tum
2208 4188 2515 4257 prmsertim
2545 4203 2672 4242 cum
2721 4188 2942 4258 utrique
2970 4187 3116 4258 genti
3173 4187 3316 4240 inter
3353 4200 3412 4238 se

1825 4281 1965 4335 bene
1994 4281 2333 4344 convenerit,
2370 4296 2472 4335 nec
2532 4280 2738 4350 quibus
2775 4279 2842 4334 ad
2873 4279 3061 4350 praelia
3114 4276 3415 4333 ell'erantur

1827 4386 1981 4427 arma
2015 4373 2289 4428 moverint
2321 4371 2490 4444 (quod
2523 4372 2712 4442 utique
2746 4371 2814 4426 ab
2843 4370 3085 4441 antiquis
3112 4369 3243 4425 olim
3276 4375 3414 4422 tem-

1826 4465 2051 4534 poribus
2079 4465 2148 4520 iis
2176 4465 2467 4534 diligenter
2495 4465 2834 4534 quaesitum),
2866 4462 3257 4518 communibus
3291 4458 3416 4512 vitae

107 4554 285 4608 πάλαι
318 4552 506 4624 χρόνῳ
536 4553 680 4624 παρ’
714 4552 994 4623 ἑκατέρων
1050 4549 1369 4621 μελετηθὲν,
1438 4550 1712 4618 κοινότητα

1833 4557 2139 4611 rationibus
2164 4572 2375 4612 merces
2407 4556 2544 4611 alias
2589 4556 2713 4612 aliis
2742 4562 3107 4621 commutant,
3139 4555 3417 4610 admiran-

106 4646 262 4716 ζωῆς
285 4646 396 4708 τὰς
424 4645 616 4715 χρείας
643 4645 894 4716 ἀλλήλοις
923 4643 1235 4715 ἀμείϐουσι,
1260 4642 1570 4712 θαυμασίαν
1599 4641 1720 4695 τινὰ

105 4738 203 4791 καὶ
255 4735 498 4807 βαθεῖαν
542 4735 766 4807 εἰρήνην
819 4737 880 4788 ὲν
908 4733 954 4767 δ’
991 4735 1207 4797 ἑαυτοῖς
1265 4732 1715 4804 συντηρούμενοι.

108 4828 375 4900 Ποταμοὶ
394 4827 453 4881 δέ
474 4843 619 4890 τινες
655 4824 1040 4895 παμμεγέθεις
1068 4826 1157 4890 ὲκ,
1180 4825 1280 4895 τῆς
1307 4823 1530 4877 Σκυθῶν
1566 4824 1721 4896 ἐξορ-

110 4921 378 4991 μῶμενοε
407 4919 504 4971 καὶ
541 4919 604 4972 τὸ
655 4917 954 4989 προλεχθὲν
984 4917 1167 4972 πεδίον
1218 4917 1341 4970 καθ’
1369 4918 1598 4981 ἑαυτοὺς
1647 4919 1725 4972 δι-

106 5017 374 5087 ελόμενοι
410 5014 615 5086 πολλὴν
658 5014 938 5085 δαψίλειαν
970 5014 1065 5068 καὶ
1094 5014 1247 5067 αὐτοὶ
1275 5016 1341 5085 τῇ
1389 5013 1542 5067 πόλει
1583 5031 1724 5084 παρ-

1832 4650 1953 4702 dam
1974 4650 2268 4719 quamdam
2300 4651 2578 4720 altamque
2628 4649 2772 4704 inter
2804 4665 2863 4704 se
2883 4658 3170 4706 servantes
3203 4664 3412 4720 pacem.

1829 4740 1962 4798 Item
1994 4742 2168 4809 ﬂuvii,
2207 4743 2355 4814 iique
2385 4744 2661 4814 ingentes,
2694 4759 2761 4799 ex
2805 4743 3137 4814 Scytharum
3195 4743 3418 4812 regione

1831 4843 2182 4906 erumpentes
2203 4844 2280 4902 et,
2310 4851 2473 4905 quem
2503 4836 2774 4902 dicebam,
2821 4851 3038 4905 agrum,
3075 4833 3218 4889 inter
3247 4850 3307 4891 se
3333 4833 3417 4888 di-

1833 4930 2102 4995 videntes,
2137 4930 2242 5000 ipsi
2295 4946 2517 5000 quoque
2579 4931 2802 4986 uberem
2856 4929 2979 4983 urbi
3030 4939 3290 4999 praestant
3321 4944 3419 4982 au-

1833 5037 2059 5087 nonam,
2087 5030 2201 5076 tum
2229 5023 2463 5094 piscium
2523 5022 2998 5093 prmstatiouibus,
3040 5029 3156 5075 tum
3194 5021 3418 5075 navium

107 5111 340 5177 ἐιονται
375 5107 495 5167 ταῖς
519 5122 577 5159 τε
608 5107 896 5177 χορηγίαις
929 5107 1051 5170 ταῖς
1095 5106 1204 5160 άπὸ
1232 5105 1340 5160 τῶν
1375 5105 1574 5175 ἰχθύων
1629 5107 1712 5158 καῖ

1836 5131 1931 5184 per
1958 5130 2055 5168 eos
2104 5131 2134 5169 e
2193 5116 2328 5169 mari
2368 5116 2788 5172 ascendentium
2826 5121 3076 5180 vectura,
3109 5112 3312 5182 quibus
3338 5127 3420 5165 re-

106 5202 232 5264 ταίς
258 5199 336 5253 δι’
370 5196 557 5250 αὐτῶν
586 5197 696 5251 ἀπὸ
718 5198 818 5261 τῆς
848 5196 1127 5267 θαλάσσης
1154 5197 1264 5251 τῶν
1296 5200 1439 5269 νηῶν
1497 5198 1725 5268 ἀναδρο-

110 5295 266 5360 μαίς,
331 5291 409 5344 δι’
471 5282 546 5343 ὧν
582 5291 878 5344 ἐπινοεῖται
913 5290 1134 5360 ποικίλη
1178 5308 1261 5353 τις
1303 5289 1562 5360 πρόσοδος
1611 5291 1722 5344 τῶν

109 5383 326 5455 χρειῶν
363 5381 482 5434 τῶν
510 5381 720 5437 ὑδάτων
747 5382 975 5436 ἐκείνων
995 5384 1505 5456 ωγκαταρρέουσα.

178 5477 248 5542 ζ’.
295 5475 477 5530 Ἀλλά
498 5475 606 5548 γὰρ
637 5475 826 5530 ἔλαθον
849 5476 1087 5547 ἐμαυτὸν
1114 5477 1333 5548 μακρὰν
1359 5477 1427 5545 ⁸⁸,
1460 5477 1492 5549 ἢ
1519 5478 1593 5542 ὡς
1631 5478 1726 5531 ἀπ’

108 5568 294 5641 ἀρχῆς
341 5566 698 5638 ὑπεσχόμην,
729 5568 820 5622 τὸν
855 5569 985 5640 περὶ
1013 5569 1222 5624 τούτων
1257 5571 1598 5642 παρατείνας
1634 5572 1725 5626 λό-

109 5677 227 5724 γον.
260 5658 560 5728 Πεποίηκε
581 5658 638 5712 δὲ
666 5657 825 5713 τοῦτο
853 5661 881 5714 ό
902 5661 1029 5730 περὶ
1089 5661 1190 5732 τὴν
1247 5662 1479 5734 πατρίδα
1526 5663 1710 5728 πόθος,

1836 5219 1956 5254 rum
1982 5204 2049 5257 ad
2095 5205 2218 5259 vita:
2269 5220 2428 5259 usum
2471 5205 2929 5268 conducentium,
2962 5219 3070 5258 una
3112 5219 3236 5258 cum
3263 5206 3418 5269 aquis

1836 5295 1943 5350 illis
1975 5298 2280 5361 conﬂuens,
2334 5298 2522 5353 varius
2586 5298 2932 5369 excogitatus
2977 5304 3062 5352 est
3098 5303 3417 5367 proventus.

1915 5479 1966 5532 7.
1995 5477 2285 5534 Enimvero
2343 5477 2662 5547 imprudens
2727 5492 2828 5532 nec
2870 5475 3032 5531 nimis
3074 5480 3234 5529 caute
3256 5474 3394 5543 proli

1844 5571 1968 5628 xius
1996 5573 2080 5629 his
2105 5571 2173 5628 de
2199 5573 2362 5628 rebus
2409 5572 2573 5645 497
2635 5571 2937 5627 orationem
2993 5569 3221 5640 produn
3255 5580 3418 5638 quam

1823 5662 1943 5734 ipse
1983 5664 2141 5721 initio
2191 5665 2244 5721 in
2302 5682 2386 5722 mc
2437 5679 2771 5735 receperam.
2817 5663 2872 5717 In
2907 5677 3074 5717 causa
3120 5660 3222 5716 fuit
3269 5665 3422 5714 am'or

1406 5755 1644 5815 VARIE
1677 5756 2080 5819 LECTIONES.

185 5853 235 5886 ⁸⁸
264 5851 466 5912 αὑτοῖς
499 5849 606 5904 AL.
691 5854 728 5884 "
770 5853 827 5905 ἐν
854 5867 961 5909 om.
1001 5852 1060 5908 L.
1131 5854 1176 5882 "
1209 5853 1417 5928 μακρὸν
1448 5856 1556 5910 AL.
