4154 6450
745 333 851 397 535
2006 341 2324 406 JOANNEE

2433 348 2822 413 AMENIATA
3927 361 4028 424 536

745 452 956 517 patriae,
995 463 1102 504 nou
1154 450 1461 507 insuaviter
1505 467 1630 508 cum
1696 455 1960 510 memoria
2004 458 2324 525 distractus,

2435 460 2609 534 ἡδέως
2637 465 2702 537 τῇ
2738 480 2796 520 τε
2827 467 3021 540 μνήμῃ
3056 470 3541 541 συνεφελκόμενος,
3579 473 3672 527 καὶ
3723 475 3844 538 ταῖς
3893 476 4025 529 ἀνα-

746 556 1039 613 rerumque
1073 545 1427 615 imaginibus,
1465 563 1620 617 aeque
1672 562 1736 603 ac
1783 562 2052 619 praesens,
2093 551 2161 604 iis
2189 551 2324 621 ipsis

2433 555 2745 610 τυπώσεσιν
2766 553 2877 613 οἷον
2910 558 3085 614 δοκῶν
3131 564 3373 618 συνεῖναι
3404 567 3516 628 τοῖς
3551 560 3889 636 λεγομένοις.
3936 564 4030 620 καὶ

742 636 1102 708 «licettdisque
1135 639 1357 706 inﬁxus,
1394 655 1494 695 nec
1538 657 1646 697 non
1695 651 1963 712 prompta:
1993 658 2056 700 ac
2082 645 2324 714 explora-

2433 645 2491 701 τὸ
2511 646 2791 721 πρόθυμον
2807 650 2902 704 καὶ
2921 648 3214 721 ζητητικόν
3230 650 3332 724 τῆς
3347 655 3444 725 σῆς
3467 656 3804 726 φιλομαθοῦς
3827 658 4018 728 ἀκοῆς,

743 731 910 785 trices
945 741 1048 785 tua:
1089 733 1402 787 sedulitatis
1420 749 1604 797 aures.
1629 750 1768 806 quas
1787 737 1949 792 nobis
1968 739 2322 805 concredere,

2433 741 2496 809 ἠν
2511 738 2569 803 ἐξ
2594 740 2770 810 ἀρχῆς
2791 743 3132 814 παραθέσθαι
3153 748 3332 800 πᾶσαν
3353 750 3486 816 ἡμῖν
3515 748 3891 818 καθυπέσχου,
3923 767 4029 817 ur,-

743 824 894 878 uullo
930 824 1039 877 alio
1073 840 1167 880 eas
1216 827 1576 882 subtrahente
1622 843 1724 882 nec
1768 829 1837 882 ab
1873 832 1976 884 ista
2009 833 2324 887 narratione

2433 831 2577 894 δενὸς
2596 832 2760 886 ἄλλου
2785 836 3168 906 περισπῶντος
3190 838 3361 909 αὐτὴν
3387 839 3418 909 ἢ
3448 839 3603 892 τοῦδε
3629 841 3726 893 τοῦ
3755 842 4032 911 διηγήμα-

741 916 1033 979 avellente,
1081 918 1239 973 initio
1291 920 1573 990 pollicitus
1615 937 1694 976 es.
1737 922 1801 976 Et
1832 923 1947 978 haec
1976 925 2196 991 quidem
2252 926 2324 980 ita

2433 942 2520 988 τος
2545 925 2933 997 ύποσύροντος.
2963 924 3150 982 Ταῦτα
3194 928 3249 982 δὲ
3286 928 3460 994 οὕτως
3495 931 3628 1000 ἔχει.
3664 927 3881 985 Φιλοΰσι
3923 929 4030 1000 γὰρ

741 1025 800 1064 se
841 1010 1064 1064 habent.
1095 1010 1170 1065 Ea
1203 1013 1350 1067 enim
1387 1028 1508 1082 quae
1535 1015 1711 1068 amori
1765 1015 2038 1070 habentur
2082 1031 2146 1070 ac
2178 1017 2324 1072 desi-

2433 1016 2522 1071 άεὶ
2549 1017 2618 1070 τά
2653 1018 2969 1089 ποθούμενα
3002 1020 3113 1074 τῶν
3131 1022 3479 1093 πραγμάτων
3524 1024 3776 1096 ἀνάγκης
3803 1026 4028 1093 δεσμοῖς

739 1103 1028 1167 durantur,
1065 1111 1118 1157 et
1176 1113 1492 1159 narrantem
1536 1114 1591 1160 et
1630 1108 1944 1161 audientem
1979 1108 2324 1165 necessitatis

2433 1104 2528 1156 καὶ
2552 1107 2644 1158 τὸν
2673 1106 2906 1176 λέγοντα
2937 1126 3006 1161 πε
3017 1110 3068 1180 pl
3089 1111 3271 1164 αὐτῶν
3306 1113 3559 1182 κατέχειν
3581 1117 3676 1167 καὶ
3697 1115 3790 1168 τδν
3808 1115 4032 1170 ἀκούον-

740 1193 975 1250 vinculis
1005 1197 1268 1251 continuo
1290 1197 1470 1252 solent
1492 1196 1778 1266 colligare,
1810 1208 1869 1253 ut
1897 1215 2004 1254 non
2040 1201 2112 1253 ita
2166 1201 2324 1256 facile

2433 1213 2501 1252 τα
2535 1215 2549 1228 ·
2608 1199 2704 1251 καὶ
2758 1199 2858 1251 οὐκ
2909 1200 2975 1253 ἂν
3029 1200 3202 1264 οὕτως
3254 1202 3497 1274 εὐχερῶς
3528 1206 3626 1260 καὶ
3670 1207 3870 1278 ῥᾳδίως
3906 1210 4029 1262 οὔτε

739 1302 919 1358 neque
947 1289 1101 1345 visus
1133 1305 1161 1343 a
1184 1290 1604 1359 jucundissimis
1631 1294 1966 1362 spectaculis
2003 1309 2181 1364 neque
2227 1310 2326 1348 au-

737 1380 814 1434 ris
863 1397 894 1436 a
950 1381 1296 1439 suavissimis
1353 1384 1735 1441 auditionibus
1795 1387 2083 1452 avellatur,
2152 1403 2329 1457 neque

737 1471 916 1527 dulcis
967 1472 1239 1528 orationis
1309 1475 1547 1544 impetus
1611 1475 2069 1545 interrumpatur.
2152 1477 2328 1533 donec

740 1567 1036 1622 terminum
1072 1568 1319 1640 attigerit
1351 1569 1418 1623 ad
1473 1583 1634 1637 quem
1698 1569 1767 1623 ab
1815 1569 1975 1623 initio
2019 1570 2326 1626 contendit.

735 1655 1132 1724 Nihilominus,
1161 1659 1207 1714 si
1258 1660 1430 1724 lubet,
1485 1659 1553 1712 ad
1614 1659 1863 1714 eamdem
1917 1661 2094 1731 ipsam
2133 1663 2324 1717 urbem

736 1766 1120 1809 rccurramus.
1152 1753 1457 1823 Quousque
1489 1753 1635 1809 enim
1671 1754 1819 1807 velut
1853 1753 1907 1808 in
1945 1755 2172 1823 speculo
2214 1763 2328 1811 sta-

738 1849 887 1897 tuam
915 1843 1222 1914 eiiingimus
1249 1852 1305 1898 et
1347 1843 1518 1898 variis
1571 1843 1793 1898 aliunde
1842 1845 2088 1914 quaesitis
2129 1845 2327 1900 colori-

736 1937 838 1991 bus
872 1937 1109 2006 primum
1136 1937 1414 2006 exemplar
1435 1934 1676 2006 eﬂigiare
1700 1950 1989 2002 conamur,
2011 1950 2135 1990 cum
2164 1935 2329 1991 liceat

737 2027 830 2082 illa
875 2030 992 2098 ipsa
1035 2044 1132 2099 per
1187 2044 1369 2083 rerum
1401 2027 1884 2097 jnecessariarum
1939 2028 2321 2083 narrationem

737 2120 908 2177 adire.
972 2129 1031 2175 ut
1072 2121 1318 2190 apertius
1385 2120 1704 2177 innotescat
1778 2121 1925 2192 quod
1989 2122 2329 2178 subobscure

735 2214 1144 2283 quodammodo
1169 2213 1485 2269 indicatur?
1517 2214 1968 2269 Thessalonicam
2023 2215 2325 2282 siquidem,

734 2309 917 2376 qualis
947 2317 1050 2371 est,
1096 2308 1349 2361 oratione
1407 2307 1746 2370 describere,
1775 2305 1922 2375 quod
1966 2307 2080 2361 lieri
2125 2315 2323 2376 potest,

736 2401 894 2455 initio
935 2400 1184 2470 polliciti,
1239 2408 1291 2454 et
1322 2400 1501 2469 qualis
1532 2415 1657 2453 cum
1703 2409 1850 2454 esset
1882 2407 2065 2462 antea,
2100 2400 2152 2452 in
2191 2400 2324 2469 quid

737 2504 928 2562 postea
969 2495 1186 2549 redacta
1214 2493 1309 2557 sit,
1348 2493 1593 2562 pulchris
1621 2493 1822 2562 quibus
1849 2494 1939 2546 illa
1969 2494 2178 2548 circum
2211 2507 2329 2547 am-

735 2588 851 2641 liitu
875 2587 1171 2642 decoratur
1199 2586 1434 2655 abrepti,
1471 2593 1526 2640 et
1572 2585 1628 2639 in
1655 2585 2034 2640 exterioribus
2060 2600 2327 2640 enarran-

734 2679 843 2744 tlis,
875 2688 933 2734 ut
964 2680 1239 2749 quispiam
1261 2678 1778 2744 dixerit,hactenus
1803 2679 2103 2743 immorati,
2131 2694 2324 2748 parum

733 2783 819 2830 est
850 2781 909 2828 ut
935 2774 1003 2830 iis
1031 2789 1150 2843 quae
1175 2773 1449 2844 praecipua
1482 2779 1614 2826 sunt
1642 2786 1707 2827 ac
1724 2773 2039 2827 necessaria
2061 2785 2326 2826 enarran-

733 2866 820 2922 dis
849 2876 1070 2937 torpere
1108 2865 1415 2919 videamur.
1444 2863 1638 2934 Opera:
1673 2864 1912 2934 pretium
1943 2863 2114 2934 igitur
2155 2871 2238 2918 est
2267 2873 2325 2918 ut

732 2969 785 3014 et
819 2961 886 3013 ad
917 2959 1093 3028 ipsam
1124 2957 1321 3013 iterum
1356 2971 1614 3013 sermone
1639 2956 1952 3021 redeamus,
1980 2955 2327 3026 primamque

732 3051 902 3124 498
934 3051 1084 3105 illius
1139 3049 1611 3120 pulchritudinem
1665 3063 1729 3104 ac
1765 3049 2074 3103 claritatem
2125 3064 2324 3104 nosca-

2432 1290 2554 1359 ὄψις
2573 1289 2682 1344 τῶν
2702 1290 2938 1360 ἡδίστων
2959 1293 3251 1364 θεαμάτων
3281 1296 3406 1349 οὔτε
3429 1297 3568 1369 ἀκοὴ
3616 1299 3724 1354 τῶν
3777 1303 4034 1372 τερπνῶν

2432 1385 2801 1454 ἀποστήσεται
2818 1387 3211 1456 ἀκουσμάτων,
3239 1389 3363 1443 οὔτε
3390 1390 3548 1460 λόγος
3578 1392 3708 1462 ἡδὺς
3721 1392 3825 1463 τῆς
3851 1395 4033 1463 ὁρμῆς

2431 1476 2862 1548 ἀνακοπήσεται,
2924 1478 3120 1550 μέχρις
3158 1480 3225 1534 ἂν
3264 1482 3444 1554 φθάσῃ
3497 1483 3559 1537 τὸ
3607 1485 3783 1555 πέρας
3821 1487 3964 1555 πρὸς
4007 1487 4035 1539 ὃ

2432 1570 2552 1621 κατ’
2578 1568 2754 1640 ἀρχάς
2780 1570 3081 1639 ἐπείγεται.
3111 1573 3259 1645 Πλὴν
3298 1575 3348 1626 sl
3386 1575 3554 1641 δοκεῖ,
3586 1577 3749 1632 πάλιν
3777 1579 3992 1648 ἀναδρά
4014 1608 4034 1619 ο

2434 1677 2628 1730 μωμεν
2669 1662 2807 1733 πρὸς
2852 1662 3023 1732 αὐτὴν
3058 1665 3277 1735 ἐκείνην
3311 1667 3411 1736 τὴν
3435 1667 3594 1721 πόλιν
3623 1685 3638 1700 ·
3696 1671 3859 1740 μέχρι
3924 1670 4036 1739 γάρ

2429 1751 2575 1816 τίνος
2605 1751 2682 1816 ὠς
2721 1754 2779 1806 ὲν
2804 1754 3103 1827 κατόπτρῳ
3123 1755 3216 1809 τὸν
3245 1758 3542 1828 ἀνδριάντα
3588 1759 3896 1832 διαμορφοῦ
3906 1779 4031 1832 μεν,

2432 1846 2527 1898 καὶ
2546 1847 2668 1908 ταῖς
2692 1845 2892 1911 ἔξωθεν
2929 1848 3038 1901 τῶν
3065 1850 3376 1920 χρωμάτων
3407 1853 3704 1919 ποικιλίαις
3748 1856 4036 1909 ἀπεικονί-

2432 1937 2546 2004 ζειν
2578 1941 2896 2012 πειρώμεθα
2928 1941 2988 1996 τὸ
3019 1943 3348 2014 ἀρχέτυπον,
3398 1947 3519 2011 ἐξὸν
3568 1949 3750 2014 αὐτοῖς
3799 1951 4035 2014 ἐκείνοις

2432 2034 2674 2103 ἐντυχεῖν
2700 2034 2788 2089 διὰ
2818 2035 2929 2089 τῶν
2955 2038 3186 2107 καιρίων
3219 2039 3577 2110 διηγημάτων
3617 2044 3730 2106 τοῖς
3761 2043 4035 2115 πράγμα-

2434 2141 2537 2190 σιν,
2567 2124 2642 2188 ὡς
2665 2123 2733 2179 ἂν
2757 2125 3186 2199 γνωριμώτερον
3211 2131 3298 2199 εἴη
3329 2129 3389 2184 τὸ
3418 2131 3677 2202 ἀμυδρῶς
3713 2151 3830 2197 πως
3852 2149 4037 2205 παρα-

2431 2216 2797 2288 δηλούμενον;
2829 2218 3238 2291 Θεσσαλονίκην
3278 2222 3410 2293 γὰρ,
3433 2223 3594 2278 ὁποία
3634 2227 3919 2296 τυγχάνει,
3956 2227 4039 2297 τῷ

2431 2307 2574 2376 λόγῳ
2611 2308 2911 2380 διαγράψαι
2939 2311 3062 2362 καθ’
3093 2312 3218 2364 ὅσον
3237 2308 3349 2365 οἷόν
3381 2329 3439 2364 τε
3497 2314 3621 2366 κατ’
3656 2313 3835 2384 ἀρχὰς
3892 2315 4034 2368 ὑπο-

2434 2398 2710 2469 σχόμενοι,
2732 2401 2930 2466 καὶτίς
2957 2401 3093 2456 οὖσα
3145 2404 3413 2476 πρότερον
3463 2406 3544 2468 είς
3586 2406 3639 2458 τί
3701 2405 4039 2477 κεχώρηκεν

2433 2491 2682 2562 ὕστερον,
2706 2494 2971 2564 τοῖςπερὶ
2999 2494 3172 2565 αὐτὴν
3215 2493 3403 2567 ὥσπερ
3447 2497 3885 2562 ὐποκλαπέντες,
3939 2501 4039 2552 καὶ

2430 2584 2542 2645 τοῖς
2568 2581 2788 2648 ἔξωθεν,
2814 2583 2889 2648 ὡς
2918 2585 2986 2639 ἂν
3017 2587 3161 2639 εἴποι
3193 2605 3302 2652 τις,
3330 2590 3499 2660 μέχρι
3522 2589 3678 2643 τοῦδε
3726 2591 4037 2661 σχολάσαν-

2430 2694 2517 2739 τες
2547 2677 2872 2747 διηγήμασι,
2923 2679 3313 2751 κινδυνεύομεν
3365 2681 3723 2754 βραδύνοντες
3775 2685 3879 2753 τὴν
3924 2685 4038 2736 τῶν

2431 2768 2664 2839 καιρίων
2683 2769 3176 2842 διήγησιν.Χρεὼν
3225 2773 3461 2828 οὖνέστι
3521 2777 3618 2828 καὶ¹
3679 2777 3846 2830 πάλιν
3891 2777 4037 2847 πρὸς

2431 2861 2604 2931 αὐτὴν
2635 2862 2916 2917 ἐπανιέναι
2937 2863 3014 2934 τῷ
3072 2865 3216 2935 λόγῳ
3277 2866 3360 2938 [Ρ.
3393 2867 3521 2940 524]
3567 2868 3662 2922 καὶ
3701 2870 3766 2923 τὸ
3806 2870 4040 2940 πρῶτον

2432 2971 2497 3008 πε
2509 2955 2561 3025 ρ).
2590 2955 2758 3025 αὐτὴν
2785 2956 3130 3026 καταμαθεῖν
3149 2957 3369 3026 κάλλος,
3394 2957 3515 3016 εἶτα
3542 2961 3686 3016 οὕτω
3713 2980 3776 3030 γε
3798 2962 3898 3015 τοῦ
3925 2963 4038 3017 πά-

2432 3047 2558 3111 θους
2591 3049 2830 3114 ἐξειπεῖν
2864 3053 2921 3104 ὲν
2949 3051 3163 3124 ὑστέρῳ
3188 3054 3249 3108 τὸ
3283 3055 3534 3124 μέγεθος,
3563 3057 3648 3109 ῖνα
3678 3059 3805 3110 ὅσον
3829 3057 4036 3126 φανείη

736 3160 882 3209 mus,
917 3159 980 3198 ac
1040 3151 1155 3197 tum
1206 3141 1467 3212 deinceps
1521 3142 1662 3210 ejus,
1712 3156 1878 3210 quam
1937 3156 2194 3210 perpessa
2219 3147 2322 3204 est,

2433 3139 2540 3191 τῶν
2572 3138 2750 3192 ἄλλων
2774 3142 2984 3194 πόλεων
3020 3144 3372 3214 ἀσυγκρίτως
3408 3147 3885 3215 ύπερτεοεύουσα,
3941 3164 4040 3199 τοο

733 3239 909 3291 ruinze
939 3251 1004 3291 ac
1029 3233 1670 3303 cladisrmagnitudinem
1691 3233 2022 3296 referamus,
2061 3242 2120 3286 ut
2146 3247 2323 3302 quan-

733 3339 847 3384 tum
886 3328 1117 3398 reliquis
1153 3326 1384 3382 urbibus
1432 3325 1858 3396 incomparabili
1916 3341 2151 3381 excessu
2190 3341 2326 3396 prte-

2439 3231 2630 3284 σοῦτον
2679 3233 2806 3297 ἀξία
2853 3236 3067 3306 κριθείη
3122 3239 3277 3308 παρὰ
3319 3239 3509 3291 πασῶν
3565 3239 3892 3309 θρηνεῖσθαι
3939 3245 4040 3293 καὶ

2437 3326 2910 3390 κατοικτίζεσθαι.

733 3435 882 3479 stare
949 3423 1261 3489 videbatur,
1318 3431 1532 3480 tantum
1585 3423 1750 3495 digna
1805 3423 2090 3493 judicetur
2148 3437 2314 3492 quam
2356 3423 2636 3478 communi
2665 3439 2858 3480 omnes
2924 3427 3076 3482 luctu
3140 3439 3547 3500 prosequantur
3613 3434 3850 3505 ejusque
3932 3433 4040 3490 mi-

731 3520 1007 3585 seratione
1029 3519 1322 3575 ducantur.

804 3615 857 3668 8.
885 3611 1136 3670 Diximus
1187 3630 1350 3684 quam
1392 3615 1520 3669 latis
1569 3613 1834 3685 pomeriis
1889 3620 2056 3682 atque
2112 3611 2319 3667 ambitu

732 3723 1044 3779 magnaque
1066 3707 1285 3772 civitas,
1310 3719 1361 3762 et
1384 3724 1504 3778 qua;
1533 3717 1748 3762 vastum
1795 3707 2032 3761 limitem
2057 3721 2123 3761 eo
2147 3706 2320 3761 inter-

731 3802 958 3858 cludat:
996 3803 1090 3857 sed
1133 3817 1326 3859 murus
1362 3803 1735 3857 continentem
1759 3815 1954 3856 versus
2004 3799 2322 3855 tutissimus

730 3909 814 3951 est
842 3911 896 3951 et
927 3904 1222 3953 structura:
1248 3897 1505 3953 crassitie
1544 3894 1988 3956 munitissimus,
2035 3892 2317 3948 exteriori-

732 4008 840 4060 que
874 4005 1035 4045 muro
1056 4005 1119 4045 ac
1152 3990 1568 4061 prOpugnaculo
1598 3997 1715 4043 tuta
1748 3988 1995 4053 undique
2013 3986 2322 4041 munitione

733 4087 1019 4156 obseptus,
1054 4082 1492 4156 propugnaculis
1530 4091 1585 4138 et
1627 4082 1813 4153 pinnis
1852 4081 2003 4135 omni
2034 4093 2162 4134 area
2190 4094 2324 4134 con-

733 4179 995 4248 stipatus,
1022 4193 1123 4232 nec
1147 4177 1315 4231 ullam
1361 4175 1654 4247 oppidanis
1673 4174 1811 4245 justi
1839 4173 2055 4228 timoris
2079 4172 2322 4228 necessi-

731 4280 896 4325 tatem
956 4270 1225 4339 praebens.
1252 4267 1388 4325 Pars
1438 4268 1585 4324 illius
1635 4266 1700 4322 ad
1730 4274 1920 4321 notum
1965 4263 2190 4320 humilis
2234 4271 2321 4320 est

731 4381 796 4418 ac
833 4378 1066 4432 prorsus
1110 4360 1373 4432 depressa
1431 4361 1686 4430 belloque
1720 4359 1884 4430 plane
1921 4357 2154 4413 inutilis.
2180 4354 2319 4410 Nam

732 4473 858 4512 reor
908 4454 1198 4519 artiﬁcem,
1261 4453 1409 4524 quod
1451 4452 1658 4508 nullam
1713 4452 2019 4521 antiquitus
2049 4464 2112 4503 ex
2143 4447 2318 4503 maris

2483 3618 2576 3684 ιη’.
2605 3614 2849 3685 Εἴπομεν
2870 3615 2943 3678 ὡς
2968 3617 3157 3689 εὐρεῖά
3187 3636 3272 3682 τις
3291 3620 3386 3672 καὶ
3412 3619 3621 3689 μεγάλη
3653 3621 3686 3690 ἡ
3717 3619 3897 3682 πόλις,
3936 3618 4043 3672 καὶ

2432 3705 2510 3776 τῷ
2537 3708 2850 3779 περιέχοντι
2891 3710 3060 3763 πολὺν
3094 3712 3186 3764 τὸν
3223 3712 3482 3783 διαμέσον
3515 3712 3558 3743 ⁸¹
3601 3712 3783 3783 χῶρον
3828 3714 4042 3766 ἐναπο-

2432 3801 2718 3856 κλείσασα.
2786 3802 2929 3856 Ἀλλ’
2975 3805 3102 3857 ὅσον
3165 3805 3264 3874 μὲν
3293 3806 3387 3857 τοῦ
3441 3804 3656 3873 τείχους
3699 3803 3800 3874 τὴν
3830 3805 4042 3874 χέρσον

2431 3896 3156 3966 ἁποσκοπεῖ,ὲρυμνότατόν
3194 3897 3252 3950 τέ
3285 3899 3402 3949 ἐστι
3444 3897 3539 3950 καὶ
3589 3895 3667 3964 τῷ
3720 3896 3893 3966 πάχει
3933 3897 4042 3964 τῆς

2428 3981 2722 4056 οἰκοδομῆς
2757 3988 3254 4060 κατωχυρωμένον,
3275 3987 3356 4058 τῷ
3406 3987 3606 4053 ἔξωθέν
3644 4005 3706 4041 τε
3747 3989 4043 4058 προτειχί-

2431 4096 2602 4149 σματι
2631 4079 2693 4132 τὸ
2722 4080 2964 4148 ἀσφαλὲς
2992 4081 3258 4134 πάντοθεν
3285 4082 3331 4112 ⁸⁸
3362 4081 3688 4150 συντηροῧν,
3736 4081 4043 4152 προϐόλοις

2430 4173 2526 4226 καὶ
2554 4170 2844 4236 ἐπάλξεσιν
2877 4171 3023 4225 ἆπαν
3055 4171 3654 4240 καταπεπυκνωμένον,
3706 4170 3801 4222 καὶ
3865 4170 4044 4238 μηδε-

2435 4265 2565 4335 μίαν
2584 4265 2833 4334 ἀνάγκην
2865 4265 3032 4335 φόϐου
3064 4265 3111 4296 ⁸³
3141 4267 3254 4328 τοῖς
3288 4265 3569 4335 οἰκήτορσι
3617 4263 4040 4332 παρεχόμενον.

2429 4358 2504 4412 Τὸ
2532 4359 2589 4411 δὲ
2620 4359 2756 4429 πρὸς
2779 4360 2931 4413 νότον
2955 4359 3122 4413 αὐτοῦ
3151 4358 3430 4430 χθαμαλὸν
3458 4359 3518 4410 τέ
3565 4359 3680 4410 ἐστι
3739 4355 4043 4418 παντελῶς

2430 4450 2526 4505 καὶ
2557 4450 2696 4522 πρὸς
2723 4451 2960 4521 πόλεμον
2991 4453 3386 4523 ἀπαράσκευον
3413 4465 3426 4479 ·
3459 4447 3616 4521 οἶμαι
3650 4449 3761 4520 γὰρ
3793 4448 3877 4518 τῷ
3923 4465 4005 4518 μη
4028 4478 4042 4487 -

728 4563 827 4602 ora
872 4548 1112 4603 hostium
1178 4545 1592 4617 aggressionem
1643 4552 1940 4606 metueret,
1981 4551 2320 4596 structuram

2433 4543 2622 4613 δεμίαν
2646 4543 2957 4614 ὑφορᾶσθαι
3006 4543 3318 4615 προσϐολὴν
3376 4541 3578 4612 βλάϐης
3624 4543 3689 4593 ὲκ
3735 4539 3833 4592 τοῦ
3893 4540 4044 4609 πρὸς

728 4641 1055 4712 neglexisse.
1115 4637 1314 4696 Fertur
1363 4655 1493 4696 vero
1542 4639 1775 4709 antiquo
1830 4652 2074 4700 rumore,
2103 4636 2197 4707 qui
2248 4635 2318 4689 ad

2433 4635 2709 4689 θάλασσαν
2735 4637 2762 4688 ό
2791 4636 3050 4706 τεχνίτης
3091 4634 3262 4688 πάλαι
3293 4634 3392 4704 τῆς
3432 4633 3724 4702 οἰκοδομῆς
3771 4634 4043 4702 κατημέ-

729 4743 919 4792 nostra
946 4736 1061 4790 haec
1102 4743 1350 4805 tempora
1405 4733 1680 4803 pervenit,
1713 4731 1905 4786 urbem
1938 4747 2003 4784 ex
2063 4744 2128 4785 ea
2163 4737 2319 4798 parte

2433 4726 2578 4796 λησε.
2599 4726 2831 4797 Φέρεται
2855 4726 2912 4779 δέ
2935 4743 3018 4789 τις
3042 4726 3137 4780 καὶ
3168 4724 3399 4788 παλαιὸς
3429 4725 3588 4793 λόγος
3631 4724 3829 4794 μέχρις
3856 4724 4040 4795 ἡμῶν

727 4845 823 4898 per
861 4816 1066 4882 multos
1102 4842 1277 4881 annos
1305 4826 1458 4881 omni
1511 4840 1700 4879 mlll‘0\
1724 4831 1989 4892 septoque
2039 4820 2312 4882 caruisse,

2433 4816 2662 4887 φθάσας,
2701 4817 2779 4879 ὡς
2811 4816 3117 4886 ἀτείχιστος
3139 4811 3291 4886 ἦνὲξ
3317 4817 3527 4869 ἐκείνου
3581 4813 3673 4867 τοῦ
3731 4814 3944 4884 μέρους
3999 4817 4038 4882 ἡ

729 4937 792 4975 ac
817 4921 993 4976 donec
1022 4917 1224 4975 Xerxis
1252 4919 1529 4990 quondam
1578 4916 1859 4971 Medorum
1913 4915 2060 4982 regis
2116 4914 2312 4967 timore

2433 4911 2576 4972 πόλις
2603 4909 2831 4980 χρόνους
2859 4909 3111 4974 πολλοὺς,
3144 4910 3192 4962 εἰ
3224 4907 3299 4979 μὴ
3329 4907 3408 4978 τῷ
3451 4908 3561 4961 δέει
3593 4909 3725 4961 ποτὲ
3761 4907 3862 4960 τοῦ
3896 4909 4039 4977 Μή-

729 5009 874 5080 (ejus
932 5011 1146 5066 scilicet
1182 5013 1274 5080 qui
1337 5019 1539 5064 terram
1601 5008 1969 5078 navigabilem
2029 5005 2317 5060 fecerat'et

2433 5001 2774 5072 ῑων¹Ξέρξου,
2807 5001 3032 5074 πλωτὴν
3055 5004 3158 5070 γῆν
3183 5001 3590 5070 τεκτηναμένου
3625 5001 3721 5053 καὶ
3750 5000 3901 5053 κατὰ
3921 5002 4040 5069 τῆς

726 5099 968 5169 copiosis
999 5100 1311 5170 agminibus
1339 5101 1563 5173 Graecum
1611 5099 1814 5155 bellum
1859 5099 2154 5167 indixerat)
2205 5099 2316 5154 Ro-

2433 5094 2683 5157 Ἐλλάδος
2729 5095 3298 5164 στρατοπεδεύσαντος
3366 5093 3462 5147 καὶ
3511 5093 3725 5146 πολλῶν
3800 5093 4040 5163 πληθὺν

726 5206 1019 5245 manorum
1053 5208 1237 5246 rerum
1295 5192 1613 5248 dominator
1648 5191 1874 5261 pusillo,
1905 5198 1958 5244 et
1989 5199 2050 5245 ut
2082 5206 2202 5247 sese
2231 5207 2318 5246 oc-

2433 5186 2842 5256 ὲπιφερομένου,
2881 5190 2910 5240 ὁ
2958 5187 3068 5240 τῶν
3125 5187 3415 5258 Ῥωμαίων
3467 5185 3536 5239 τὰ
3578 5185 3839 5255 σκῆπτρα
3897 5190 4038 5240 κατ’

728 5282 884 5336 casio
918 5281 1141 5345 tulerat,
1177 5299 1374 5353 aggere
1393 5298 1512 5339 eam
1531 5291 1740 5352 partem
1766 5284 2196 5352 circumsepsit;
2225 5284 2315 5352 qui

2433 5280 2664 5344 ἐκείνους
2693 5283 2822 5346 τοὺς
2857 5283 3086 5353 καιροὺς
3122 5281 3317 5335 ἰθύνων
3349 5283 3548 5352 μικρόν
3571 5299 3693 5334 τινα
3720 5283 3818 5334 καὶ
3846 5283 3924 5346 ὼς
3961 5287 4040 5337 ὲκ

731 5377 848 5444 ipse
889 5392 1055 5446 agger
1080 5392 1146 5431 ex
1177 5392 1244 5432 eo
1299 5384 1547 5448 tempore
1596 5377 1664 5432 ad
1729 5377 1834 5430 hoc
1881 5378 1982 5431 arvi
2038 5377 2313 5440 subsistit,

2433 5374 2518 5426 τοῦ
2550 5375 2960 5445 παρατυχόντος
2995 5375 3250 5446 φραγμὸν
3292 5373 3369 5445 τῷ
3397 5375 3522 5445 τῇδε
3570 5374 3877 5444 περιέὲηκε
3921 5379 4042 5444 μὲ-

729 5469 938 5522 nullam
999 5469 1126 5524 inde
1167 5485 1368 5524 noxam
1431 5471 1748 5540 atrocisque
1813 5469 1889 5524 rei
1941 5469 2314 5538 suspicionem

2433 5485 2532 5536 ρει.
2580 5467 2700 5536 Ἀφ’
2729 5461 2792 5522 οὗ
2821 5469 2886 5538 δὴ
2911 5469 3103 5539 χρόνον
3135 5468 3228 5521 καὶ
3255 5468 3417 5539 μέχρι
3450 5467 3543 5521 τοῦ
3575 5466 3740 5536 δεῦρο
3769 5469 3832 5519 τὸ
3888 5471 4042 5522 αὐτὸ

729 5579 971 5632 unquam
1001 5563 1119 5620 fore
1151 5565 1496 5621 existimans.
1535 5564 1690 5620 Licet
1723 5563 1891 5636 599
1930 5565 2078 5620 enim
2135 5565 2316 5634 plera-

2433 5561 2582 5614 τοῦτο
2605 5562 3031 5633 διαμεμένηκεν,
3063 5562 3323 5616 οὐδέποτε
3351 5561 3452 5632 τῆς
3513 5560 3723 5615 ἐκεῖθεν
3783 5561 4038 5631 βλάϐης,

728 5673 836 5728 que
864 5659 1066 5728 saepius
1086 5659 1248 5723 bella,
1280 5675 1456 5731 eaque
1489 5659 1894 5726 crudelissima,
1929 5659 2146 5720 civitas.
2197 5666 2311 5712 tum

2433 5653 2500 5717 ὡς
2528 5653 2688 5725 ᾤετο,
2709 5655 2812 5710 κᾶν
2845 5656 2900 5710 ἐν
2934 5655 3159 5728 ὑπονοίᾳ
3189 5655 3331 5710 τισὶν
3357 5653 3645 5724 ἐσομένης.
3678 5655 3740 5708 Et
3781 5656 3895 5727 γὰρ
3923 5661 4043 5712 καὶ

2021 5753 2259 5807 VARIAS
2292 5751 2694 5808 LECTIONES.

801 5846 844 5879 "
874 5847 958 5902 διὰ
993 5849 1153 5917 μέσον
1174 5851 1213 5906 Λ
1251 5869 1260 5904 ;
1301 5866 1367 5905 an
1395 5849 1482 5904 διὰ
1516 5850 1722 5920 uicos?
1797 5852 1842 5882 "
1873 5849 2100 5903 πάντοτε
2137 5847 2197 5904 Ρ.
2273 5847 2506 5916 ³³φόϐον
2541 5849 2606 5902 Α.
