4154 6450
127 379 224 444 537

1203 380 1301 440 DE
1333 377 1647 441 EXCIDIO
1684 375 2296 443 THESSALONICE.

3299 377 3406 441 538

127 491 354 554 πολλοὺς
385 490 649 555 πολλάκις
677 489 877 560 ἀνέτλη
910 491 1182 560 πολέμους
1211 493 1304 543 καὶ
1334 491 1456 545 λίαν
1484 493 1714 563 σφοδρο-

1829 489 2188 545 Barbarorum
2223 497 2337 541 tum
2389 485 2745 542 finitimorum
2795 483 3149 560 Scytharum,
3205 489 3416 542 machi-

128 586 323 647 τάτους
357 586 390 653 ἡ
429 584 604 648 πόλις,
636 584 765 648 τούς
795 601 854 638 τε
884 587 947 638 ὲκ
967 585 1076 637 τῶν
1107 583 1414 654 Βαρϐάρων
1462 587 1554 638 καὶ
1617 585 1719 638 αὖ-

127 677 234 728 τῶν
263 677 322 729 δὲ
354 677 464 730 τῶν
490 676 938 748 συνομορΟὑντων
968 677 1214 742 Σκυθῶν,
1242 679 1350 730 πᾶν
1379 674 1516 742 εἶδος
1549 679 1724 746 ἀμυν-

126 768 334 836 τηρίων
359 769 480 822 κατ’
501 769 672 839 αὐτῆς
698 770 1103 839 ἑπινοουμένων
1157 769 1252 822 καὶ
1284 769 1510 840 ψάμμου
1567 769 1723 837 δίκην

125 860 203 929 τῷ
265 860 468 930 πλήθει
529 862 629 930 τῆς
692 864 950 932 στρατιᾶς
1005 863 1328 932 εἰσρεόντων
1386 864 1480 916 καὶ
1513 864 1648 933 μηδὲ
1676 863 1722 894 ⁸⁵

128 951 432 1022 ὑποφέρειν
463 953 560 1022 τὴν
589 953 819 1021 ἀπειλὴν
863 953 1042 1006 αὐτῶν
1098 954 1550 1020 φιλονεικούντων
1607 955 1724 1021 (καὶ

127 1043 238 1112 γὶρ
265 1044 346 1106 ὡς
376 1044 588 1113 ἀληθῶς
613 1041 754 1115 ἦσαν
781 1043 1076 1098 ἀκάθεκτος
1109 1047 1230 1106 ταῖς
1260 1046 1460 1115 ὁρμαῖς
1487 1046 1578 1097 καὶ
1605 1061 1726 1096 ποι·-

128 1138 253 1206 κξλῃ
283 1137 396 1187 τινὶ
420 1137 692 1207 πανοπλίᾳ
729 1136 1156 1208 πεφραγμένοι),
1189 1137 1304 1189 ἀλλ’
1335 1133 1403 1208 ἦν
1429 1138 1536 1207 ἄρα
1570 1136 1725 1207 περί-

125 1244 275 1294 γειος
307 1226 459 1280 ὥσπε
471 1246 500 1297 ρ
543 1231 576 1298 ἡ
606 1230 777 1299 μάχη,
799 1230 892 1283 καὶ
924 1229 1176 1296 διέφευγε
1206 1229 1301 1292 τὰς
1334 1229 1628 1292 ἐπιϐουλὰς
1648 1228 1726 1298 τῷ

125 1321 370 1388 ἀσφαλεῖ
396 1321 490 1373 τοῦ
537 1321 752 1391 τείχους
792 1322 890 1392 τὴν
952 1323 1141 1391 ἔφοδον
1169 1322 1564 1387 ὑπεκκλίνασα,
1633 1321 1726 1375 καὶ

124 1415 200 1482 τῷ
231 1413 483 1482 συνήθως
508 1415 646 1484 αὑτῇ
675 1414 769 1467 καὶ
818 1413 1036 1484 θερμῶς
1096 1413 1530 1486 ὐπερμαχοῦντι,
1580 1415 1726 1482 λέγω

125 1507 188 1575 δὴ
240 1506 320 1576 τῷ
379 1507 687 1589 πανενδὸξιρ
738 1507 978 1578 μάρτυρι
1037 1509 1363 1579 Δημητρίῳ,
1391 1507 1488 1577 τὴν
1522 1507 1726 1574 ἑαυτῆς

129 1596 416 1665 σωτηρίαν
447 1596 947 1651 καταπιστεύουσα.
998 1600 1094 1650 Ἐκ
1140 1597 1355 1650 πολλῶν
1403 1597 1512 1665 γὰρ
1553 1594 1725 1664 αὐτὴν

126 1688 398 1741 κινδύνων
459 1692 487 1741 ὁ
529 1691 574 1722 ⁸⁸
626 1689 964 1760 σωσίπατρις
993 1683 1150 1755 οὗτος
1202 1690 1495 1760 ἐρρύσατο,
1538 1687 1726 1741 καὶτὸ

124 1783 285 1851 νικᾷν
307 1782 448 1850 αὐτῇ
490 1781 585 1836 καὶ
619 1783 788 1852 μήπω
815 1782 910 1838 τοῦ
941 1783 1182 1852 πολέμου
1215 1781 1542 1853 πειραθείσῃ
1595 1780 1726 1832 πολ-

124 1880 283 1942 λάκις
326 1879 630 1948 συμπαθῶς
663 1879 994 1952 ἐδωρήσατο.

123 1991 214 2037 τες
249 1976 365 2034 τοῖς
389 1971 520 2042 ἑξῆς
547 1973 711 2044 ἡμεῖς
736 1973 848 2026 τῶν
875 1974 976 2044 ήδη
1011 1972 1315 2042 λεχθέντων
1345 1971 1646 2042 προΐωμεν.

1829 588 2088 640 namenta
2115 589 2168 634 et
2197 581 2632 650 Oppugnantium
2684 590 2838 637 astus
2887 582 3070 637 varios
3095 581 3417 652 excogitau-

1825 676 1959 728 tium
2017 688 2308 742 areamque
2361 673 2664 742 exaequatis
2723 675 2899 744 cupiis
2945 675 3291 730 influentium
3349 689 3415 729 ac

1827 776 2057 820 cunctos
2092 766 2256 820 minis
2287 767 2608 819 terrentium
2651 766 2830 836 (erant
2877 783 3111 836 namque
3148 767 3418 823 effrenato

1829 857 2030 927 impetu
2057 869 2107 911 et
2139 872 2416 911 armorum
2441 860 2590 913 omni
2620 874 2818 927 genere
2851 861 3038 929 septi),
3063 861 3416 926 sustinuerit,

1828 965 1953 1004 cum
1997 961 2144 1006 esset
2175 952 2457 1005 terrestris
2501 951 2813 1015 conﬂictus,
2858 953 3091 1007 insidias
3139 953 3417 1011 eludebat.

1828 1041 1994 1111 hujus
2023 1043 2164 1097 muri
2196 1043 2494 1098 securitate
2543 1044 2906 1112 irruptionem
2931 1045 3242 1108 declinans,
3280 1044 3416 1098 soli-

1829 1146 1993 1204 toque
2029 1144 2195 1206 atque
2223 1136 2459 1192 ferventi
2515 1151 2616 1193 suo
2670 1136 2973 1200 defensori,
3017 1137 3423 1204 gloriosissimo

1828 1244 2027 1298 nempe
2084 1230 2318 1300 martyri
2364 1229 2665 1295 Demetrio,
2710 1246 2866 1285 suam
2901 1231 3244 1286 conci-edens
3271 1231 3421 1285 salu-

1828 1332 1959 1380 tem.
1992 1325 2071 1379 Ex
2101 1325 2293 1382 multis
2321 1325 2468 1382 enim
2512 1326 2772 1396 periculis
2809 1334 3059 1381 servator
3111 1326 3201 1380 hic
3229 1329 3422 1395 patriae

1828 1420 2004 1488 ipsam
2039 1418 2308 1486 liberavit,
2345 1433 2446 1475 nec
2479 1433 2629 1480 raro,
2655 1433 2780 1472 cum
2833 1419 3069 1472 necdum
3098 1419 3262 1472 etiam
3302 1417 3421 1472 bel-

1829 1511 1940 1564 lum
1971 1518 2199 1580 experta
2223 1518 2392 1572 esset,
2418 1510 2706 1564 victoriam
2749 1511 3085 1577 perhumane
3114 1508 3416 1563 concessit.

1829 1600 2032 1655 Verum
2084 1602 2200 1656 haec
2251 1603 2410 1657 libris
2453 1603 2546 1672 qui
2588 1603 2655 1656 de
2693 1602 2838 1655 illius
2877 1600 3160 1654 miraculis
3202 1607 3422 1655 exstant

1830 1690 2110 1744 narranda
2144 1692 2543 1759 permittentes,
2568 1705 2630 1745 ea
2665 1702 3064 1761 prosequamur
3110 1701 3232 1756 qua:
3254 1684 3420 1740 dein-

1832 1795 1962 1850 ceps
2004 1787 2335 1850 sequuntur.

1079 1880 1242 1934 Ἀλλά
1271 1879 1447 1932 ταῦτα
1469 1879 1589 1939 ταῖς
1611 1876 1721 1930 τῶν
1760 1876 2055 1946 θαυμάτων
2107 1876 2275 1930 αὑτοῦ
2306 1876 2511 1946 βίϐλοις
2561 1875 2827 1946 ὲξηγῆσαι
2855 1875 2901 1907 ⁵⁸
2981 1874 3424 1946 παραχωρήσαν-

193 2066 380 2125 θ’.⁷Ην
411 2066 507 2123 οὖν
522 2073 641 2132 ταῖς
671 2070 950 2139 ῥηθείσαις
976 2070 1179 2134 αίτίαις
1195 2067 1443 2138 ἀνωτέρα
1470 2067 1720 2120 κινδύνου

1900 2065 1954 2120 9.
1985 2065 2192 2121 Civitas
2237 2065 2406 2136 igitur
2449 2064 2520 2119 ob
2578 2079 2671 2119 cas
2727 2077 2863 2132 quas
2917 2061 3166 2116 dicebam
3219 2073 3423 2114 causas

122 2164 329 2225 παντὸς
358 2164 391 2231 ἡ
445 2162 623 2225 πόλις.
657 2161 746 2228 Ἐξ
779 2163 904 2216 ὅτου
954 2162 1064 2233 γάρ
1126 2164 1160 2233 ἠ
1205 2161 1564 2230 κολυμϐήθρα
1621 2159 1716 2212 τοῦ

122 2250 268 2302 θείου
287 2249 333 2280 ⁵⁷
352 2248 730 2318 βαπτίσματος
755 2250 814 2302 τδ
835 2250 944 2304 τῶν
973 2250 1198 2304 Σκυθῶν
1233 2249 1386 2314 ἔθνος
1421 2249 1500 2320 τῷ
1531 2267 1718 2320 χριστ-

120 2341 322 2413 ογνύμῳ
383 2341 498 2411 λαῷ
540 2339 623 2412 [Ρ.
650 2341 778 2412 525]
807 2343 1197 2412 συνεμόρφωσε
1256 2342 1351 2395 καὶ
1406 2341 1464 2395 τὸ
1493 2342 1595 2412 τῆς
1627 2342 1718 2393 εύ-

123 2436 340 2498 σεϐείας
371 2436 513 2504 γάλα
544 2435 736 2498 κοινῶς
777 2434 1110 2505 ἀμφοτέροις
1145 2435 1371 2488 διείλετο
1397 2476 1409 2501 ,
1471 2435 1719 2488 πέπαυτο

129 2529 224 2596 μὲν
258 2530 290 2597 ἡ
321 2529 432 2580 τῶν
465 2527 677 2581 πόλεων
705 2526 896 2591 στάσις
918 2527 987 2590 ⁸⁸,
1009 2528 1193 2588 ἀνεῖτο
1217 2527 1273 2580 δὲ
1299 2527 1398 2597 τῆς
1436 2527 1720 2598 ἐνεργείας

126 2625 153 2687 ἠ
189 2620 289 2681 τὰς
324 2619 543 2688 σφαγὰς
579 2618 980 2689 ἑπιτηδεύουσα
1013 2619 1283 2689 μάχαιρα,
1322 2621 1416 2672 καὶ
1465 2621 1534 2674 τά
1583 2638 1721 2691 προ-

125 2711 177 2763 λε
185 2712 388 2782 χθέντα
403 2711 481 2780 τῷ
500 2712 1004 2782 μεγαλοφωνοτάτῳ
1017 2712 1126 2764 τῶν
1150 2711 1446 2782 προφητῶν
1461 2711 1525 2765 'H
1533 2714 1659 2783 σαῖᾳ
1672 2713 1718 2746 ⁸⁸

125 2802 378 2873 ἐναργῶς
435 2803 522 2870 ἐφ’
563 2804 694 2872 ἡμῖν
765 2802 1112 2874 ἐπληροῦτοθ
1161 2804 1216 2855 al
1293 2805 1558 2874 μάχαιραι
1612 2804 1720 2874 γάρ

126 2896 286 2965 ἡμῶν
315 2894 588 2965 μετῆλθον
624 2896 704 2959 είς
730 2895 976 2966 δρέπανα
1007 2896 1102 2948 καὶ
1130 2897 1186 2948 αί
1210 2893 1427 2960 ζιϐύναι
1477 2898 1558 2960 είς
1590 2899 1721 2968 ἀρο-

123 3005 250 3058 τρα,
303 2988 401 3040 καὶ
461 2989 698 3057 πόλεμος
747 2981 816 3057 ἦν
845 2986 1106 3057 οὐδαμοῦ,
1155 2988 1249 3041 καὶ
1279 2988 1379 3057 τὴν
1411 2989 1720 3061 περίχωρον

125 3079 352 3133 ἃπασαν
372 3080 565 3149 είρήνη
593 3080 1060 3151 κατεπρυτάνευε,
1097 3080 1195 3133 καὶ
1228 3082 1458 3150 οὐδεμία
1508 3078 1576 3154 ἦν
1625 3084 1718 3137 εὑ-

124 3171 297 3235 ςωῖας
317 3171 546 3242 ἀφορμὴ
574 3167 644 3242 ἧς
675 3172 774 3225 οὐκ
807 3173 886 3236 είς
921 3171 1083 3241 κόρον
1130 3175 1296 3243 ἡμεῖς
1346 3175 1714 3246 ἀπελαύομεν,

123 3263 279 3315 ἔνθεν
313 3263 489 3330 αίτῆς
520 3263 794 3334 γεωργίας
825 3263 1104 3332 ἀφθονίαι,
1138 3264 1351 3320 ἐκεῖθεν
1395 3267 1452 3320 al
1486 3269 1586 3338 τῆς
1616 3270 1720 3338 ἑμ-

123 3356 327 3425 πορίας
357 3356 636 3425 χορηγίαι.
673 3355 749 3424 Γῆ
783 3356 893 3427 γάρ
951 3358 1048 3410 καὶ
1087 3357 1333 3412 θάλασσα
1385 3359 1720 3430 λειτουργεῖν

123 3449 258 3515 ἡμῖν
280 3447 342 3511 ἐξ
369 3447 547 3516 ἀρχῆς
569 3445 850 3516 ταχθεῖσαι
887 3447 1145 3501 πλουσίαν
1185 3449 1276 3500 καὶ
1305 3448 1580 3502 ἀδάπανον
1625 3450 1723 3522 τὴν

122 3539 257 3612 περὶ
313 3539 548 3592 ἕκαστον
596 3537 993 3609 έδωροφόρουν.
1049 3533 1150 3593 Ὧν
1189 3540 1300 3610 γὰρ
1357 3539 1426 3612 ἦν
1462 3543 1721 3615 ἐνδεῶςῆ

125 3634 221 3685 καὶ
245 3629 650 3700 ἀνεπιτηδείως
700 3628 901 3700 ἔχουσα
945 3631 1085 3701 πρὸς
1128 3633 1500 3702 καρπογονίαν
1545 3636 1578 3704 ἡ
1629 3636 1723 3706 γῆ,

125 3724 338 3777 τούτων
379 3721 511 3794 παρ’
547 3723 749 3792 ἑαυτῆς
780 3723 813 3793 ἡ
839 3722 1084 3777 θάλασσα
1105 3725 1207 3796 τὴν
1229 3729 1424 3796 κτῆσιν
1467 3744 1726 3797 μηχανω-

134 3820 269 3887 μένη
300 3816 400 3870 καὶ
424 3818 546 3879 ταῖς
583 3817 776 3869 ὁλκάσι
813 3817 1307 3886 συνεισκομίζουσα
1370 3819 1616 3882 ἀνενδεὲς
1666 3820 1728 3872 τὸ

129 3909 314 3961 λεῖπον
345 3907 516 3959 ἐδίδου
547 3909 658 3970 τοῖς
698 3907 984 3979 χρῄζουσι.
1015 3908 1078 3961 Τί
1109 3909 1166 3962 δὲ
1189 3909 1297 3962 τῶν
1348 3910 1728 3981 ἁπανταχόθεν

130 4000 548 4070 ίπιδημούντων
575 3998 788 4067 εἴποιμι
818 3999 1058 4069 πρῶτον,
1093 4000 1187 4052 καὶ
1217 3998 1452 4069 μάλιστα
1478 3994 1560 4062 οἷς
1609 4004 1728 4068 ἐφι-

130 4089 453 4160 λοτιμοῦντο
485 4089 613 4151 τοὺς
638 4087 865 4151 πολίτας
891 4089 1062 4159 ἡμᾶς,
1092 4087 1160 4140 τά
1199 4089 1331 4157 παρ’
1378 4088 1588 4141 ἑαυτῶν
1647 4089 1729 4142 δι-

131 4182 309 4243 δόντες
338 4181 435 4234 καὶ
454 4181 523 4234 τά
553 4181 684 4250 παρ’
734 4179 893 4249 ἡμῶν
938 4179 1433 4250 ἀντιλαμϐάνοντες
1461 4198 1475 4247 ;
1504 4182 1728 4251 Λεωφό-

133 4291 226 4341 pou
254 4273 368 4341 γάρ
390 4271 659 4341 δημοσίας
684 4269 784 4340 τῆς
832 4271 971 4341 πρὸς
1017 4272 1284 4340 ἀνατολὴν
1341 4273 1582 4344 ἀγούσης
1619 4275 1730 4328 ἀπὸ

131 4363 226 4430 τῆς
254 4361 465 4424 δύσεως
493 4361 582 4414 διὰ
619 4361 786 4431 μέσου
830 4361 992 4429 τῆσδε
1029 4363 1315 4435 χωρούσης
1361 4365 1463 4433 τῆς
1497 4366 1726 4434 πόλεως,

133 4456 224 4508 καὶ
253 4453 577 4520 ἀναγκαίως
637 4451 936 4524 πειθούσης
977 4455 1105 4517 τοὺς
1149 4456 1552 4525 παροδεύοντας
1579 4458 1730 4528 ,πρὸς

133 4548 278 4617 ἡμᾶς
313 4545 678 4615 ἐνδιατρίϐειν
713 4546 806 4598 καὶ
849 4545 919 4598 τά
952 4546 1090 4616 πρὸς
1122 4545 1222 4616 τὴν
1258 4547 1450 4617 χρείαν
1511 4549 1732 4619 πορίζε-

135 4641 276 4702 σθαι,
306 4639 418 4690 πᾶν
454 4638 633 4690 ὁτιοῦν
666 4637 733 4690 ἂν
764 4636 908 4689 είποι
940 4655 1024 4700 τις
1057 4636 1166 4691 τῶν
1201 4639 1386 4692 καλῶν
1437 4638 1497 4704 ἐξ
1549 4641 1731 4695 αὐτῶν

1827 2162 2007 2214 omnis
2039 2161 2270 2229 periculi
2298 2173 2493 2216 secura
2520 2157 2876 2228 agebat..Quo
2907 2157 3053 2210 enim
3078 2170 3141 2209 ex
3177 2162 3423 2222 tempore

1827 2251 2156 2324 Scytharum
2186 2268 2342 2324 gens,
2379 2252 2524 2306 sacri
2564 2251 2734 2306 fontis
2770 2251 2928 2320 aquis
2952 2249 3140 2302 abluta
3175 2262 3238 2300 ac
3256 2243 3418 2300 Chri-

1826 2350 2006 2403 stiano
2047 2348 2248 2418 populo
2279 2347 2516 2405 sociata.
2553 2346 2671 2415 pari
2706 2345 2780 2398 illi
2815 2358 3042 2397 munere
3086 2339 3307 2409 pietatis
3337 2339 3421 2392 Iac

1825 2453 2022 2510 sugere
2077 2437 2489 2500 destinaverat,
2540 2435 2760 2490 urbium
2813 2432 3186 2489 desolationes
3250 2428 3417 2482 finem

1823 2533 2159 2595 habuerant;
2182 2531 2248 2584 ad
2276 2529 2451 2585 caedes
2483 2528 2736 2584 instructi
2757 2527 2907 2582 ensis
2929 2539 3118 2579 mucro
3145 2521 3416 2575 inhibitus

1822 2633 1941 2680 erat
1990 2634 2347 2694 retusumque
2410 2622 2747 2686 ferrum,ac
2797 2634 2918 2687 quae
2971 2617 3102 2672 olim
3138 2615 3421 2685 propheta-

1824 2733 1945 2772 rum
2014 2716 2404 2773 vocalissimus
2449 2713 2620 2771 Isaias
2657 2712 2748 2781 (2,
2772 2713 2826 2782 4)
2867 2711 3044 2765 fuerat
3068 2707 3418 2769 vaticinatus,

1824 2817 2015 2864 nostro
2068 2808 2176 2862 hoc
2225 2821 2342 2861 aevo
2377 2806 2539 2876 500
2577 2805 2874 2874 adimpleta
2909 2799 3420 2870 conspiciebantur.

1821 2901 2009 2956 Nostri
2040 2901 2184 2955 enim
2217 2899 2386 2971 gladii
2441 2898 2776 2952 transierant
2822 2898 2876 2950 in
2919 2894 3089 2948 falces
3129 2900 3181 2946 et
3216 2893 3426 2945 lancea:

1824 2994 1884 3048 in
1912 3006 2187 3054 vomeres,
2230 2987 2333 3044 nec
2385 3003 2619 3058 usquam
2668 2986 2871 3041 bellum
2924 2994 3078 3048 erat;
3117 2994 3424 3049 omnesque

1822 3086 2033 3156 ubique
2052 3083 2298 3138 finitimae
2338 3089 2529 3151 gentes
2579 3081 2633 3134 iu
2664 3094 2801 3148 pace
2846 3078 3117 3147 agebant;
3150 3074 3412 3140 nullaque

1822 3186 1942 3232 erat
1975 3172 2372 3230 commodioris
2423 3171 2550 3225 vita:
2589 3171 2732 3223 ratio
2779 3183 2842 3223 ac
2873 3167 3118 3228 occasio,
3149 3179 3255 3233 qua
3302 3177 3416 3216 non

1825 3265 2032 3322 affatim
2086 3265 2420 3320 frueremur.
2494 3261 2627 3316 lude
2685 3259 2899 3329 frugum
2954 3258 3222 3320 ubertas,
3287 3253 3421 3308 inde

1833 3367 2158 3413 mercaturze
2206 3355 2602 3410 emolumenta.
2642 3352 2816 3408 Terra
2861 3350 3009 3405 enim
3064 3357 3118 3403 et
3168 3361 3315 3400 mare
3354 3346 3424 3398 ab

1833 3452 1992 3507 initio
2020 3449 2087 3504 ad
2139 3447 2508 3517 praestandum
2542 3445 2701 3499 nobis
2746 3442 3072 3512 obsequium
3110 3440 3414 3494 constituta

1830 3547 2054 3601 uberem
2091 3552 2396 3613 sponteque
2444 3549 2692 3611 paratam
2742 3538 3078 3608 quandoque
3110 3549 3264 3590 suam
3297 3548 3424 3602 gra-

1831 3639 1960 3691 tiam
1983 3651 2298 3706 munusque
2320 3634 2700 3690 conferebant.
2728 3632 2862 3697 Quae
2884 3631 3032 3686 enim
3069 3637 3216 3684 terra
3239 3627 3426 3680 minus

1830 3727 2219 3798 suppeditabat
2267 3736 2361 3780 aut
2424 3739 2490 3780 ex
2547 3739 2607 3780 se
2668 3721 2915 3793 proferre
2965 3734 3072 3775 non
3118 3718 3255 3772 satis
3306 3723 3424 3769 erat

1829 3822 2046 3886 idonea,
2085 3820 2200 3874 haec
2230 3834 2402 3883 mare,
2429 3815 2914 3872 mercimoniorum
2955 3812 3177 3868 solertia
3207 3824 3428 3878 compa-

1831 3924 1951 3970 rata
1981 3923 2147 3983 atque
2178 3914 2414 3968 navibus
2439 3912 2680 3973 invecta,
2711 3909 2853 3980 quod
2885 3907 3176 3976 egentibus
3207 3905 3423 3966 deerat,

1832 4007 2049 4062 abunde
2108 4005 2418 4076 supplebat.
2447 4003 2591 4070 Quid
2622 4019 2753 4058 vero
2799 4001 3167 4069 undequaque
3217 3996 3426 4049 adven-

1833 4100 2062 4153 tantium
2094 4099 2328 4168 primunt
2384 4095 2644 4159 dixerim,
2689 4109 2753 4148 ac
2780 4094 2984 4162 quibus
3018 4089 3293 4161 praecipue
3322 4102 3426 4140 nos

1832 4192 1980 4246 cives
2008 4191 2184 4242 amice
2210 4187 2579 4257 accipiebant,
2614 4202 2713 4241 sua
2767 4185 3075 4238 tribuentes
3135 4189 3300 4249 atque
3343 4182 3427 4230 vi-

1831 4282 2018 4338 cissim
2049 4290 2235 4335 nostra
2262 4278 2632 4348 recipientes?
2665 4277 2797 4330 Nam
2830 4290 2956 4328 cum
2989 4273 3074 4326 via
3104 4270 3326 4341 publica
3355 4269 3428 4323 ab

1833 4389 2032 4428 occasu
2060 4371 2126 4425 ad
2159 4384 2338 4425 ortum
2376 4386 2474 4440 per
2504 4370 2740 4423 mediam
2778 4368 2920 4421 hanc
2944 4366 3131 4419 urbem
3175 4363 3426 4425 duceret,

1831 4473 2160 4535 cogeretque
2187 4465 2427 4516 viatores
2453 4463 2506 4515 in
2534 4477 2596 4515 ea
2631 4474 2814 4514 moras
2838 4459 3187 4527 interponere
3227 4462 3280 4507 et
3303 4468 3425 4521 qua:

1833 4555 1888 4608 in
1914 4567 2075 4607 usum
2109 4567 2270 4605 sumn
2305 4559 2492 4604 essent
2545 4564 2761 4617 parare,
2789 4545 3056 4617 quidquid
3081 4544 3213 4614 quis
3258 4543 3427 4597 bono-

1832 4659 1952 4699 rum
1986 4643 2156 4706 dicat,
2195 4659 2261 4696 ex
2317 4643 2425 4696 illis
2455 4643 2941 4710 cuusequebamur
2994 4639 3262 4704 uobisque
3295 4650 3423 4704 pro-

132 4729 532 4805 ἐκαρπούμεθά
582 4746 642 4782 τε
709 4730 807 4782 καὶ
863 4730 1322 4801 προσεκτὼμεθα.
1381 4733 1572 4786 Ἔνθεν
1633 4734 1724 4786 καὶ

1836 4736 2145 4790 veniebant.
2225 4734 2366 4788 llinc
2423 4735 2738 4804 promiscua
2805 4747 2869 4786 ex
2937 4731 3091 4786 omni
3137 4729 3423 4783 hominum

134 4825 432 4895 παμμιγὴς
456 4839 541 4885 τις
569 4821 724 4892 ὄχλος
751 4822 841 4875 ἀεὶ
869 4823 1361 4895 περιεστοίχειξτάς
1391 4827 1592 4893 ἀγυιάς
1620 4827 1730 4898 τῶν

137 4934 190 4970 τε
221 4915 569 4985 αὐτοχθόνων
601 4915 824 4969 καὶτῶν
863 4916 1040 4980 ἄλλως
1092 4917 1554 4988 έπιξενουμένων,
1587 4917 1664 4982 ὡς
1684 4919 1732 4951 ⁸⁸

135 5009 528 5079 εὐχερέστερον
555 5003 700 5060 εἶναι
735 5007 964 5080 ψάμμον
1011 5011 1279 5081 παράλιον
1328 5009 1649 5080 ἐξαριθμεῖν
1694 5011 1728 5081 ἢ

135 5106 256 5166 τοὺς
285 5102 389 5171 τὴν
415 5101 626 5170 ἀγορὰν
655 5101 1016 5168 διοδεύοντας,
1065 5105 1161 5156 καὶ
1201 5103 1310 5159 τῶν
1339 5104 1731 5174 συναλλαγμά-

135 5214 239 5250 των
263 5193 631 5264 ποιουμένους
668 5194 710 5225 ⁸³
737 5195 837 5265 τὴν
865 5196 1109 5266 μέθοδον.
1174 5197 1453 5252 Ἐντεῦθεν
1501 5199 1728 5268 χρυσίου

139 5292 228 5342 καὶ
256 5288 526 5358 ἀργυρίου
558 5287 652 5340 καί
674 5287 837 5340 λίθων
867 5289 1064 5358 τιμίων
1114 5291 1465 5361 παμπληθεῖς
1526 5292 1731 5360 θησαυ-

143 5380 221 5448 ροὶ
286 5380 402 5442 τοῖς
459 5377 676 5440 πολλοῖς
743 5378 1006 5446 ἐγίνοντο,
1036 5382 1128 5432 καὶ
1167 5381 1236 5434 τά
1263 5383 1326 5433 ὲκ
1367 5380 1556 5451 Σηρῶν
1589 5382 1733 5449 ὑφά-

1831 4844 2031 4900 genere
2081 4827 2394 4889 multitudo,
2452 4835 2566 4879 tum
2602 4827 3010 4894 indigenarum
3058 4832 3171 4877 tum
3202 4839 3426 4892 quoquo

1832 4923 1997 4976 modo
2037 4920 2279 4990 hospitio
2305 4928 2682 4989 receptarum,
2719 4921 2932 4989 plateas
2967 4933 3186 4986 semper
3232 4917 3424 4970 circui-

1833 5017 2002 5079 bant;
2046 5023 2105 5069 ut
2131 5015 2350 5068 facilius
2377 5014 2451 5069 sit
2497 5029 2698 5069 arenas
2735 5013 2902 5067 maris
2931 5025 3221 5066 numerare
3256 5025 3423 5079 quam

1831 5123 2023 5165 eorum
2053 5107 2145 5172 qui
2176 5105 2355 5160 forum
2413 5106 2760 5175 acettpabaut
2816 5121 2880 5159 ac
2928 5105 3020 5173 qui
3069 5101 3426 5156 commerciis

1835 5200 2212 5254 miscebantur
2250 5213 2477 5253 censum
2534 5197 2695 5252 inire.
2751 5197 2889 5250 Hinc
2919 5196 3062 5261 auri,
3106 5196 3314 5264 argenti
3372 5200 3428 5246 et

1838 5291 2205 5362 pretiosorum
2245 5288 2486 5358 lapidum
2546 5289 2794 5357 ingentes
2821 5301 2886 5340 ac
2915 5286 3124 5356 copiosi
3178 5283 3423 5339 thesauri

1841 5389 2005 5456 vulgo
2035 5389 2426 5443 accrescebant
2449 5405 2463 5452 ;
2489 5396 2778 5455 vestesque
2799 5387 2988 5440 serica:
3013 5383 3238 5453 perinde
3262 5391 3428 5450 atque

140 5487 325 5539 σματι
372 5473 449 5534 ὼς
486 5470 556 5522 τὰ
594 5468 653 5533 ἐξ
681 5469 843 5540 ἐρίων
875 5475 990 5535 τοῖς
1019 5473 1200 5538 ἄλλοις
1237 5476 1570 5545 ὲπινενόητο.
1602 5475 1724 5546 Περί

1845 5477 1969 5533 aliis
2014 5480 2184 5534 lanea:
2251 5479 2406 5550 501
2462 5478 2940 5549 excogitabantur.
2995 5477 3238 5530 Aliarum
3297 5487 3428 5526 vero

1452 5657 1686 5713 VARIIE
1729 5657 2140 5715 LEC'I‘IONES.

232 5781 274 5811 "
315 5782 485 5851 μηδὲν
518 5781 579 5851 Α.

150 5869 260 5920 στις
283 5852 344 5906 Ρ.

661 5782 704 5812 ⁵³
731 5782 838 5851 γὰρ
864 5781 1045 5835 αὐτῶν
1075 5780 1333 5833 κινδύνων
1357 5780 1524 5847 αὐτὴν
1549 5782 1576 5831 ὀ
1612 5779 1668 5832 P.
1750 5779 1794 5851 "_'
1828 5780 2139 5851 ἐξηγεῖσθας
2166 5785 2186 5833 2’
2262 5783 2304 5815 ⁸⁷
2328 5781 2482 5851 ἁγίου
2516 5779 2576 5834 Ρ.

425 5855 470 5884 ⁵⁸
525 5850 690 5924 Ἰσαίᾳ
723 5848 819 5907 Af
863 5855 909 5885 °°
944 5853 1016 5917 ὡς
1052 5867 1159 5907 out.
1191 5852 1250 5905 Λ.
1331 5854 1370 5884 ⁶¹
1407 5851 1747 5920 ποιουμένων
1777 5848 1834 5904 Ρ.

2675 5781 2718 5812 ³⁸
2767 5780 2824 5832 αί
2864 5778 2970 5832 τῶν
3033 5776 3242 5831 πόλεων
3300 5775 3428 5832 στά-
