4154 6450
711 381 819 442 539

1908 373 2246 433 JOANNES
2273 374 2710 436 CAMENIATA

3865 383 3969 447 540

709 486 1246 551 ιιιαῑοτίίιτυιιι,ωι·ἱε,
1268 483 1420 547 ferri,
1441 483 1648 544 stanni,
1671 481 1899 550 plumbi,
1922 483 2068 548 vitri,
2088 483 2290 553 quibus

2400 491 2503 564 γὰρ
2527 489 2636 543 τῶν
2664 489 2838 542 ἄλλων
2870 489 3032 555 ὑλῶν,
3063 490 3267 561 χαλκοῦ
3316 492 3408 546 καὶ
3442 494 3659 565 σιδήρου
3714 501 3966 554 κασσιτέ-

709 584 777 638 ad
810 583 988 650 ignem
1020 594 1160 649 Opus
1221 577 1492 632 facientes
1545 585 1693 630 artes
1748 577 1916 630 vitam
1949 586 2174 632 tuentur
2221 591 2286 634 ac

712 676 918 738 l'oveut,
958 671 1043 726 vel
1073 669 1392 725 meminisse
1426 667 1763 738 superﬂuum
1796 667 1963 736 duco,
1995 677 2148 723 tanta
2179 669 2288 724 sci-

710 768 840 823 licet
889 764 1087 820 eorum
1128 763 1291 832 copia
1325 768 1385 814 ut
1441 775 1508 815 ex
1555 760 1676 836 illis
1721 761 1854 817 urbs
1895 761 2146 831 quadam
2178 762 2287 815 alia

711 858 920 914 exstrui
954 865 1122 928 atque
1157 853 1344 925 perlici
1384 861 1571 923 posset
1675 837 1677 842 Α

781 1040 870 1094 10.
915 1041 1030 1092 Hae
1088 1037 1277 1104 itaque
1332 1032 1570 1099 ratione,
1616 1030 1766 1085 omni
1814 1045 1881 1085 ex
1931 1037 2086 1100 parte
2121 1029 2288 1084 rebus

713 1129 992 1200 prosperis
1023 1125 1090 1182 ad
1119 1128 1458 1182 voluntatem
1492 1121 1811 1184 ﬂuentibus,
1844 1119 1978 1175 urbs
2009 1119 2288 1173 fortunata

710 1232 767 1279 et
798 1203 1075 1288 artiﬁcum
1125 1218 1362 1289 ingeniis
1434 1214 1826 1276 condecorata,
1857 1227 2072 1268 necnon
2118 1209 2290 1266 aedili-

709 1318 925 1371 ciorum
991 1305 1402 1382 magniﬁcentia
1442 1307 1788 1378 superbiens,
1818 1321 1949 1360 num
1991 1305 2073 1360 vel
2108 1305 2288 1374 legum

708 1406 1098 1463 observatione
1149 1403 1234 1458 vel
1292 1383 1473 1456 civilis
1508 1401 1583 1454 rei
1631 1398 1922 1453 ordinibus
1954 1396 2042 1450 vel
2071 1394 2290 1450 dicendi

711 1500 883 1572 gloria
924 1509 1090 1567 atque
1150 1495 1404 1551 doctrina
1463 1493 1585 1546 aliis
1616 1491 1846 1545 inl'erior
1875 1496 1995 1542 erat
2017 1487 2039 1539 ’ί
2065 1486 2291 1547 Minime

710 1610 882 1648 vero:
919 1586 1044 1646 nam
1099 1590 1175 1646 illi
1210 1588 1441 1645 scientia
1479 1601 1631 1655 aque
1677 1598 1824 1636 cura:
1867 1588 1985 1637 erat
2024 1596 2089 1636 ac
2137 1580 2291 1636 visus

709 1688 913 1750 oculis,
967 1685 1197 1754 aequitas
1238 1681 1443 1750 pariter
1483 1677 1628 1733 baud
1661 1677 1818 1732 aliter
1863 1689 1928 1730 ac
1965 1675 2090 1748 vitae
2121 1689 2290 1745 nego—

711 1757 908 1844 tiatio‘;
937 1777 1280 1843 vidissesque
1308 1773 1572 1842 juvenum
1627 1785 1690 1826 ac
1746 1769 2158 1825 adolescentum
2191 1784 2291 1837 pu-

712 1872 833 1923 bent
860 1867 992 1922 nulli
1026 1875 1288 1938 praeterea
1342 1879 1505 1934 quam
1533 1861 1842 1932 disciplinis
1885 1875 1949 1914 ac
1979 1861 2291 1915 litterarum

710 1958 914 2013 studiis
941 1971 1159 2021 vacare,
1220 1954 1365 2009 unde
1413 1951 1658 2008 scientia:
1698 1960 1752 2006 et
1777 1959 1924 2004 artes
1949 1949 2118 2003 robur
2147 1948 2292 2002 obti-

711 2049 865 2105 t'nent.
901 2048 1248 2103 llarmonicae
1280 2062 1410 2100 vero
1471 2045 1712 2101 musices
1752 2045 2038 2099 cantiones
2079 2049 2172 2095 aut
2198 2057 2294 2094 ra-

713 2143 958 2196 ncntium
996 2140 1327 2195 suavissima
1354 2139 1496 2193 mele
1533 2137 1738 2208 Deique
1773 2136 2029 2190 laudibus
2055 2149 2119 2188 ac
2145 2133 2294 2188 clero

711 2233 1149 2304 mancipatorum
1176 2232 1358 2287 studia
1388 2231 1661 2294 dicturus,
1696 2229 1838 2282 haud
1877 2227 2136 2297 equidem
2165 2225 2287 2282 scio

709 2325 914 2395 quibus
945 2342 948 2344 ·
975 2339 1038 2379 ea
1087 2304 1622 2390 modis’exprimam.
1655 2318 1735 2373 Ad
1775 2319 1915 2372 hanc
1945 2318 2092 2372 enim
2119 2331 2294 2387 usque

712 2414 1082 2469 narrationem
1131 2413 1317 2469 nescio
1393 2410 1672 2480 quomodo
1750 2409 2018 2464 orationis
2088 2410 2292 2479 impetu

709 2515 924 2576 raptus,
980 2519 1044 2559 ac
1102 2504 1250 2558 velut
1305 2505 1536 2574 propriae
1601 2501 1842 2556 inscitia)
1911 2516 1976 2555 ac
2035 2501 2292 2556 ruditatis

709 2599 939 2663 oblitus,
975 2597 1217 2653 conabar
1271 2595 1576 2658 moderate,
1607 2602 1662 2649 et
1704 2602 1763 2648 ut
1823 2609 1932 2648 non
1970 2593 2111 2648 alius
2141 2593 2294 2662 quis-

709 2692 855 2760 piam
909 2692 1105 2746 barum
1149 2689 1308 2745 valde
1359 2689 1677 2758 imprudens
1722 2703 1908 2743 rerum
1961 2687 2293 2758 ignarusque

711 2785 957 2841 omnium
987 2799 1050 2838 ac
1086 2783 1363 2852 stupidus,
1417 2779 1559 2853 qua!“
1593 2798 1624 2836 a
1675 2790 1768 2836 tua
1817 2783 2020 2837 virtute
2068 2791 2292 2852 rogatus

710 2888 882 2935 eram,
927 2874 1396 2942 scriptodigerere
1430 2887 1492 2926 ac
1547 2872 1819 2942 explicare
1850 2888 1862 2924 :
1891 2870 2089 2925 exinde
2137 2884 2290 2936 vero,

713 2982 777 3020 ac
807 2967 1081 3037 prmcipue
1118 2966 1262 3036 quod
1322 2965 1572 3019 suavium
1639 2964 1983 3019 canticorum
2028 2961 2188 3033 502
2227 2977 2291 3018 ac

713 3060 1074 3114 melodiatutn
1113 3059 1245 3113 mihi
1308 3057 1499 3113 incidit
1545 3059 1772 3119 mentio,
1805 3071 1916 3127 quo
1969 3072 2054 3110 me
2081 3064 2289 3111 vertam

715 3153 921 3218 nescio,
953 3161 1046 3205 aut
1075 3166 1184 3223 quo
1219 3150 1493 3206 sermonis
1514 3150 1708 3204 ducam
1738 3149 1938 3204 lineam
1965 3165 1982 3215 ;
2012 3147 2289 3218 quodnam

716 3247 844 3300 item
877 3244 1326 3302 dulcissitnarum
1358 3243 1870 3310 concinnarumque
1893 3239 2298 3294 modulatarum

717 3337 1035 3393 cantionum
1068 3336 1290 3390 illarum
1325 3335 1601 3400 omittam,
1636 3333 1841 3403 quibus
1873 3333 2138 3388 mortales
2169 3347 2298 3386 cum

717 3430 1032 3486 caelestibus
1079 3427 1449 3498 potestatibns
1496 3425 1806 3496 psallebant
1841 3440 1905 3480 ac
1962 3425 2081 3480 dies
2132 3424 2302 3480 festos

720 3523 973 3592 agebant.
1007 3519 1218 3575 Etenim
1247 3520 1292 3575 si
1326 3519 1453 3590 quis
1509 3534 1629 3574 eam
1680 3517 2100 3582 modulantiam,
2136 3531 2301 3586 quam

719 3627 828 3669 uno
858 3629 954 3668 ore
983 3616 1038 3667 in
1083 3628 1249 3673 unum
1291 3611 1604 3682 congregati
1645 3625 1838 3686 omnes
1881 3609 2086 3663 divinis
2123 3608 2304 3662 canti-

719 3707 823 3772 cis,
869 3707 922 3761 in
951 3706 1186 3776 publicis
1209 3703 1594 3769 conventibus,
1629 3701 1696 3756 ad
1740 3687 1908 3756 Deum
1957 3701 2302 3766 emittebant,

721 3797 1047 3869 angelorum
1091 3798 1248 3853 sonis
1281 3792 1816 3859 eoncelebrantium,
1861 3793 1953 3859 ubi
2001 3792 2304 3848 laetantium

720 3893 966 3946 omnium
1031 3889 1298 3945 habitatio
1341 3894 1449 3954 est,
1503 3885 1914 3952 assimilaverit,
1965 3885 2013 3941 is
2067 3899 2097 3939 a
2139 3899 2305 3957 scopo

722 4000 959 4056 veroque
990 4000 1058 4041 ne
1085 3984 1172 4039 vel
1204 3984 1492 4038 minimum
1515 3981 1874 4037 abcrraverit.

797 4078 880 4134 ll.
905 4073 1130 4145 Templa
1163 4075 1308 4130 enim
1334 4073 1599 4144 "quaadam
1654 4086 1965 4144 praemagna
1998 4086 2061 4126 ac
2090 4070 2304 4142 magni-

721 4169 825 4223 ﬁca
889 4167 1153 4237 varioque
1211 4174 1407 4222 ornatu
1459 4164 1865 4234 pulcherrima,
1925 4178 2021 4233 per
2070 4164 2304 4217 mediam

725 4258 910 4313 urbem
939 4257 1207 4313 exstantia
1227 4271 1292 4312 ac
1344 4255 1614 4325 exposita,
1651 4254 1818 4309 veluti
1857 4253 2171 4309 communia
2195 4251 2307 4307 Nu-

723 4350 889 4404 minis
931 4349 1330 4420 propitiatoria,
1367 4362 1491 4402 eum
1526 4347 1720 4416 primis
1755 4362 1910 4411 vero,
1945 4347 2204 4417 interque
2239 4362 2304 4402 ea

727 4441 1086 4511 praecipuum,
1146 4441 1390 4498 omnium
1459 4439 1757 4495 ell‘ectricis
1795 4441 1994 4495 divina:
2020 4449 2076 4496 et
2113 4456 2301 4510 super-

2389 602 2487 656 ρου
2517 585 2562 616 ⁸⁸
2589 600 2649 637 τι
2684 583 2777 637 καὶ
2813 582 3068 654 μολίϐδου
3101 586 3196 639 καὶ
3223 585 3400 651 ὑέλου,
3436 581 3518 649 οἷς
3561 589 3618 641 αί
3656 588 3744 642 διὰ
3796 592 3969 662 πυρὸς

2389 675 2574 744 τέχναι
2597 675 2691 728 τὸν
2723 673 2838 744 βίον
2856 675 3158 744 συνέχουσι,
3177 675 3272 729 καὶ
3290 676 3595 747 μνησθῆναι
3627 679 3787 747 μόνον
3822 697 3969 751 παρ-

2389 765 2546 818 έλκον
2603 763 2842 834 ἡγοῦμαι
2871 803 2888 827 ,
2943 765 3212 818 τοσούτων
3263 765 3433 819 ὄντων
3479 767 3557 830 ὡς
3610 767 3778 839 ἀλλην
3847 770 3972 824 τινὰ

2389 856 2651 910 δύνασθαι
2681 857 2837 910 πόλιν
2856 857 2925 911 δι’
2953 856 3134 912 αὐτῶν
3159 857 3439 929 δομεῖσθαί
3487 874 3545 912 τε
3583 861 3678 914 καὶ
3731 861 3972 934 ἀπαρτί-

2392 945 2600 1011 ζεσθαι.
3958 1003 3968 1009 .

2468 1043 2521 1091 ι’.
2557 1036 2715 1091 Οὕτω
2736 1037 2793 1092 δὲ
2828 1039 3166 1110 πανταχόθεν
3202 1040 3572 1111 εὐθηνουμένη
3621 1042 3717 1095 καὶ
3753 1043 3976 1098 πλεονά-

2393 1132 2583 1196 ζουσα,
2616 1133 2738 1195 ταῖς
2757 1134 3032 1202 τεχνικαῖς
3059 1149 3120 1184 τε
3145 1132 3516 1204 καλλυνομένη
3568 1134 3814 1204 μεθόδοις
3875 1137 3976 1191 καὶ

2392 1226 2512 1287 ταῖς
2535 1223 2645 1276 τῶν
2668 1225 2791 1294 οίκη
2802 1224 2988 1294 μάτων
3008 1225 3533 1296 ὐπερηφανευομένη
3562 1225 3608 1257 ⁸³
3646 1225 3974 1306 λαμπρᾴτη-

2395 1332 2502 1380 σιν,
2535 1311 2644 1384 ἆρα
2675 1317 2796 1380 ταῖς
2830 1317 2894 1369 ἐκ
2932 1316 3114 1387 νόμων
3146 1319 3598 1388 παρατηρήσεσιν
3624 1319 3656 1390 ἢ
3686 1323 3808 1383 ταῖς
3841 1323 3976 1391 περὶ

2392 1408 2454 1460 τὸ
2495 1407 2798 1478 πολίτευμα
2826 1407 3047 1474 τάξεσιν
3081 1411 3114 1481 ἢ
3147 1413 3270 1474 ταῖς
3294 1411 3422 1482 περὶ
3453 1411 3644 1480 λόγους
3673 1412 3978 1482 αὐχήσεσιν

2392 1498 2644 1566 ἐφαίνετο
2659 1498 2766 1552 τῶν
2776 1498 2951 1553 ἄλλων
2971 1500 3166 1565 ἐνδεῶς
3181 1501 3401 1571 έχουσα;
3430 1503 3503 1557 Οὐ
3513 1502 3706 1572 μενοῦν
3729 1520 3743 1534 ⁶
3775 1506 3978 1556 tam-J-

2393 1589 2586 1653 δάζετο
2659 1592 2769 1662 γάρ
2828 1592 2966 1663 αὐτῇ
3025 1593 3228 1662 γνῶσις
3273 1593 3351 1657 ὡς
3410 1595 3708 1665 ὀφθαλμοῖς
3759 1595 3977 1665 βλέψις,

2397 1680 2481 1753 [Ρ.
2524 1681 2653 1755 526]
2683 1685 2776 1736 καὶ
2805 1684 3032 1753 εὐνομία
3059 1685 3133 1748 ὡς
3163 1686 3305 1756 ζωῆς
3339 1688 3711 1757 πραγματεία.
3765 1687 3878 1740 Καὶ
3903 1685 3982 1740 εἷ-

2394 1775 2483 1839 δες
2511 1776 2577 1828 ἂν
2609 1776 2736 1844 περὶ
2764 1777 2930 1845 μηδὲν
2957 1777 3083 1831 ἄλλο
3110 1779 3210 1848 τὴν
3256 1779 3552 1844 νεάζουσαν
3602 1779 3710 1832 τῶν
3766 1779 3980 1832 παίδων

2398 1869 2587 1937 κῆραν,
2609 1868 2653 1900 ⁸⁵
2689 1867 3059 1936 σχολάζουσαν
3087 1869 3120 1941 ἢ
3157 1871 3285 1942 περ)⁵
3316 1870 3529 1938 λόγους,
3556 1872 3613 1938 ἐξ
3640 1867 3716 1926 ὧν
3750 1875 3982 1942 ἐπιστῆ-

2401 1979 2497 2030 μαι
2523 1961 2617 2014 καὶ
2639 1965 2820 2030 τέχναι
2838 1961 2897 2015 τὸ
2927 1962 3126 2032 κράτος
3148 1963 3350 2034 έχουσι.
3374 1965 3455 2018 Τά
3483 1965 3539 2019 δέ
3583 1967 3710 2036 περὶ
3733 1966 3833 2036 τῆς
3875 1967 3982 2037 ἀρ-

2401 2053 2586 2122 μονίου
2619 2054 2888 2122 μουσικῆς
2909 2055 3019 2110 τῶν
3053 2057 3397 2128 ᾁσμάτων,ἦ
3452 2061 3560 2112 τῶν
3618 2059 3849 2130 ᾀδόντων
3911 2063 3982 2114 τά

2395 2145 2717 2218 ψυχοτερπῆ
2773 2146 2908 2216 μέλη
2975 2149 3068 2200 καὶ
3107 2149 3217 2201 τῶν
3249 2149 3326 2220 τῷ
3368 2150 3486 2220 Θεῷ
3543 2151 3985 2221 κεκληρωμένων

2398 2239 2788 2308 σπουδάσματα
2823 2241 2913 2292 ἐπὶ
2968 2239 3047 2308 τῷ
3085 2240 3229 2309 λόγῳ
3255 2242 3299 2272 ⁸⁸
3353 2243 3582 2311 σημάνω
3619 2244 3664 2276 ⁸⁸
3696 2262 3709 2308 ;
3743 2244 3860 2306 πῶς
3921 2245 3981 2296 δὲ

2396 2330 2494 2399 τὴν
2525 2330 2730 2384 τούτων
2757 2331 3414 2404 διαγράψωμαι’δήλωσιν
3443 2334 3658 2405 ;Μέχρι
3679 2336 3788 2404 γάρ
3821 2334 3984 2388 τοῦδε

2398 2420 2488 2473 τοῦ
2524 2420 2863 2492 διηγήματος
2914 2424 3016 2476 οὐκ
3065 2420 3337 2487 οἷδ’δπως
3387 2428 3454 2495 τῇ
3484 2425 3633 2496 ῥύμῃ
3680 2425 3772 2478 τοῦ
3821 2425 3990 2494 λόγου

2399 2515 2789 2584 συναπαχθεὶς,
2821 2517 2916 2568 καὶ
2963 2516 3063 2584 τῆς
3094 2517 3300 2579 οἰκείας
3333 2517 3520 2586 ὥσπερ
3564 2517 3830 2582 ἰδιωτείας
3865 2521 3991 2572 ἐπι-

2395 2605 2712 2676 λαθόμενος,
2747 2607 3066 2678 ἐπειρώμην
3094 2609 3314 2678 μέτριόν
3342 2627 3459 2673 πως
3487 2611 3556 2674 ⁸⁷,
3623 2611 3718 2665 καὶ
3765 2611 3840 2673 ὡς
3885 2613 3990 2662 οὐκ

2394 2699 2460 2753 ἀν
2486 2716 2569 2762 τις
2615 2698 2772 2763 ἄλλος
2823 2700 2933 2753 τῶν
2985 2701 3106 2754 λίαν
3159 2701 3390 2771 ἀμαθῶν
3426 2703 3524 2756 καὶ
3552 2703 3844 2773 ἀγροίκων,
3878 2703 3993 2756 τῶν

2396 2789 2547 2859 παρά
2609 2790 2708 2860 τῆς
2780 2791 2879 2860 σῆς
2930 2791 3134 2860 ἀρετῆς
3200 2792 3535 2862 αἰτηθέντων
3577 2793 3675 2864 τὴν
3741 2794 3988 2864 δήλωσιν

2395 2881 2794 2951 διαγράφεσθαι
2831 2899 2845 2913 ·
2884 2882 2946 2936 τὸ
2980 2883 3024 2935 δ’
3069 2883 3179 2936 ἀπὸ
3219 2883 3434 2949 τούτου,
3478 2885 3573 2937 καὶ
3645 2883 3864 2954 μάλισθ’
3905 2886 3992 2941 ὅτι

2394 2971 2492 3041 τῆς
2567 2971 2842 3040 εὐρύθμου
2921 2972 3030 3026 τῶν
3102 2973 3363 3044 ᾀσμάτων
3425 2975 3707 3045 ἐμνήσθην
3767 2974 3991 3045 ήδυφωο

2396 3063 2537 3128 νίας,
2565 3063 2666 3116 οὐκ
2699 3059 2816 3116 οἶδα
2851 3066 2933 3128 τίς
2962 3065 3206 3134 γένωμαι
3233 3067 3265 3136 ἢ
3295 3068 3388 3118 ποῖ
3425 3066 3668 3136 τῷλόγῳ
3727 3069 3991 3138 χωρήσω,

2404 3155 2556 3207 ποῖον
2579 3154 2636 3206 δὲ
2668 3154 2996 3224 παραλείπω
3024 3155 3071 3187 ⁸⁸
3098 3155 3208 3208 τῶν
3248 3156 3478 3226 ἡδίστων
3501 3157 3725 3209 ἐκείνων
3754 3161 3850 3209 καὶ
3898 3158 3991 3209 εὐ-

2403 3243 2618 3297 τάκτων
2655 3244 3084 3315 μελῳδημάτων,
3113 3240 3196 3309 οἷς
3253 3247 3580 3316 συνέψαλλον
3629 3248 3723 3301 καὶ
3768 3249 3996 3320 συνεόρ⁴

2402 3337 2566 3401 ταζον
2593 3339 2874 3410 ἄνθρωποι
2903 3323 3024 3403 ταῖς
3061 3342 3346 3413 οὐρανίαις
3397 3343 3710 3413 δυνάμεσιν.
3770 3344 3836 3396 El
3885 3344 3996 3413 γάρ

2403 3449 2488 3495 τις
2519 3431 2617 3504 τὴν
2640 3431 2848 3502 μοῦσαν
2875 3434 3116 3507 ἐκείνην,
3147 3435 3248 3506 τὴν
3279 3437 3342 3488 ὲκ
3373 3436 3574 3499 παντὸς
3599 3436 3867 3507 στόματος
3904 3437 3995 3506 ὑφ’

2405 3523 2463 3578 ἒν
2492 3525 2568 3594 τῷ
2600 3526 2719 3597 Θεῷ
2744 3528 3212 3598 ἀναπεμπομένην
3243 3530 3367 3594 τοὺς
3398 3528 3597 3599 ὕμνου,
3626 3531 3686 3583 ἐν
3709 3534 3830 3592 ταῖς
3861 3548 3998 3583 πανο

2404 3616 2597 3688 δήμοις
2653 3612 2924 3684 συνάξεσίη
2989 3620 3068 3691 τῷ
3123 3622 3241 3692 ἦχῳ
3270 3623 3380 3676 τῶν
3428 3625 3799 3693 ἑορταζόντων
3827 3625 4000 3692 ἀγγέο

2405 3707 2531 3771 λων,
2557 3708 2685 3762 ἔνθα
2717 3709 3166 3783 εὐφραινομένων
3200 3715 3422 3768 πάντων
3448 3718 3480 3785 ἡ
3521 3716 3798 3783 κατοικία,
3852 3717 3996 3782 ἐξει-

2407 3800 2624 3854 κονίσαι
2643 3800 2942 3872 θελήσειεν,
2969 3803 3120 3858 οὐδὲν
3151 3805 3245 3859 τοῦ
3270 3805 3482 3871 δέοντος
3520 3807 3924 3879 ἁμαρτήσεται.

2482 4071 2572 4119 ια’.
2602 4065 2738 4120 Ναοὶ
2767 4066 2878 4136 γάρ
2906 4083 3052 4130 τινες
3079 4067 3460 4138 παμμεγέθεις
3496 4086 3591 4122 κα.
3645 4069 4000 4140 περικαλλεῖς

2405 4158 2474 4227 τῇ
2504 4157 2728 4230 ποικίλῃ
2776 4159 3154 4229 διακοσμήσει,
3190 4159 3278 4214 διὰ
3341 4160 3508 4230 μέσου
3559 4159 4002 4229 προϐεϐλημένοι

2406 4249 2504 4318 τῆς
2533 4248 2736 4310 πόλεως
2763 4247 2954 4319 ὥσπερ
2981 4248 3106 4302 τινὰ
3144 4247 3299 4302 κοινά
3329 4250 3464 4320 πρὸς
3487 4250 3546 4302 τὸ
3581 4251 3726 4304 θεῖον
3779 4250 4002 4320 ἱλαστή-

2409 4355 2503 4410 ρια
2534 4339 2600 4406 ⁶⁹,
2629 4337 2953 4393 καὶτούτων
2993 4338 3229 4410 μάλιστα
3266 4341 3295 4393 δ
3352 4341 3450 4410 τῆς
3494 4340 3837 4411 παντουργοῦ
3903 4343 4002 4393 καὶ

2409 4430 2561 4494 θείας
2600 4430 2694 4484 τοῦ
2723 4430 3048 4501 ὑπερουσίου
3073 4431 3248 4500 Λόγου
3273 4431 3473 4501 Σοφίας
3510 4426 3678 4496 οἶκος,
3717 4431 3812 4484 καὶ
3844 4432 3872 4483 ὁ
3899 4432 4004 4498 τῆς

724 4533 1111 4589 substantialis
1140 4530 1302 4587 Verbi
1324 4531 1629 4602 sapientiae,
1668 4533 1913 4600 itemque
1943 4547 2160 4603 semper
2191 4532 2298 4588 Vir-

2429 4523 2814 4594 Ἀειπαρθένου
2845 4524 3123 4592 πανάγνου
3151 4525 3246 4578 καὶ
3276 4525 3640 4594 Θεομήτορος,
3691 4523 3831 4577 ἀλλὰ
3890 4524 4006 4592 μὴν

728 4627 874 4697 ginis
899 4626 1266 4682 immaculata:
1294 4641 1360 4680 ac
1376 4625 1640 4696 Deiparm,
1674 4640 1775 4680 nec
1807 4641 1917 4680 non
1950 4625 2112 4694 cujus
2143 4641 2310 4696 supra

692 4723 696 4726 ’
729 4718 972 4785 memini,
1005 4717 1391 4789 gloriosissimi
1447 4707 1818 4787 praedarique
1839 4716 2087 4783 victoris,
2115 4715 2312 4772 Deme-

725 4808 818 4864 trii
843 4809 1118 4879 martyris,
1138 4807 1229 4861 ubi
1253 4807 1436 4861 divina
1452 4805 1972 4877 peregitcertatnina
1991 4813 2043 4860 et
2072 4802 2313 4860 victoria:

727 4900 967 4972 palmam
1001 4899 1322 4970 reportavit,
1355 4900 1468 4953 haec
1498 4889 1759 4954 nimirdm
1777 4899 2191 4955 recurrentibus
2217 4915 2313 4970 per

728 4994 858 5048 anni
899 4993 1164 5048 circulum
1199 4990 1468 5048 festorum
1501 4992 1786 5048 solemuiis
1813 4991 2309 5055 universamuni-

730 5085 940 5141 tudinis
970 5087 1025 5140 in
1047 5100 1107 5141 se
1136 5087 1453 5140 concionem
1479 5086 1728 5155 cogentia
1749 5085 1990 5139 laatitiam
2021 5084 2310 5139 inenarra-

732 5177 895 5232 bilem
925 5185 980 5232 et
1001 5176 1250 5247 spiritale
1272 5177 1530 5247 gaudium
1575 5177 1840 5231 convenis
1890 5174 2223 5240 inferebant,
2255 5176 2310 5231 in

734 5267 931 5322 borum
992 5266 1039 5321 si
1107 5266 1624 5336 quidem‘singulis
1673 5266 2026 5322 sacerdotum
2085 5267 2312 5323 ordines

731 5348 865 5412 cleri
898 5356 1243 5411 matriculam
1275 5357 1597 5428 implebant,
1626 5373 1860 5427 quorum
1910 5372 2074 5428 opera
2111 5359 2309 5430 mysti-

733 5464 836 5504 cus
865 5448 1049 5502 cultus
1095 5463 1296 5518 resque
1327 5463 1485 5505 sacra
1521 5451 1843 5519 peragitur;
1879 5448 2141 5503 lectorum
2179 5450 2337 5523 item.

731 5551 934 5606 coetus,
953 5543 1042 5613 qui
1060 5542 1424 5598 concinendis
1446 5542 1676 5597 canticis
1690 5541 2028 5612 diligentiam
2052 5541 2309 5607 habeant,

2412 4617 2506 4670 καὶ
2535 4615 2678 4669 ὁτοῦ
2722 4615 3110 4687 προλεχθέντος
3163 4615 3488 4681 πανενδόξου
3541 4614 3637 4669 καὶ
3683 4613 4004 4668 καλλινίκου

2415 4710 2694 4780 μάρτυρος
2721 4709 3060 4780 Δημητρίου,
3116 4709 3247 4762 ἔνθα
3278 4709 3406 4771 τοὺς
3434 4707 3612 4770 θείους
3663 4707 3863 4770 ἄθλους
3925 4707 4007 4760 δι-

2411 4803 2576 4872 ήνυσε
2609 4805 2703 4856 καὶ
2730 4803 2792 4856 τὸ
2827 4803 3078 4871 βραϐεῖον
3103 4805 3204 4872 τῆς
3257 4804 3414 4873 νίκης
3443 4804 3679 4869 ἐδέξατο,
3699 4805 3748 4855 οί
3786 4805 3880 4857 καὶ
3908 4803 4006 4858 τὸν

2413 4897 2630 4952 ᾶπαντα
2661 4897 2834 4966 δῆμον
2861 4899 2982 4960 ταῖς
3013 4884 3154 4950 κατά
3185 4896 3434 4966 περίοδον
3492 4895 3844 4958 ἐπανιούσαις
3893 4895 4006 4948 τῶν

2410 4990 2614 5062 ἑορτῶν
2643 4990 2879 5060 ἡμέραις
2911 4991 2970 5043 ἐν
2999 4990 3213 5052 ἑαυτοῖς
3251 4988 3728 5061 ἐκκλησιάζοντες,
3764 4987 4006 5042 ἀνεκλά-

2410 5082 2572 5153 λητον
2594 5081 2936 5151 εὐφροσύνην
2967 5081 3061 5134 καὶ
3108 5081 3484 5151 πνευματικὴν
3547 5082 3830 5150 χαρμονὴν
3887 5083 4004 5142 τοῖς

2413 5172 2686 5227 συνιοῦσιν
2711 5173 3033 5243 ἐϐράϐευον.
3071 5173 3480 5244 Ἐκεκλήρωντο
3505 5175 3616 5242 γάρ
3670 5181 3731 5227 ιν
3782 5172 4005 5240 ἑκάστῳ

2411 5265 2618 5320 τούτων
2643 5266 2900 5336 τάγματα
2936 5266 3147 5338 ἱερέων,
3184 5265 3252 5319 δι’
3301 5260 3377 5319 ῶν
3425 5267 3458 5336 ἠ
3497 5265 3736 5337 μυστιιίς
3763 5268 4005 5319 τελεῖται

2383 5407 2390 5416 ,
2418 5357 2670 5429 λατρεία,
2693 5357 2786 5412 καὶ
2815 5357 3180 5424 ἀναγνωστῶν
3220 5359 3562 5428 συστήματα,
3604 5356 3672 5410 δι’
3693 5348 3770 5412 ὢν
3796 5358 3830 5427 ἡ
3889 5358 4007 5410 τῶν

2420 5451 2682 5522 ᾀσμάτων
2715 5449 3076 5514 σπουδάζεται
3102 5450 3366 5521 ὐμνῳδία,
3398 5448 3692 5520 ἀμοιϐαδὸν
3717 5449 3842 5512 τοὺς
3888 5451 4007 5503 στί-

2419 5560 2546 5614 χους
2571 5541 2950 5624 ἀλαλάζοντες,
2986 5543 3083 5596 καὶ
3117 5544 3237 5606 ταῖς
3275 5542 3640 5613 χειρονομίαις
3687 5543 3798 5595 τῶν
3821 5543 4003 5610 μελῶν

2025 5654 2258 5711 VARIA'Z
2286 5653 2718 5710 LECTIONES.‘

807 5747 851 5777 “
878 5750 1208 5817 κασσιτήρου
1235 5749 1341 5802 ΑΡ.
1420 5749 1464 5780 ⁸³
1507 5749 1976 5819 περιψανευομένη
2014 5751 2076 5803 Λ.

734 5821 777 5845 "'
805 5821 1031 5888 σημανῶ
1063 5821 1126 5874 Α.
1238 5823 1278 5852 ⁸⁷
1311 5819 1526 5891 μέτριόν
1565 5819 1699 5891 πως]
1727 5821 1994 5890 μετρίωςτ

2177 5749 2458 5820 ’δικοῦραν
2481 5751 2504 5803 ?
2529 5749 2601 5804 cl'.
2635 5767 2688 5818 p.
2727 5751 2831 5804 367
2877 5753 2940 5805 A.

2063 5821 2106 5851 "'
2135 5821 2468 5891 παραλίπωῗ
2532 5823 2573 5853 ⁸⁸
2609 5821 2956 5895 ἐξιλαστήρια
2990 5827 3052 5878 Λ.

3042 5753 3086 5784 ⁸⁸
3110 5751 3175 5808 τά
3205 5751 3592 5823 σπουδάσματα
3642 5753 3782 5824 ποίῳ
3819 5753 4007 5823 iam?
