4154 6450
151 366 245 427 ιιι

1227 366 1322 425 DE
1360 365 1674 431 EXCIDIO
1702 366 1988 428 THESSA
2001 369 2316 435 ιοκιελε.

3294 386 3398 448 5.ίέ

148 475 236 529 τὸν
267 474 509 545 φθόγγον
539 476 885 541 διατιθέντες,
914 475 1007 528 καὶ
1042 475 1285 546 μεγάλην
1309 477 1428 530 τινὰ
1467 478 1561 529 καὶ
1587 475 1731 540 ἀξιο-

1850 487 1889 532 at
1929 480 2157 535 alternis
2181 497 2371 537 versus
2406 485 2666 555 tinniant,
2699 504 3071 565 manuumque
3105 492 3265 565 503
3297 510 3417 547 una-

150 569 340 619 θὲατον
371 568 589 637 χορείαν
619 568 996 631 συνιστῶντες,
1037 566 1113 637 τῷ
1140 585 1197 619 τε
1237 568 1366 621 εῖδει
1406 570 1504 639 τῆς
1534 569 1737 639 ἀστρα-

147 657 393 729 πτούσης
424 659 618 727 στολῆς
645 657 729 730 [Ρ.
763 657 892 730 327]
919 659 1016 722 τὰς
1040 658 1147 712 τῶν
1174 658 1428 730 ὁρώντων
1451 660 1736 728 θὲλγοντες

147 748 319 817 ὖψεις,
343 749 439 801 καὶ
468 751 535 818 τῇ
560 748 874 820 τεχνωμένη
895 748 1004 801 τῶν
1027 747 1256 818 ψαλμῶν
1279 748 1419 820 λύρᾳ
1443 750 1540 821 τὴν
1569 751 1737 821 ἀκοὴν

149 842 617 912 κατατέρποντες.
639 841 705 894 Τί
729 841 835 912 γὰρ
864 837 932 912 ἦν
964 841 1101 914 πρὸς
1140 840 1329 895 τοῦτον
1371 842 1462 896 τὸν
1515 841 1680 913 ὕμνον
1709 844 1738 896 ὀ

154 933 384 1000 μυθικὸς
464 933 698 1004 Ὀρφεὺς
748 933 780 1005 ἢ
834 932 1175 1005 ἠὍμηρικὴ
1230 934 1407 1004 μοῦσα
1462 932 1597 1003 ace
1629 932 1739 985 τῶν

151 1028 431 1097 Σειρήνων
455 1026 768 1097 ληρήματα,
793 1024 872 1095 τῷ
886 1026 1070 1095 ψεύδει
1100 1025 1208 1079 τῶν
1236 1026 1572 1092 πλασμάτων
1604 1025 1737 1077 ἀνα-

151 1119 500 1191 γραφόμενα,
539 1113 619 1179 οἷς
636 1118 683 1148 ⁷⁸
721 1116 880 1185 λόγος
910 1116 1009 1186 μὲν
1052 1116 1289 1169 ἐπαίνων
1311 1115 1480 1178 οὐδεὶς
1511 1114 1734 1186 ἀληθὴς,

152 1194 331 1289 φῆμαι
358 1209 414 1262 δὲ
442 1209 656 1278 ψευδεῖς
685 1208 809 1271 τοὺς
827 1207 1146 1279 ἀνθρώπους
1182 1206 1461 1260 πλανῶσαι
1486 1206 1578 1260 καὶ
1602 1206 1737 1276 πρὸς

151 1303 375 1372 ἀπάτην
422 1301 955 1373 ἁνδραποδίζουσαι;
1000 1299 1191 1370 Μάτην
1246 1298 1340 1353 οὖν
1404 1302 1462 1352 ἐν
1530 1297 1738 1361 τούτοις

154 1394 639 1465 ιψευδοκτύπησαν
668 1394 777 1447 oi"
815 1392 1095 1465 Ἕλληνες,
1152 1396 1251 1464 τὴν
1302 1390 1475 1463 ἀληθῆ
1537 1391 1739 1460 γνῶσιν

151 1488 260 1542 τῶν
295 1488 643 1561 πραγμάτων
694 1487 1042 1559 ἀφῃρημένοι
1089 1488 1183 1539 καὶ
1233 1486 1352 1548 ταῖς
1405 1482 1739 1549 κενολογίαις

155 1580 251 1648 τῆς
306 1580 493 1632 αὐτῶν
539 1577 960 1647 δεισιδαιμονίας
1002 1577 1046 1607 ⁷⁸
1104 1576 1225 1629 καθ’
1277 1574 1485 1627 ἑαυτῶν
1516 1571 1738 1625 ὁπλισά-

157 1687 327 1740 μενοι.
378 1671 540 1739 Ἡμῖν
570 1670 627 1723 δὲ
659 1670 752 1722 καὶ
778 1669 838 1721 τὸ
869 1668 1232 1736 σεϐαζόμενον
1285 1662 1352 1737 ῆν
1392 1663 1591 1735 ἀληθὲς
1647 1661 1740 1715 καὶ

156 1765 287 1819 αὑτὸ
316 1766 373 1819 δὲ
397 1765 460 1818 το
484 1763 845 1834 ὑμνούμενον.

226 1944 319 2014 ιβ’.
349 1944 523 1998 Ἔνθα
552 1944 615 2014 δή
651 1961 738 2014 μοι
765 1942 861 1996 καὶ
884 1940 1093 2012 θάμϐος
1118 1937 1414 2009 ἐπέρχεται
1446 1938 1540 1989 καὶ
1566 1936 1737 2006 φρίκη

156 2042 249 2093 καὶ
282 2037 571 2108 ἔκπληξις,
627 2037 757 2088 ὅταν
786 2034 929 2089 κατὰ
955 2032 1081 2086 νοῦν
1110 2030 1262 2084 λάϐω
1295 2030 1412 2092 πῶς
1440 2030 1465 2082 ὁ
1502 2030 1741 2092 τοιοῦτος

158 2132 251 2186 καὶ
288 2130 551 2194 τοσοῦτος
580 2126 770 2199 ῦμνος,
810 2127 838 2180 ὀ
868 2126 1036 2196 μήπω
1064 2124 1172 2177 τινὶ
1218 2122 1325 2176 τῶν
1355 2122 1528 2176 ἄλλων
1575 2138 1741 2193 προσ-

158 2222 479 2293 φερομένων
543 2219 589 2252 "
640 2218 843 2272 θυσιῶν
899 2217 978 2287 τῷ
1026 2215 1247 2287 μεγέθει
1306 2212 1738 2281 ἐξομοιούμενος,

158 2315 357 2385 ἀθρόον
386 2310 559 2377 οὕτως
585 2312 809 2383 ἐσίγησε
844 2310 941 2364 καὶ
965 2310 1044 2373 είς
1075 2308 1227 2361 οὐδὲν
1259 2306 1513 2377 ἐλογίσθη
1546 2306 1637 2359 καὶ
1667 2304 1741 2368 ὼς

158 2405 286 2476 ὕναρ
322 2403 742 2473 ὑπανεχώρησε.
779 2402 925 2470 Πλήν
962 2416 1024 2468 γε
1047 2397 1204 2450 τοῦτο
1232 2395 1541 2464 λογίζομαι,
1571 2397 1652 2447 ὅτι
1684 2394 1741 2446 ἐν

157 2497 277 2559 ταῖς
308 2495 359 2527 ’⁸
380 2494 675 2565 ἁμαρτίαις
703 2492 855 2555 ὄντες
884 2491 950 2545 τά
999 2490 1117 2541 θεῖα
1156 2489 1293 2542 κατᾶ
1321 2487 1411 2539 τὸν
1439 2484 1741 2555 Ψαλμῳδον

158 2585 529 2658 ιδιηγούμεθα
555 2583 923 2652 δικαιώματα,
949 2580 1044 2634 καὶ
1070 2581 1131 2632 τὸ
1164 2578 1435 2649 μοχθηρὸν
1455 2577 1609 2647 ήμῶν
1634 2575 1742 2629 τῶν

158 2683 379 2752 τρίπων
406 2677 669 2743 ἀδόκιμον
694 2675 755 2729 τὸ
790 2674 1090 2745 περιφανὲς
1119 2671 1277 2725 τοῦτο
1306 2672 1399 2723 καὶ
1449 2670 1742 2739 σεϐάσμιον

159 2772 561 2844 ἀπειργάσατο,
603 2767 822 2831 ἀνάξιον
858 2766 1146 2838 κρίναντος
1196 2762 1291 2816 τοῦ
1326 2761 1461 2815 Θεοῦ
1496 2761 1744 2832 βεϐήλοις

160 2867 253 2919 καί
281 2863 505 2930 ὲναγέσι
548 2861 782 2932 χείλεσιν
812 2857 1103 2929 ὑμνεῖσθαί
1133 2873 1189 2909 τε
1223 2856 1315 2908 καὶ
1364 2853 1740 2931 γεραίρεσθαι.

159 2957 342 3025 Μέχρι
378 2953 488 3023 γὰρ
516 2954 659 3014 τίνος
684 2949 780 3019 τὴν
814 2946 993 3015 ἀληθῆ
1028 2945 1209 2998 αἰτίαν
1229 2942 1320 2995 τοῦ
1355 2942 1533 2995 πάντα
1567 2941 1745 2993 κίνδυ-

158 3064 248 3099 νον
271 3042 640 3113 ἐπενεχθῆναι
670 3041 801 3110 ἡμῖν
848 3037 929 3100 είς
979 3034 1145 3105 μέσον
1176 3034 1238 3087 οὑ
1270 3032 1647 3104 παριστῶμεν,
1678 3032 1744 3083 ἵν’

1845 569 1991 625 libus
2021 571 2449 630 modulationum
2495 591 2664 634 sonos
2701 579 3019 651 disponant,
3051 599 3117 639 ac
3162 601 3416 657 magnam

1845 663 2142 729 quamdam
2180 663 2453 736 digneque
2505 671 2857 740 spectabilem
2913 676 3167 732 cboream
3204 682 3418 735 consti—

1845 761 2019 819 tuant,
2051 762 2164 809 tum
2215 756 2509 826 edulgente
2560 765 2795 818 vestium
2850 765 3020 821 forma
3049 773 3414 836 spectantium

1843 846 2034 903 oculos
2060 846 2455 917 demulcentes,
2481 862 2592 907 tum
2618 856 2911 913 artificiosa
2934 860 3267 929 psalmorum
3302 864 3417 934 lyra

1846 936 2090 991 auditum
2120 938 2479 997 obiectantes.
2515 943 2654 1010 Quid
2696 948 2841 1001 enim
2870 958 3010 1014 erat,
3055 951 3099 1006 si
3135 952 3249 1006 haec
3282 968 3418 1007 can-

1846 1026 1953 1079 tica
1985 1027 2324 1095 consideres,
2378 1030 2659 1089 fabulosus
2692 1036 2944 1105 Orpbeus
2994 1050 3087 1094 aut
3122 1039 3275 1096 Musa
3310 1041 3417 1095 llo-

1846 1119 2049 1173 merica
2077 1128 2170 1173 aut
2200 1120 2451 1177 Sirenum
2510 1125 2863 1184 deliramenta
2884 1172 2898 1196 ,
2951 1132 3232 1188 fictionum
3268 1151 3420 1189 met:-

1846 1208 2019 1262 daciis
2046 1210 2278 1279 digesta,
2310 1221 2369 1265 ut
2399 1214 2547 1268 nulla
2579 1216 2798 1272 laudum
2842 1236 2969 1275 vera
3016 1223 3152 1277 ratio
3186 1225 3277 1287 sit,
3322 1225 3415 1280 scd

1849 1297 1967 1354 falsi
2004 1316 2273 1369 rumores,
2321 1305 2632 1360 mortalium
2661 1325 2833 1377 genus
2879 1292 3205 1370 seducentes
3256 1324 3421 1385 atque

1846 1394 2017 1449 errori
2076 1397 2491 1466 mancipantes?
2529 1397 2757 1455 Frustra
2808 1404 2978 1473 igitur
3012 1405 3067 1459 in
3108 1405 3193 1461 bis
3241 1404 3418 1464 Graci

1847 1484 2200 1553 erepantibus
2258 1488 2449 1544 buccis
2498 1505 2621 1545 sese
2674 1489 2905 1557 jactant,
2938 1494 3027 1563 qui
3079 1511 3203 1550 vera
3235 1512 3417 1553 rerum

1847 1573 2073 1628 scientia
2094 1588 2317 1631 careant
2342 1579 2607 1649 vanisque
2656 1584 3003 1640 serumnibus
3031 1585 3133 1655 ipsi
3165 1587 3422 1645 sibimet-

1847 1663 1984 1733 ipsis
2024 1677 2297 1737 pugnent:
2342 1672 2497 1725 nobis
2531 1689 2659 1727 vero
2691 1683 2804 1729 tum
2850 1675 3059 1732 Numen
3098 1694 3282 1734 verum
3314 1690 3418 1745 est,

1850 1765 1965 1811 tum
1998 1759 2173 1829 ipsum
2200 1762 2344 1830 quod
2395 1766 2648 1821 canimus
2692 1767 2981 1839 laudisque
3010 1769 3277 1841 obsequio
3311 1774 3420 1828 fre-

1842 1859 2193 1920 quentamus.

1914 1941 2002 1995 42.
2034 1940 2135 1998 llic
2168 1943 2297 1997 mihi
2328 1952 2382 1998 et
2419 1943 2714 2003 admiratio
2746 1948 2897 2005 subit
2928 1950 3272 2021 incessitque
3297 1952 3424 2008 bor-

1843 2050 1937 2089 ror
1958 2050 2022 2089 ac
2050 2046 2267 2105 stupor,
2305 2038 2432 2093 dum
2478 2047 2660 2094 mente
2695 2043 2877 2097 recolo
2910 2047 3184 2112 quomodo
3216 2045 3339 2100 talis
3366 2053 3423 2099 et

1842 2135 1993 2181 tanta
2022 2128 2343 2197 modulatio,
2370 2129 2486 2199 ipsa
2519 2130 2655 2185 nulli
2681 2147 2791 2185 non
2822 2133 2913 2186 alii
2941 2134 3270 2196 hostiarum,
3299 2151 3420 2205 qua:

1844 2219 1954 2274 Deo
1979 2219 2310 2285 oﬂ'eruntur,
2344 2223 2724 2292 magnitudine
2756 2236 3043 2294 praestans,
3069 2227 3150 2281 sic
3205 2238 3425 2297 repente

1845 2311 2113 2366 conticuit
2146 2322 2201 2367 et
2248 2313 2302 2366 in
2352 2313 2585 2367 nihilum
2642 2314 2777 2369 abiit
2832 2316 3093 2386 velutque
3148 2318 3422 2373 somnium

1845 2407 2135 2461 abscessit.
2164 2403 2321 2460 Enim
2352 2422 2483 2461 vero
2512 2406 2615 2461 hoc
2641 2409 2884 2477 recogito
2919 2427 2931 2463 :
2983 2424 3176 2479 nempe
3209 2426 3332 2464 cum
3371 2411 3424 2465 in

1846 2499 2084 2568 peccatis
2120 2515 2385 2565 essemus,
2425 2500 2574 2570 juxta
2602 2490 2927 2555 'Psalmistre
2960 2500 3137 2572 (Psal.
3165 2518 3312 2566 thx,
3346 2502 3417 2568 6)

1845 2590 2191 2651 sententiam,
2211 2590 2423 2645 divinas
2467 2590 2859 2645 enarrabamus
2892 2589 3153 2660 justitias,
3182 2608 3425 2645 mormu-

1845 2695 1952 2750 que
1974 2691 2283 2735 nostrorum
2306 2681 2626 2749 improbitas
2656 2680 2922 2735 illustrem
2947 2682 3091 2736 hunc
3114 2697 3176 2736 ac
3198 2698 3429 2736 venera-

1843 2770 2007 2825 bilem
2035 2772 2239 2824 cultum
2292 2771 2583 2841 reprobum
2616 2768 2818 2832 eﬂecit,
2841 2770 3122 2840 indignum
3146 2772 3428 2836 iudicante
3516 2826 3520 2831 ,

1846 2867 2078 2924 Numine
2113 2869 2355 2940 profanis
2406 2869 2745 2939 impurisque
2780 2869 2941 2929 labiis
2993 2868 3205 2924 laudari
3238 2885 3296 2925 se
3326 2869 3430 2925 ho-

1850 2959 2086 3029 norique
2151 2958 2362 3013 haberi.
2424 2958 2724 3028 Quousque
2774 2959 2919 3014 enim
2978 2958 3194 3012 tandem
3242 2974 3425 3013 veram

1847 3065 2093 3114 causam,
2128 3050 2196 3104 ob
2223 3066 2383 3119 quam
2415 3050 2571 3104 nobis
2594 3051 2772 3105 omnis
2804 3051 2918 3104 haec
2947 3050 3094 3105 illata
3121 3049 3283 3122 504
3307 3066 3426 3104 ma-

162 3138 330 3207 ἔχωσι
379 3135 585 3202 γνῶναι
634 3132 723 3185 διὰ
771 3128 867 3182 τοῦ
919 3128 1042 3181 καθ’
1071 3128 1217 3197 ἡμᾶς
1270 3125 1672 3193 ὑποδείγματος
1695 3124 1744 3175 oi

1851 3140 2029 3194 lorum
2061 3140 2165 3203 vis,
2199 3140 2522 3195 inmedium
2566 3157 2673 3195 non
2727 3141 3077 3204 adducimus,
3133 3151 3192 3195 ut
3236 3150 3429 3197 nostro

166 3231 466 3301 μετέπειτα
486 3231 634 3289 ὅπως
664 3227 744 3279 δεῖ
766 3222 1053 3293 λατρεύειν
1071 3220 1190 3291 Θεῷ
1214 3220 1375 3285 ζῶντι
1394 3220 1488 3272 καὶ
1509 3218 1747 3287 ἀληθινῷ

164 3324 258 3377 καὶ
288 3321 521 3383 ἑαυτοὺς
545 3318 799 3387 ὑπεράνω
828 3314 1027 3375 παντὸς
1063 3313 1286 3382 ὀλέθρου
1331 3311 1633 3380 διατηρεῖν,
1662 3310 1750 3363 ἵνα

166 3420 241 3489 μὴ
268 3418 382 3479 τοῖς
438 3413 645 3484 ὁμοίοις
695 3410 853 3482 ἡμῶν
884 3409 984 3478 τῆς
1026 3406 1223 3471 κακίας
1260 3405 1749 3478 ,ὑπολισθαίνοντες

164 3508 604 3582 πλημμελήμασι
639 3505 737 3575 τὴν
777 3504 930 3557 θείαν
981 3503 1358 3569 ἀγανάκτησιν
1409 3498 1495 3568 ἐφ’
1525 3498 1749 3559 ἑαυτοὺς

164 3602 532 3657 ἐπισπῶνται.
560 3598 696 3652 υὺδὲ
724 3595 835 3665 γὰρ
866 3595 1027 3650 ἄλλου
1056 3592 1202 3655 τινὸς
1230 3591 1418 3644 ἕνεκεν
1449 3589 1548 3657 τῆς
1583 3586 1773 3658 μεγάοπ

163 3696 258 3763 λης
293 3691 526 3761 ἀπειλῆς
547 3688 787 3757 ἐκείνης,
810 3682 878 3758 ἦς
904 3687 998 3739 καὶ
1032 3681 1376 3753 μεμνημένος
1402 3680 1689 3747 ἐξίσταμαι
1723 3718 1737 3743 ,

163 3788 250 3841 διὰ
280 3785 481 3855 πείρας
507 3780 838 3849 γεγόναμεν,
866 3777 983 3831 ἀλλ’
1034 3775 1067 3845 ἢ
1098 3774 1185 3827 διὰ
1221 3772 1500 3843 μοχθηρᾶς
1529 3771 1621 3823 καὶ
1654 3787 1751 3821 κα-

166 3879 268 3946 κῆς
323 3871 721 3943 προαιρέσεως,
782 3867 892 3919 εἴτε
937 3864 1023 3917 διὰ
1056 3863 1117 3915 τὸ
1172 3859 1629 3931 παρηλλαγμένον
1657 3858 1751 3911 καὶ

164 3968 428 4034 διάφορον
455 3962 552 4030 τῆς
586 3977 642 4012 τε
670 3956 948 4020 πολιτείας
978 3956 1073 4009 καὶ
1098 3955 1207 4007 τῶν
1226 3952 1394 4023 ἠθῶν,
1414 3951 1522 4004 τῶν
1544 3966 1752 4003 συνεισ-

167 4061 403 4131 ρεὸντων
433 4055 478 4087 ⁷³
509 4057 574 4125 τῇ
626 4053 777 4105 πόλει
811 4048 1116 4120 ἀνθρώπων
1156 4048 1202 4079 ’⁸
1229 4048 1294 4099 ἐκ
1333 4044 1535 4105 παντὸς
1566 4042 1752 4103 ἔθνους

166 4154 260 4207 καὶ
285 4151 459 4204 τόπου
491 4148 668 4202 ἄλλων
707 4145 837 4201 ἄλλο
866 4160 920 4196 τι
966 4139 1431 4209 συνεισφερόντων
1465 4136 1632 4189 κακὸν
1659 4134 1753 4187 καὶ

163 4244 360 4299 τούτου
409 4241 490 4312 τῷ
540 4227 771 4310 πλησίὸν
810 4234 1204 4307 μεταδιδόντων
1259 4232 1377 4303 (καὶ
1415 4231 1524 4299 γὰρ
1569 4229 1637 4281 δι’
1686 4228 1753 4297 ἣν

167 4341 400 4408 εἴπομεν
422 4335 656 4404 ἄφθονον
682 4332 792 4385 τῶν
815 4329 1013 4402 χρειῶν
1036 4327 1302 4399 χορηγίαν
1324 4328 1372 4379 οἱ
1396 4324 1505 4377 τῶν
1529 4323 1753 4393 πλησίον

167 4430 365 4502 χωρῶν
398 4429 493 4481 καὶ
530 4426 739 4480 πόλεων
782 4424 1061 4493 ἄνθρωποι
1099 4422 1158 4473 ὲν
1200 4419 1373 4489 ταύτῃ
1400 4418 1498 4487 τὴν
1520 4418 1754 4485 ζοῖκησιν

1850 3232 2102 3302 exemplo
2153 3232 2372 3287 discant
2427 3233 2631 3301 posteri
2687 3248 2923 3303 quonam
2976 3240 3137 3304 pacto
3168 3232 3428 3291 colendus

1852 3324 1925 3379 sit
1951 3323 2092 3379 Deus
2134 3324 2293 3378 vivus
2332 3338 2395 3377 ac
2433 3339 2615 3389 verus,
2657 3339 2827 3395 seque
2885 3324 2954 3378 ab
2998 3324 3145 3381 omni
3210 3333 3429 3377 servent

1853 3414 2121 3468 immunes
2150 3411 2399 3479 interitu,
2425 3427 2493 3466 ne
2528 3412 2719 3466 iisdem
2752 3419 2914 3481 atque
2945 3425 3045 3465 nos
3076 3409 3305 3464 delectis
3330 3411 3430 3463 ob-

1852 3506 1998 3560 noxii
2031 3506 2267 3560 divinam
2300 3505 2355 3558 in
2387 3520 2445 3559 se
2468 3503 2748 3557 attrabant
2780 3503 3203 3573 indignationem
3241 3501 3264 3553 ?
3292 3498 3427 3553 Nam

1852 3597 2000 3651 nulla
2028 3596 2131 3650 alia
2161 3610 2329 3651 causa
2360 3593 2617 3650 immanis
2640 3595 2788 3648 illius
2806 3608 2980 3663 paenae
3010 3594 3232 3661 iraeque,
3268 3592 3428 3660 cujus

1852 3690 1935 3743 vel
1964 3688 2079 3743 sola
2109 3686 2373 3742 memoria
2408 3696 2561 3740 extra
2604 3685 2804 3741 mentis
2837 3684 3021 3740 sedem
3071 3699 3228 3747 exeo,
3287 3683 3432 3753 peri-

1852 3780 2035 3834 culum
2066 3778 2298 3833 fecimus
2329 3777 2433 3831 nisi
2478 3777 2549 3831 ob
2577 3791 2799 3848 pravam
2832 3776 3210 3847 perditamqne
3235 3775 3430 3828 volun-

1855 3879 2039 3933 tatem,
2067 3871 2182 3925 sive
2214 3877 2437 3939 propter
2472 3869 2728 3924 dissonos
2766 3868 3123 3938 diversosque
3158 3881 3339 3921 mores
3370 3882 3433 3920 ac

1852 3963 2071 4032 ingenia
2107 3977 2200 4017 seu
2231 3964 2502 4026 instituta,
2534 3963 2683 4016 omni
2711 3978 2775 4016 ex
2813 3970 2974 4031 gente
3010 3975 3071 4015 ac
3108 3959 3230 4013 loco
3256 3959 3310 4013 in
3338 3974 3433 4011 ur-

1853 4053 1973 4108 bem
2016 4053 2408 4108 conﬂuentium
2442 4062 2605 4123 atque
2635 4053 2782 4107 aliud
2818 4052 2956 4106 alias
2990 4052 3194 4105 malum
3226 4050 3435 4119 imper-

1855 4145 2089 4199 tantium
2130 4158 2193 4198 ac
2225 4158 2349 4198 cum
2386 4143 2637 4213 proximo
2688 4142 2821 4197 illud
2879 4141 3433 4197 communicantiutu.

1855 4235 1995 4290 Nam
2029 4244 2259 4305 propter
2286 4251 2429 4302 eam,
2467 4249 2633 4305 quam
2674 4233 2935 4299 diximus,
2984 4232 3204 4287 uberem
3246 4246 3432 4285 rerum

1856 4329 1909 4382 in
1939 4328 2064 4383 vita:
2090 4343 2250 4382 usum
2276 4326 2770 4395 suppeditationem
2804 4323 3106 4379 vicinarum
3147 4321 3432 4392 regionum

1855 4431 2017 4490 atque
2045 4420 2264 4475 urbium
2292 4418 2484 4474 incolze
2525 4417 2755 4473 mutatis
2796 4416 3018 4472 sedibus
3045 4417 3100 4470 in
3145 4415 3248 4469 bac
3280 4415 3436 4468 babi-

173 4519 630 4592 μετηλλάττοντο,
669 4516 764 4569 καλ¹
806 4512 1025 4585 μάλισθ’
1075 4512 1189 4565 ὅσοι
1223 4513 1343 4571 ταῖς
1368 4510 1469 4579 ῆδη
1505 4508 1745 4578 προαλω-

1855 4514 2112 4566 tationem
2143 4513 2437 4577 locabant;
2469 4526 2534 4565 ac
2564 4511 2841 4581 praecipue
2867 4510 2959 4579 qui
2991 4524 3058 4564 ex
3103 4506 3282 4577 captis
3312 4506 3428 4575 jam

170 4614 381 4675 θείσαις
400 4613 587 4681 νήσοις
610 4612 674 4663 ὲκ
706 4608 803 4678 τῆς
834 4608 877 4639 "
904 4606 1013 4660 τῶν
1043 4603 1375 4673 δυσωνύμων
1437 4601 1753 4672 ’Ᾱγαρηνῶν

170 4703 477 4774 ἐπιδρομῆς
534 4699 963 4769 ὑπελείφθησαν,
1017 4695 1111 4748 ἐπὶ
1162 4694 1322 4763 τήνδε
1356 4693 1754 4764 προσέφευγον,

177 4794 478 4867 μηδεμίαν,
503 4791 577 4855 ὡς
611 4788 1016 4857 ὑπελάμϐανον,
1044 4788 1101 4839 ὲν
1128 4786 1264 4856 αὐτῇ
1298 4784 1573 4854 πολεμίων
1596 4801 1757 4851 φρον-

172 4888 290 4941 τίδα
334 4885 432 4940 τοῦ
478 4882 667 4938 λοιποῦ
700 4878 1099 4951 ποιησόμενοι),
1136 4879 1249 4931 εἴτε
1281 4878 1338 4931 δὲ
1386 4878 1547 4930 πάλιν
1575 4876 1661 4930 διὰ
1695 4877 1755 4929 τὸ

172 4979 461 5050 ἀνειμένον
486 4975 570 5047 [Ρ.
590 4974 719 5046 528]
757 4975 855 5043 τῆς
884 4972 1093 5043 τρυφῆς
1128 4970 1223 5025 καὶ
1246 4970 1603 5039 ἀφρόντιστον
1660 4970 1752 5021 καὶ

177 5073 310 5141 πρὸς
346 5070 529 5122 πᾶσαν
556 5067 751 5137 ἡδονὴν
779 5064 1022 5118 ποικίλον
1075 5062 1172 5133 τῆς
1199 5061 1387 5133 χρείας
1438 5064 1531 5114 καὶ⁵
1562 5063 1751 5131 ἐπιτή-

173 5162 317 5214 δειον
342 5158 533 5229 ὥσπερ
556 5156 677 5210 τινὰ
714 5155 886 5226 λήθην
909 5152 1266 5223 πεπόνθαμεν
1298 5151 1392 5206 τοῦ
1444 5150 1599 5218 Θεοῦ,
1650 5163 1753 5221 μα-

178 5253 319 5324 κράν
348 5267 469 5304 τινα
502 5250 597 5302 καὶ
620 5248 987 5313 άδιεξόδευτον
1014 5244 1362 5313 πλανώμενοι
1398 5243 1625 5313 πλάνην,
1664 5244 1759 5297 καὶ

1858 4606 2057 4661 insulis
2086 4604 2457 4675 perimpuros
2496 4603 2777 4674 Agarcnos
2838 4604 3054 4657 illorum
3110 4600 3437 4670 grassatiuni

1861 4696 2187 4766 superstites
2239 4694 2487 4760 fuerant,
2538 4692 2603 4747 ad
2663 4708 2782 4747 cam
2831 4689 3244 4761 confugiebant,
3289 4688 3439 4741 nulla

1856 4788 2138 4858 deinceps,
2174 4795 2233 4840 ut
2267 4787 2373 4842 sibi
2414 4786 2721 4850 videbatur,
2754 4783 2992 4839 hostium
3024 4797 3153 4837 cura
3183 4778 3435 4840 solliciti,

1858 4886 2022 4948 atque
2067 4878 2120 4930 in
2168 4891 2284 4929 eam
2347 4875 2589 4929 rationes
2645 4888 2775 4927 suas
2837 4867 3260 4924 transferebant.
3314 4863 3440 4917 Sive

1856 4985 2052 5025 rursus
2087 4969 2250 5024 etiam
2280 4978 2504 5037 propter
2536 4966 2734 5021 molles
2765 4962 2992 5018 delicias
3025 4959 3299 5027 nullisque
3318 4964 3437 5012 stuc

1860 5063 1966 5118 diis
1995 5060 2236 5115 animum
2271 5061 2634 5131 implicatum,
2688 5066 2805 5111 tum
2858 5055 2924 5109 ad
2975 5064 3192 5108 omnem
3250 5047 3438 5103 libidi-

1862 5168 2007 5215 nem,
2037 5153 2110 5207 ita
2162 5168 2265 5206 usu
2317 5152 2790 5213 subministrante,
2844 5146 3088 5218 proclive
3133 5139 3438 5211 ingenium,

1864 5245 2011 5301 velut
2034 5244 2089 5298 in
2132 5244 2225 5298 Dei
2257 5245 2551 5314 quamdam
2580 5242 2915 5296 oblivionem
2956 5237 3233 5298 venimus,
3279 5234 3445 5302 longo

178 5343 364 5405 καθώς
396 5356 561 5412 φησιν
585 5343 613 5393 ὁ
639 5338 990 5418 Ἀπόστολος,
1044 5339 1271 5401 ἕκαστος
1301 5339 1417 5399 ταῖς
1459 5336 1615 5400 ίδίαις
1639 5339 1745 5391 ἐπι-

1858 5338 2098 5406 quodam
2133 5344 2187 5391 et
2220 5336 2593 5390 inextricabili
2630 5334 2839 5389 viarum
2871 5345 3059 5387 errore
3087 5328 3156 5382 ab
3202 5326 3301 5379 illo
3339 5324 3440 5378 ab--

179 5436 403 5508 θυμίαις
436 5430 836 5503 ἐπορευόμεθα,
885 5415 1057 5491 άδεῶς
1086 5427 1227 5481 κατὰ
1259 5427 1440 5497 πάσης
1476 5427 1745 5497 ἁμαρτίας

1851 5427 2052 5497 juncti.
2082 5425 2167 5491 Et,
2194 5436 2255 5481 ut
2289 5428 2362 5480 ait
2396 5426 2710 5497 Apostolus,
2738 5424 3124 5495 unusquisque
3150 5415 3441 5473 desideriis

1466 5588 1701 5643 VARl/E
1742 5584 2142 5645 LECTIONES.

616 5736 724 5789 “oi
763 5751 871 5791 om.
913 5736 975 5789 Α,
1084 5736 1127 5766 "
1157 5732 1254 5802 τῆς
1286 5733 1462 5786 αὑτῶν
1522 5731 1935 5802 δεισιδαιμονίας
1986 5747 2092 5786 om.
2147 5730 2205 5785 ιι.
2276 5730 2317 5760 ⁷³
2363 5725 2783 5798 προφερομένου
2814 5722 2876 5777 Α.
2980 5722 3023 5755 ⁷³
3047 5721 3163 5781 ταῖς
3226 5734 3334 5770 θιιι-
3372 5713 3436 5784 Λή

803 5809 846 5839 ⁷⁸
870 5804 1175 5876 ἀνθρώπων
1198 5800 1304 5859 om.
1344 5803 1401 5856 Ρ.
1480 5805 1520 5835 ⁷⁷
1546 5809 1639 5871 τῆς
1671 5818 1777 5856 om.
1814 5800 1869 5854 Ρ.

250 5738 403 5801 ’θῶς
447 5736 503 5791 Ρ.

182 5811 224 5839 ’³
264 5811 638 5867 συνεισιόντων
669 5808 726 5862 Ρ.
