4154 6450
728 387 836 457 543

1961 392 2304 458 JOANNES
2342 395 2782 462 CAMENIATA

3892 392 4000 458 5M

717 504 928 559 nostris
962 502 1401 570 ambulabamus,
1431 504 1498 562 ad
1556 507 1742 562 omnia
1799 507 2034 566 licenter
2082 511 2296 566 scelera

2419 513 2707 584 ίωροῦντες
2735 513 2830 566 καὶ
2880 511 2980 582 τῆς
3011 509 3148 583 πρὸς
3179 509 3382 583 ἀρετὴν
3429 508 3671 580 ἀγούσης
3719 509 4001 582 μηδεμίαν

718 605 1127 665 procurrentes,
1162 603 1216 651 et
1258 596 1404 652 viam
1431 614 1555 670 qua:
1588 599 1655 654 ad
1685 599 1947 656 virtutem
1997 600 2163 657 ducat
2202 616 2302 672 pro

719 686 893 740 nihilo
927 686 1211 742 habentes.

790 779 953 851 505
989 781 1077 834 15.
1111 779 1269 847 Quod
1298 782 1443 837 enim
1485 783 1711 840 malitia:
1760 801 1958 855 genus.
2001 793 2062 842 ut
2107 802 2300 842 verum

715 871 988 933 dicamus,
1013 870 1068 925 in
1105 872 1267 928 nobis
1301 888 1409 928 non
1433 877 1834 931 exercebatur?
1861 875 2299 946 Fornicationes,

717 963 1011 1028 a-lulteria,
1046 964 1429 1032 immunditize,
1459 968 1607 1035 odia,
1633 970 1937 1036 mendacia,
1963 970 2126 1035 furta,
2152 972 2301 1039 lites,

715 1055 1127 1121 contentiones,
1159 1057 1434 1123 convicia,
1471 1061 1585 1124 irae,
1622 1062 1849 1131 rapinae,
1885 1063 2214 1134 injustitite;
2243 1075 2299 1121 et

717 1147 989 1201 malorum
1015 1147 1264 1201 omnium
1291 1163 1480 1215 causa,
1511 1151 1837 1218 invidentia,
1864 1167 2160 1210 commune
2184 1169 2302 1209 om-

718 1239 869 1293 nium
905 1239 1150 1294 studium
1183 1249 1238 1295 et
1270 1242 1652 1312 quotidianum
1686 1254 1855 1314 atque
1896 1243 2140 1302 forensis
2189 1262 2304 1302 me-

716 1329 914 1383 ditatio
951 1339 1094 1386 erat.
1130 1330 1320 1402 Neque
1348 1333 1495 1388 enim
1535 1333 1680 1390 ullus
1708 1344 1961 1391 nostrum
2005 1338 2110 1392 hoc
2149 1346 2302 1393 sata-

719 1423 880 1492 gebat
916 1433 975 1478 ut
1012 1425 1082 1480 de
1130 1427 1385 1495 proximo
1418 1426 1557 1482 bene
1606 1435 1935 1494 mereretur,
1978 1431 2074 1486 sed
2114 1440 2175 1486 ut
2223 1431 2302 1486 illi

720 1515 959 1570 invisum
992 1516 1202 1587 aliquid
1237 1518 1552 1588 malumque
1593 1519 1827 1575 inferret
1857 1521 2054 1578 stolide
2088 1524 2300 1578 machi-

699 1607 977 1662 ‘nahatur.
1019 1607 1130 1663 Nec
1165 1620 1222 1663 ut
1255 1626 1319 1663 ex
1347 1625 1450 1665 suo
1496 1612 1674 1681 egenti
1725 1613 2013 1678 tribueret,
2069 1614 2303 1686 implens

716 1700 862 1765 quod
901 1698 1298 1755 misericordia:
1328 1709 1435 1767 est,
1469 1703 1653 1756 animo
1682 1705 1991 1774 reputabat,
2020 1708 2113 1762 sed
2151 1716 2208 1762 ut
2236 1708 2304 1763 de

717 1789 896 1843 alieno
929 1792 1292 1846 substantiam
1334 1804 1576 1864 augeret,
1608 1796 1903 1864 gentilibus
1941 1798 2058 1853 suis
2092 1814 2298 1870 pugna-

2407 604 2723 674 ποιούμενοι
2753 603 3100 675 ἐπιμέλειαν.

2476 782 2565 852 ιγ’.
2583 783 2741 836 Ποῖον
2756 781 2865 852 γὰρ
2888 777 3029 846 εἶδος
3045 781 3268 844 κακίας,
3290 782 3339 834 εί
3357 779 3442 834 δεῖ
3465 778 3700 850 τάληθὲς
3721 781 3923 845 εἰπεῖν,
3945 781 4003 832 ἐν
4036 787 4041 790 ’

2403 875 2536 944 ἡμῖν
2555 874 2656 926 οὐκ
2679 873 2986 943 ἐπράττετο
3006 891 3019 937 ;
3042 875 3318 944 Πορνεῖαι,
3346 874 3609 942 μοιχεῖαι,
3629 871 4002 942 ἀκαθαρσίαι,

2408 967 2563 1035 μίση,
2593 964 2786 1034 ψεύδη,
2815 963 3039 1028 κλοπαὶ,
3080 961 3278 1035 ἔριδες,
3311 963 3661 1033 φιλονεικίαι,
3712 965 4001 1034 λοιδορίαι,

2406 1054 2596 1127 θυμοὶ,
2631 1056 2960 1122 πλεονεξίαι,
2981 1055 3207 1110 ἀδικίαι·
3237 1056 3328 1109 καὶ
3357 1058 3386 1109 ό
3413 1056 3655 1126 ἀρχηγὸς
3677 1056 3788 1107 τῶν
3809 1053 4006 1107 κακῶν

2405 1146 2605 1216 φθόνος
2635 1148 2815 1202 κοινὸν
2838 1145 3202 1218 ἐμμελέτημα
3225 1147 3350 1201 καθ’
3381 1147 3621 1218 ἑκάστην
3647 1145 3697 1180 ’⁸
3725 1150 3822 1201 καὶ
3872 1150 4006 1215 ἀγο-

2407 1238 2560 1308 ραῖον
2581 1233 2671 1310 ἦν.
2693 1241 2770 1293 Οὐ
2795 1240 2905 1309 γὰρ
2924 1240 3072 1303 ὅστις
3090 1240 3247 1310 ἡμῶν
3266 1239 3343 1312 τῷ
3359 1235 3586 1310 πλησίον
3605 1240 3801 1312 πράξει
3818 1241 4004 1304 καλῶς

2403 1331 2494 1385 διὰ
2532 1329 2774 1402 σπουδῆς
2809 1325 2978 1402 εἶχεν,
3003 1329 3119 1386 ἀλλ’
3161 1332 3312 1398 ὅστις
3342 1331 3493 1403 αύτῷ
3534 1332 3645 1385 τῶν
3679 1333 4003 1403 ἀϐουλήτων

2405 1420 2729 1489 ἐπενεγκεῖν
2755 1438 2809 1475 τι
2852 1418 3240 1492 φρενοϐλαϐῶς
3274 1423 3614 1476 ἐτεκταίνετο
3637 1441 3648 1452 ·
3704 1422 3816 1476 οὐδ’
3851 1425 4007 1486 ὅστις

2405 1513 2470 1565 ἐκ
2505 1510 2601 1566 τοῦ
2635 1512 2840 1566 οἰκείου
2873 1510 3198 1582 μεταδοῦναι
3229 1513 3308 1585 τῷ
3340 1513 3598 1584 χρῄζοντι
3629 1515 3689 1568 τὸ
3714 1515 4006 1584 συμπαθὲς

2405 1603 2635 1674 πληρῶν
2659 1603 3010 1674 ἐϐεϐούλητο,
3037 1603 3154 1656 ἀλλ’
3181 1606 3333 1668 ὅστις
3366 1607 3431 1658 ἐκ
3471 1605 3565 1658 τοῦ
3620 1607 3908 1674 ἀλλοτρίου
3943 1608 4005 1660 τὸ

2404 1699 2606 1750 οἰκεῖον
2649 1697 2947 1750 πλεονάσαι
2983 1698 3123 1768 πρὸς
3155 1697 3247 1750 τὸν
3300 1697 3347 1728 ⁷⁸
3377 1697 3649 1766 ὁμόφυλον
3687 1697 4006 1769 διεμάχετο,

2408 1788 2531 1841 κατ’
2567 1783 2816 1857 ἀλλήλων
2862 1787 3302 1856 εἰρωνευόμενοι,
3341 1787 3610 1858 ἀλλήλους
3649 1789 4005 1859 πλήττοντες,

717 1881 830 1945 but,
867 1897 991 1936 cum
1025 1898 1085 1937 se
1117 1883 1354 1951 invicem
1381 1885 1720 1952 deriderent,
1760 1899 1955 1943 mutuo
2006 1891 2298 1959 caaderent,

2419 1878 2677 1949 ἀλλήλους
2714 1877 3100 1942 διαϐάλλοντες
3139 1879 3208 1945 ⁸⁸,
3231 1881 3340 1933 πᾶν
3361 1879 3542 1933 ὁτιοῦν
3576 1881 3747 1933 κακὸν
3781 1882 3840 1933 ἐν
3881 1882 4010 1933 ἐαυ-

718 1974 856 2026 alter
883 1974 1038 2027 alteri
1069 1974 1408 2029 calumniam
1444 1984 1683 2034 strueret
1715 1993 1779 2033 ac
1813 1981 2151 2048 detraheret,
2182 1985 2300 2040 nul-

719 2068 830 2120 lum
869 2083 976 2122 non
1011 2067 1214 2122 malum
1249 2083 1438 2125 secum
1483 2071 1591 2141 ipsi
1624 2074 2020 2142 excogitarent,
2063 2078 2301 2147 pupillos

721 2158 1077 2225 suil'ocarcnt,
1114 2160 1404 2217 viduarum
1439 2161 1578 2218 fines
1605 2163 1949 2232 invaderent,
1985 2168 2302 2229 inimicitias

718 2261 1020 2308 necterent.
1059 2254 1351 2310 Enimvero
1379 2256 1505 2325 quis
1537 2258 1739 2313 horum
1792 2261 2039 2315 omnium
2078 2263 2304 2320 exitus?

720 2345 926 2416 Torpet
959 2348 1177 2402 animus
1199 2364 1495 2420 rerumque
1520 2351 1880 2420 magnitudini
1905 2353 2147 2424 linguam
2178 2356 2306 2425 inji-

719 2456 846 2495 cere
867 2440 1092 2507 horret;
1128 2455 1230 2496 nec
1257 2456 1454 2497 rursus
1484 2442 1779 2510 malorum,
1811 2444 2148 2515 quibusjam
2180 2462 2306 2517 per-

720 2531 896 2586 functi
923 2547 1139 2597 sumus,
1164 2531 1489 2588 meminisse
1517 2531 1888 2588 sustinebam.
1939 2535 2080 2601 Quia
2120 2543 2303 2592 tamen

722 2622 838 2675 ﬁeri
870 2637 982 2676 non
1017 2631 1201 2692 potest
1227 2630 1286 2677 ut
1312 2623 1626 2679 istiusmodi
1679 2625 2064 2680 narrationum
2102 2643 2307 2683 memo-

720 2714 860 2767 riam
889 2712 1147 2779 vitemus,
1191 2729 1299 2784 qua
1337 2715 1550 2770 ratione
1595 2730 1736 2770 nova
1773 2717 2020 2786 quaedam
2049 2733 2112 2773 ac
2143 2719 2308 2774 terri-

722 2805 852 2858 bilis
885 2812 1130 2859 narratio
1161 2805 1367 2860 mundo
1397 2806 1576 2860 relicti
1629 2822 1846 2872 sumus,
1910 2806 2143 2877 periculi
2193 2825 2308 2865 ma-

721 2895 1061 2964 gnitudinem
1095 2905 1425 2954 narraturus
1448 2897 1678 2964 accedo,
1705 2907 1767 2954 ut
1789 2907 1846 2953 et
1867 2899 1982 2969 ipse
2008 2914 2309 2971 cOgnoscas

720 3003 971 3060 quaenam
1003 2991 1116 3045 sint
1175 2992 1386 3060 peccati
1422 2991 1651 3047 obsonia
1679 3001 1844 3059 atque
1875 2992 2096 3063 praemia
2129 2992 2302 3065 (Rom.

721 3096 796 3144 vr,
823 3080 1092 3152 25).Cum
1123 3083 1269 3138 enim
1306 3084 1435 3138 luxu
1484 3083 1681 3153 perditi
1723 3100 1992 3150 essemus,
2021 3087 2306 3157 voluptate

725 3174 1162 3241 liquesceremus
1191 3190 1256 3230 ac
1279 3174 1510 3230 mollitie
1534 3174 1855 3242 ﬂueremus,
1887 3176 2159 3247 malisque
2189 3193 2307 3233 om-

2409 1975 2523 2034 τοῖς
2550 1970 2984 2040 ἐξευρίσκοντες,
3011 1971 3590 2041 όρφανοὺς¹ἄγχοντες,
3625 1972 3792 2042 ὁρίοις
3817 1974 4008 2044 χηρῶν

2411 2059 2859 2131 ἐπεμϐαίνοντες,
2921 2059 3124 2133 ἔχθρας
3171 2063 3556 2126 συνάπτοντες.
3614 2065 3729 2118 Καὶ
3763 2064 3815 2117 τί
3847 2065 3914 2134 δὴ
3941 2064 4008 2116 τὸ

2410 2152 2564 2215 τέλος
2593 2152 2802 2204 τούτων
2827 2150 3121 2218 ἁπάντων;
3170 2152 3345 2206 ’οκνῶ
3387 2153 3486 2224 μὲν
3509 2153 3610 2223 τὴν
3641 2154 3896 2222 γλῶτταν
3931 2155 4010 2224 τῷ

2416 2246 2638 2317 μεγέθει
2672 2245 2780 2299 τῶν
2809 2243 3155 2320 πραγμάτων
3185 2247 3504 2315 ἐπαφιέναι,
3535 2248 3631 2301 καὶ
3660 2249 3761 2300 οὑκ
3789 2247 3859 2300 ἂν
3913 2249 4012 2316 ἡν-

2413 2342 2655 2413 εσχόμην
2677 2344 2787 2396 τῶν
2833 2341 3102 2412 ἀλγεινῶν
3135 2340 3359 2394 ἐκείνων
3394 2334 3470 2393 ὧν
3501 2341 3600 2411 ἢδη
3648 2340 4012 2412 πεπόνθαμεν

2412 2438 2509 2490 καὶ
2539 2436 2700 2490 πάλιν
2735 2435 3143 2506 ἐπιμνησθῆναι
3169 2451 3182 2465 ο
3217 2433 3333 2486 ἀλλ’
3376 2433 3565 2504 ἐπειδὴ
3596 2433 3703 2486 τῶν
3745 2435 4012 2489 τοιούτων

2413 2527 2773 2598 διηγημάτων
2795 2529 2896 2580 οὐκ
2924 2525 3071 2579 ἔστιν
3102 2526 3251 2587 ὅπως
3280 2524 3604 2578 ὑπεκκλῖναι
3629 2525 3725 2594 τὴν
3756 2527 4010 2596 μνήμην,

2413 2620 2481 2674 δι’
2513 2615 2587 2674 ῶν
2623 2619 2702 2691 τῷ
2735 2620 2834 2690 βίῳ
2865 2619 3052 2672 καινόν
3105 2636 3156 2670 τι
3184 2616 3279 2670 καὶ
3314 2617 3546 2686 φοϐερὸν
3596 2617 4013 2688 ὑπελείφθημεν

2415 2713 2691 2782 ἄκουσμα,
2725 2711 2896 2776 λέξων
2933 2710 3167 2780 ἔρχομαι
3210 2709 3306 2762 τοῦ
3357 2708 3607 2763 κινδύνου
3642 2709 3702 2762 τδ
3751 2709 4010 2778 μέγεθος,

2418 2806 2486 2859 ἵν’
2511 2805 2660 2875 εἰδῇς
2681 2803 2777 2856 καὶ
2801 2802 2964 2864 αὐτὸς
2995 2803 3156 2855 ὁποῖα
3189 2801 3289 2872 τῆς
3321 2800 3603 2871 ἁμαρτίας
3637 2801 3746 2853 εἰσί⁸
3771 2803 3842 2854 τὰ
3867 2804 4014 2871 ὀψώ-

2417 2898 2525 2954 νιῖι.
2566 2898 2656 2951 Ἑν
2685 2896 2796 2966 ὅσῳ
2825 2896 2932 2964 γὰρ
2973 2893 3321 2963 ἐτρυφῶμεν,
3379 2895 3434 2946 ἐν
3466 2893 3576 2962 ὅσῳ
3610 2895 4013 2964 ἐσπαταλῶμεν

2419 2989 2515 3043 καὶ
2538 2990 2708 3042 πᾶσιν
2735 2987 2962 3048 ἀτόποις
2991 2983 3256 3054 διεζῶμεν
3278 2983 3731 3053 ἐπιτηδεύμασιν,
3754 2985 3842 3037 ὅτε
3872 2987 4014 3038 κατὰ

2416 3084 2479 3136 τὸ
2497 3080 2789 3152 ψαλμικῶς
2819 3078 2980 3150 ρηθέν
3010 3076 3234 3142 πάντες
3249 3076 3596 3143 ἐξέκλιναν,
3617 3078 3736 3146 ἅμα
3766 3079 4017 3147 ἡχρειώ-

2419 3178 2642 3242 θησαν,
2679 3171 2778 3229 καί
2811 3172 2926 3225 οὐκ
2947 3164 3029 3240 ἦν
3054 3172 3087 3223 ό
3123 3166 3382 3237 ἐκζητῶν
3426 3169 3533 3222 τὸν
3563 3171 3732 3234 Θεὸν,
3761 3172 3883 3223 τότε
3910 3173 4014 3241 τῆς

726 3264 892 3321 nibus
935 3265 1201 3323 institutis
1231 3267 1398 3322 vitam
1424 3267 1754 3338 duceremus
1780 3288 1795 3338 ;
1824 3285 1972 3335 cum,
2015 3281 2072 3327 ut
2098 3271 2309 3330 Psaitcs

2419 3267 2656 3338 φοϐερᾶς
2692 3265 2907 3334 ἐκείνης
2958 3262 3334 3333 ἐπειράθημεν
3389 3261 3639 3331 ἀπειλῆς,
3695 3263 3900 3333 μᾶλλον
3955 3264 4014 3317 δὲ

723 3358 964 3412 concinit
991 3359 1165 3429 (Psal.
1208 3374 1328 3426 xttt,
1355 3360 1442 3429 5),
1473 3375 1666 3418 omnes
1697 3361 2090 3430 declinassent,
2132 3366 2296 3420 simul

726 3447 947 3506 inutiles
973 3450 1098 3504 facti
1131 3461 1336 3518 essent,
1357 3467 1458 3508 nec
1481 3461 1629 3510 esset
1650 3455 1742 3524 qui
1778 3454 1943 3510 Deum
1971 3459 2296 3528 requireret,

2415 3357 2826 3430 καταστροφῆς,
2862 3355 2928 3410 ἵν’
2951 3354 3282 3428 οἰκειότερον
3312 3352 3474 3420 εἴπω,
3513 3352 3547 3423 ἦ
3577 3352 3797 3417 δικαίας
3846 3355 4018 3408 ἀντα-

2409 3457 2701 3515 ποδόσεως.

727 3541 888 3612 506
911 3552 1039 3597 tunc
1067 3545 1411 3599 tremendum
1446 3545 1580 3601 illud
1629 3547 1904 3604 minarum
1952 3549 2172 3622 pondus
2209 3551 2420 3622 experti
2452 3563 2669 3614 sumus,
2698 3543 2830 3616 quin
2858 3543 2992 3605 imo.
3064 3547 3122 3594 υῑ
3183 3539 3369 3595 verius
3431 3538 3636 3605 dicam.
3705 3539 4020 3594 ονετεῖοηῖε

727 3651 823 3688 seu
842 3635 1004 3702 justm
1031 3637 1430 3694 retributionis.

801 3728 885 3781 Η.
927 3727 993 3781 Ει
1023 3729 1312 3784 considera
1339 3731 1430 3787 hic
1471 3746 1691 3802 quoque
1745 3732 1841 3788 Dei
1891 3734 2313 3800 humanitatem,

728 3821 820 3889 qui
848 3836 957 3874 non
997 3823 1115 3875 vult
1156 3830 1390 3880 mortem
1423 3826 1757 3892 peccatoris,
1798 3827 1892 3881 sed
1924 3837 1982 3882 ut
2020 3840 2312 3884 converta-

729 3919 819 3962 ι.ιι⁸
848 3918 901 3965 et
931 3909 1078 3965 vivat
1130 3910 1351 3983 (Ezech.
1380 3928 1576 3980 xxxut,
1604 3915 1729 3987 11).
1773 3915 1912 3971 Cum
1954 3918 2101 3973 enim
2150 3921 2318 3976 sciret

731 4004 1030 4074 Proiectam
1064 4005 1632 4078 sceleStissimamque
1663 4009 1831 4064 animi
1859 4012 2035 4066 nostri
2069 4011 2136 4066 ad
2171 4013 2313 4066 mala

731 4093 1088 4161 prauitatem,
1134 4093 1267 4164 quid
1318 4095 1666 4150 machinatur
1712 4111 1778 4151 ac
1829 4097 2047 4152 consilii
2099 4097 2222 4166 init,
2256 4105 2315 4152 ut

729 4185 1002 4250 perditum
1035 4185 1189 4241 illum
1227 4185 1466 4242 furorem
1492 4188 1738 4244 inhibeat
1782 4198 1838 4244 et
1875 4189 1943 4244 ad
1998 4191 2314 4246 conversio—

734 4291 854 4330 nem
891 4276 1118 4332 inducat
1153 4277 1176 4330 '.'
1203 4276 1449 4333 Primum
1479 4280 1725 4350 quidem,
1753 4297 1875 4353 quae
1904 4281 2052 4337 dicta
2084 4297 2115 4336 a
2153 4284 2314 4339 nobis

731 4379 834 4430 est,
871 4366 1227 4444 Berrhpcam,
1257 4368 1449 4425 urbem
1481 4371 1795 4436 ﬁnitimam,
1817 4386 1942 4426 cum
1975 4379 2091 4426 tota
2113 4373 2316 4428 vicinia

734 4469 1054 4516 terrmmotu
1123 4463 1429 4532 quassavit,
1479 4463 1616 4518 adeo
1649 4472 1708 4518 ut
1744 4463 1901 4518 multi
1953 4478 2020 4519 eo
2064 4466 2316 4536 Oppressi

2501 3731 2585 3784 ιδ’.
2613 3728 2725 3782 Καὶ
2765 3727 2960 3780 σκόπει
3012 3723 3295 3777 κάνταῦθα
3333 3722 3428 3775 τοῦ
3467 3721 3603 3774 Θεοῦ
3635 3723 3677 3753 ⁸¹
3713 3722 3774 3774 τὺ
3830 3724 4024 3789 φιλάνο

2426 3823 2670 3894 θρωπον,
2701 3819 2795 3874 τοῦ
2834 3820 2910 3889 μὴ
2942 3815 3268 3888 βουλομένου
3320 3814 3414 3868 τὸν
3443 3814 3682 3869 θάνατον
3711 3815 3804 3868 τοῦ
3837 3817 4024 3886 ἀμαρ-

2420 3914 2620 3978 τωλοῦ,
2648 3915 2723 3976 ὼς
2748 3911 2810 3964 τὸ
2841 3908 3174 3980 ἐπιστρέψαι
3207 3906 3303 3962 καὶ
3349 3907 3450 3978 ζῇν
3477 3906 3661 3962 αὐτόν.
3709 3907 3884 3970 Εἰδὼς
3912 3910 4022 3978 γὰρ

2415 4011 2478 4064 τὸ
2499 4007 2809 4064 ἀκάθεκτον
2835 4003 2926 4059 καὶ
2955 4001 3234 4074 μοχθηρὸν
3259 4001 3358 4071 τῆς
3384 3999 3612 4071 γνώμης
3640 4001 3802 4071 ἡμῶν
3828 4004 3926 4055 ἐπὶ
3953 4003 4027 4054 τὰ

2421 4099 2657 4171 πονηρὰ,
2713 4097 2766 4151 τί
2802 4095 3116 4167 μηχανᾶται
3156 4093 3293 4164 πρὸς
3321 4093 3382 4147 τὸ
3417 4093 3517 4164 τὴν
3566 4093 3744 4164 ὁρμὴν
3770 4094 4026 4164 ἐπισχεῖν

2425 4191 2510 4266 [Ρ.
2530 4190 2658 4263 329]
2691 4190 2791 4259 τῆς
2816 4187 3014 4250 κακίας
3055 4186 3149 4239 καὶ
3184 4185 3524 4257 ἐπιστροφῆς
3556 4185 3715 4254 ἡμῶν
3758 4186 4022 4255 ἐμϐαλεῖν

2423 4287 2642 4351 αἰτίαν;
2673 4284 2898 4355 Πρῶτον
2937 4281 3037 4352 μὲν
3069 4281 3170 4352 τὴν
3220 4281 3322 4351 ῆδη
3357 4280 3642 4352 λεχθεῖσαν
3675 4280 3895 4349 γείτονα
3928 4282 4027 4334 πό-

2425 4379 2532 4443 λιν,
2556 4379 2654 4448 τὴν
2675 4377 2942 4450 Βέρροιαν
2964 4375 3130 4442 λέγω,
3169 4373 3700 4442 ἐπικατασεισθῆναι
3748 4376 4025 4446 πεποίηκε

2426 4473 2538 4530 τοῖς
2564 4468 2866 4540 περιοίκοις
2899 4465 2976 4527 ὡς
3006 4463 3233 4526 πολλοὺς
3259 4461 3305 4492 ⁸⁸
3337 4462 3445 4515 τῶν
3474 4464 3653 4514 ἐκεῖσε
3683 4462 4029 4532 συλληφϐέθ-

735 4555 1023 4620 perierint.
1059 4555 1201 4621 Quid
1245 4555 1370 4611 inde
1414 4554 1716 4624 disponens
1764 4571 1828 4612 ac
1865 4558 2212 4627 procurans?
2241 4558 2309 4615 Ut

2419 4579 2528 4616 των
2549 4559 2908 4625 ἐξαναλῶσαι,
2927 4556 2979 4610 τί
2998 4555 3370 4623 διοικούμενος
3399 4558 3463 4608 ἐκ
3486 4554 3676 4607 τούτου
3698 4572 3712 4620 ;
3740 4555 3838 4608 Ἰν’
3859 4559 4029 4625 ἡμεῖς

734 4663 837 4702 nos
859 4647 1096 4713 scilicet,
1130 4647 1401 4702 malorum
1446 4646 1635 4702 divina
1677 4647 1888 4703 ultione
1920 4649 2044 4704 aliis
2077 4648 2313 4704 inﬂicto-

734 4755 857 4793 rum
892 4757 1054 4795 sensu
1094 4748 1375 4811 percepto,
1415 4741 1636 4797 tandem
1684 4741 1984 4811 aliquando
2014 4757 2043 4796 a
2080 4745 2320 4813 propriis

737 4833 842 4901 ipsi
876 4834 1038 4889 malis
1084 4835 1490 4890 abstinerentur:
1545 4843 1816 4906 actusque
1861 4843 2082 4892 nostros
2116 4837 2183 4891 ad
2217 4831 2324 4891 vi-ré

737 4933 909 4980 tutem
950 4924 1337 4995 dirigeremus.
1374 4924 1604 4992 Deinde,
1646 4917 1775 4997 qtiia
1836 4943 1905 4982 ne
1951 4927 2046 4983 illo
2097 4928 2316 5000 quidem

737 5033 871 5073 casu
894 5019 960 5072 de
988 5020 1158 5075 veteri
1183 5020 1402 5090 vigente
1432 5020 1486 5075 in
1520 5020 1686 5076 nobis
1722 5019 2122 5076 consuetudine
2155 5019 2320 5090 quid-

738 5125 902 5179 quam
940 5121 1346 5177 remtseramus,
1367 5110 1435 5165 ad
1467 5111 1612 5166 aliud
1642 5111 1912 5166 machinae
1941 5125 2113 5182 genus
2133 5118 2322 5165 trans-

738 5202 802 5265 it,
840 5203 894 5256 in
923 5202 1049 5257 aliis
1076 5211 1200 5258 ante
1225 5204 1502 5273 specimen
1524 5203 1694 5259 edens
1715 5204 1837 5273 ejus
1853 5203 2185 5260 calamitatis
2208 5216 2330 5273 quae

741 5299 898 5352 nobis
931 5297 1068 5367 ipsis
1107 5297 1410 5352 obventura
1439 5306 1608 5362 esset,
1637 5296 1765 5350 dum
1801 5298 1950 5351 nulla
1981 5296 2325 5366 paenitudine

743 5403 1121 5458 pucearemus.
1156 5386 1460 5443 Demetrias
1491 5402 1727 5457 namque
1757 5387 1840 5441 sic
1870 5387 2042 5454 dicta,
2096 5385 2327 5441 Graeciae

743 5482 849 5535 alia
883 5481 1035 5547 urbs,
1066 5479 1212 5535 haud
1245 5480 1404 5551 longe
1431 5496 1461 5534 a
1505 5480 1668 5535 nobis
1699 5480 1920 5545 dissita,
1948 5488 2065 5534 tum
2107 5481 2325 5535 accola-

745 5589 868 5628 rum
907 5573 1246 5644 frequentia,
1284 5581 1402 5628 tum
1429 5573 1596 5630 rebus
1640 5573 1787 5641 aliis,
1812 5573 2013 5643 quibus
2040 5571 2206 5627 urbes
2241 5570 2323 5624 al-

746 5675 860 5719 tum
894 5680 1087 5736 sapere
1115 5681 1178 5722 ac
1206 5665 1430 5737 gloriari
1487 5665 1687 5734 solent,
1717 5679 1887 5734 supra
1918 5662 2184 5717 tinitimas
2215 5661 2322 5716 alte

2421 4656 2639 4717 πάντως
2664 4655 2773 4706 τῶν
2805 4651 3018 4721 ἐτέροις
3052 4648 3464 4719 ἀπειλουμένων
3499 4647 3599 4712 τὴν
3625 4647 3885 4716 αἴσθησιν
3928 4649 4028 4701 λα-

2423 4746 2634 4810 ϐόντες,
2657 4744 2766 4799 τῶν
2798 4743 2942 4797 ίδίων
2970 4741 3158 4796 κακῶν
3187 4740 3400 4810 ἀποχὴν
3435 4740 3535 4793 κᾶν
3569 4739 3668 4808 ὀψὲ
3701 4740 3835 4807 γοῦν
3864 4760 4028 4812 ποιη-

2429 4839 2653 4909 σώμεθα
2709 4837 2807 4891 καὶ
2851 4834 2989 4905 πρὸς
3049 4832 3249 4902 ἀρετὴν
3279 4830 3377 4894 τὰς
3428 4831 3658 4900 πράξεις
3723 4832 4024 4902 ἰθύνωμεν.

2434 4929 2567 4986 Εἶτα
2593 4930 2779 5001 ἐπειδὴ
2815 4927 3008 4982 τούτου
3059 4925 3354 4995 γενομένου
3390 4926 3492 4976 οὐκ
3519 4923 3876 4992 ἐνεδώκαμεν
3927 4927 4030 4994 τῆς

2429 5023 2741 5095 κρατούσης
2771 5023 2829 5074 ἐν
2877 5022 3012 5090 ἡμῖν
3055 5016 3294 5078 παλαιᾶς
3337 5015 3649 5086 συνηθείας,
3695 5017 3782 5084 ἐφ’
3829 5019 4025 5089 ἕτερον

2431 5112 2570 5176 εἶδος
2601 5113 2852 5184 μηχανῆς
2887 5107 3237 5181 μεταϐαίνει,
3261 5105 3358 5160 καὶ
3380 5107 3477 5176 τὴν
3507 5107 3639 5176 ἡμῖν
3692 5109 3880 5172 αὐτοῖς
3907 5111 4026 5163 ἐσε-

2433 5204 2561 5258 σθαι
2593 5203 2896 5273 μέλλουσαν
2929 5197 3328 5270 ἀμεταμέλητα
3383 5199 3685 5268 πράττουσι
3731 5204 4027 5272 συμφορὰν

2436 5295 2494 5346 ἐν
2549 5293 2728 5356 ἄλλοις
2765 5291 3186 5363 προῦποδείξας.
3237 5290 3559 5360 Δημητριάς
3601 5290 3711 5360 γὰρ
3748 5292 3895 5347 οὕτω
3930 5313 4030 5347 κα-

2434 5384 2673 5455 λουμένη
2703 5385 2802 5454 τῆς
2838 5383 3090 5445 Ἑλλάδος
3121 5379 3293 5452 ἐτέρα
3336 5381 3513 5448 πόλις,
3537 5383 3599 5434 ού
3626 5385 3848 5455 μακρὰν
3871 5387 4030 5456 ἡμῶν

2437 5475 2822 5547 ἀπῳκισμένη,
2849 5473 3032 5544 πολλῷ
3061 5472 3257 5543 πλήθει
3286 5472 3398 5525 τῶν
3431 5474 3737 5544 οἰκητόρων
3783 5481 3880 5529 καὶ
3920 5483 4032 5542 τοῖς

2437 5568 2618 5633 ἄλλοις
2646 5566 2727 5633 οἷς
2751 5569 2894 5641 μέγα
2917 5565 3230 5636 καυχῶνται
3260 5565 3444 5628 πόλεις
3465 5565 3579 5619 τῶν
3603 5567 3835 5634 ἔγγιστα
3862 5570 4035 5640 ὑπερ-

2429 5661 2696 5733 αιρομένη
2723 5661 2792 5727 ⁸⁸,
2820 5661 2882 5714 οὐ
2907 5659 3014 5731 πρὸ
3046 5656 3240 5710 πολλοῦ
3267 5657 3365 5727 τῆς
3393 5656 3554 5728 ὴμῶν
3577 5657 3836 5724 ἁλώσεως
3864 5661 4026 5730 ἔργον

2059 5753 2289 5810 νΑιιιᾸε
2324 5752 2728 5809 LECTIONES.

817 5854 860 5886 τ’
890 5853 1116 5907 ἕκαστον
1141 5850 1199 5908 P.
1262 5854 1302 5884 "
1335 5848 1448 5923 τὸν]
1477 5849 1535 5905 τὸ
1559 5848 1620 5907 Ρ.
1690 5851 1734 5884 ⁸⁰
1764 5848 2198 5912 ἐνδιαϐάλλοντες
2223 5847 2287 5903 Α.
2366 5847 2405 5880 ⁵¹
2449 5845 2510 5902 τὸ
2539 5844 2631 5900 τοῦ
2662 5843 2797 5900 Θεοῦ
2828 5844 2886 5900 P.
2969 5843 3010 5874 '”
3048 5840 3249 5897 πολλῶν
3276 5839 3335 5898 Ρ.
3364 5839 3407 5872 ’³
3439 5841 3890 5913 ὑπεραιρουμένη
3921 5842 4024 5897 AP.
