4154 6450
172 378 272 443 545

1232 377 1328 436 DE
1359 375 1673 436 EXCIDIO
1711 376 2320 438 THESSALONICJ‘Z.
2345 358 2347 360 I

3318 373 3426 444 51ιῦ

170 490 385 554 ἐγένετο
416 485 523 538 τῶν
579 483 900 558 Βαρϐάρων.
942 482 1376 555 [Ιολιορκηθεῖσα
1415 485 1522 554 γάρ
1561 483 1638 549 ὡς
1668 501 1751 555 μι-

1859 487 2215 556 supercilium
2248 470 2470 551 tollens,
2505 486 2650 542 haud
2686 488 2856 545 multo
2884 497 3011 545 ante
3043 497 3248 545 nostra:
3277 495 3426 547 urbit

171 581 302 650 κροῦ
348 580 462 633 δεῖν
493 578 714 633 πάντων
747 578 793 610 ⁸⁸
823 577 934 631 τῶν
966 578 1056 630 ὑπ’
1083 578 1250 647 αὐτὴν
1283 579 1342 629 ἐν
1372 577 1617 648 μαχαίρᾳ
1651 591 1749 629 πε-

171 675 301 736 σεῖν,
331 671 482 725 οὐδὲν
511 671 698 739 ιτερον
729 670 960 740 παρεῖχε
1003 670 1143 721 νοεῖν
1169 669 1201 736 ἢ
1229 671 1341 731 τοῖς
1379 670 1570 732 κακοῖς
1599 670 1750 738 ἡμᾶς

169 764 532 834 ἐπιμένοντας
559 761 660 833 τὴν
693 762 887 831 ὁμοίαν
915 763 1114 830 πεῖραν
1149 759 1254 812 τῶν
1276 759 1622 830 πραγμάτων
1658 761 1751 812 ἐκ·

165 854 415 924 δέχεσθαι
447 855 540 908 καὶ
580 853 836 924 καθάπερ
869 854 950 916 εἰς
1005 852 1250 924 ἔμψυχον
1281 851 1482 921 στήλην
1515 852 1573 905 ἐν
1608 851 1748 922 αὐτῇ

165 948 231 1001 τά
258 946 725 1019 κεχρεωστημένα
753 946 890 1017 ἡμῖν
922 942 1321 1013 ἀναγινώσκειν
1349 942 1674 1014 παθήματα.

234 1213 316 1270 ιε’.
359 1215 520 1268 Ἄ).λά
553 1214 746 1285 μηδεὶς
776 1213 1215 1284 ἀποφαινόμενόν
1260 1229 1326 1283 με
1353 1212 1550 1266 οἰέσθω
1575 1211 1747 1266 ταῦτα

163 1309 393 1375 λέγοντα
424 1308 470 1340 ⁸⁵
500 1310 579 1360 ὅτι
601 1306 667 1361 δι’
697 1309 842 1379 ἡμᾶς
872 1310 927 1362 αἰ
957 1307 1145 1369 πόλεις
1169 1300 1330 1360 αῦται
1359 1305 1469 1358 τῶν
1501 1304 1747 1376 φοϐερῶν

164 1401 260 1471 τὴν
308 1403 506 1469 πεῖραν
554 1400 822 1466 ἐδέξαντο.
898 1399 1174 1468 Ὠφείλετο
1223 1397 1338 1468 γὰρ
1396 1399 1611 1462 αὐταῖς,
1670 1399 1746 1462 ὠς

163 1489 342 1560 οἶμαι,
371 1494 465 1543 καὶ
489 1491 556 1544 δι’
588 1492 795 1545 οἰκείαν
837 1490 1137 1561 μοχθηρίαν
1178 1491 1206 1544 δ
1247 1491 1508 1556 κίνδυνος,
1541 1491 1617 1554 ὼς
1652 1492 1745 1545 καὶ

165 1588 296 1655 ἡμῖν
326 1584 448 1653 μετ’
482 1585 720 1646 ὲκείνας,
751 1583 907 1649 ἀξίας
940 1582 1049 1636 τῶν
1079 1584 1490 1654 ἡμαρτημένων
1529 1585 1745 1656 ἑκάστῳ

163 1679 260 1741 τὰς
293 1675 568 1746 τιμωρίας
592 1675 888 1744 ἐπάγοντος
916 1675 1009 1729 τοῦ
1039 1674 1196 1728 Θεοῦ.
1250 1675 1389 1728 Ἀλλ’
1438 1679 1495 1730 ἐν
1536 1679 1744 1742 τούτοις

164 1771 254 1818 καὶ
280 1769 432 1836 ἡμᾶς
450 1767 509 1820 οὐ
537 1766 637 1836 τὴν
666 1766 936 1834 τυχοῦσαν
961 1766 1217 1837 ἀφορμὴν
1240 1766 1338 1836 τῆς
1365 1768 1458 1819 ἐπὶ
1478 1767 1540 1820 τὸ
1562 1769 1744 1838 κρεῖτο

1853 577 2122 634 exeidium
2155 577 2208 630 in
2236 575 2601 631 Bsrbarornm
2634 585 2956 648 potestatem
2990 581 3160 636 venit.
3193 579 3427 636 Obsessa

1853 667 1998 721 enim
2030 680 2093 720 ac
2129 672 2309 736 capta,
2341 674 2400 720 ut
2427 682 2567 737 pene.
2593 682 2783 724 omnes
2818 670 2912 733 qui
2943 670 2997 725 in
3023 685 3086 726 ea
3115 681 3272 726 erant
3307 672 3426 742 gla-

1852 757 1945 810 dio
1978 755 2303 820 ceciderint,
2335 756 2470 810 nihil
2494 755 2643 812 aliud
2668 755 2828 828 507
2852 758 3200 828 cogitandum
3227 761 3426 816 animis

1853 849 2136 918 ingerebat
2150 863 2313 918 quam
2339 846 2454 903 fore
2470 859 2526 902 ut
2545 849 2638 918 qui
2669 850 2724 904 in
2749 849 2907 905 malis
2930 864 3430 920 perseveraremus,

1853 942 2036 1009 parein
2074 940 2138 993 in
2170 954 2267 995 eos
2296 939 2557 995 ultionem
2595 942 2997 1012 exeiperemus,
3029 950 3082 997 et
3112 951 3170 996 ut
3195 943 3343 997 velut
3373 944 3425 998 in

1851 1033 2092 1087 animata
2165 1034 2422 1088 columna
2483 1047 2549 1089 ac
2605 1035 2786 1104 cippo,
2851 1050 2971 1104 qum
3037 1036 3196 1091 nobis
3251 1035 3426 1091 debita

1850 1135 2037 1181 essent
2065 1126 2208 1180 mala
2264 1126 2522 1197 diraque,
2553 1126 2854 1197 perscripta
2891 1128 3213 1197 legeremus.

1922 1218 2013 1271 15.
2045 1216 2242 1272 Nullus
2294 1225 2476 1273 tamen
2522 1216 2824 1282 existimet,
2869 1217 2998 1272 dum
3034 1218 3150 1274 hac
3185 1219 3259 1273 ita
3304 1235 3425 1289 pros

1849 1309 2066 1376 nuntio,
2097 1325 2182 1364 me
2203 1310 2341 1364 velle
2373 1309 2540 1364 hasce
2574 1309 2741 1364 urbes
2762 1309 2937 1364 no'stri
2962 1323 3127 1364 causa
3149 1312 3426 1368 tremenda

1849 1399 1961 1454 haec
1995 1410 2249 1470 expertas
2281 1399 2456 1455 fuisse
2490 1400 2711 1471 illisque
2733 1401 2893 1456 malis
2926 1399 3103 1457 factas
3133 1401 3426 1457 obnoxias.

1846 1489 1980 1545 Nam
2023 1503 2074 1546 et
2123 1492 2251 1556 illis,
2290 1492 2508 1562 opinor,
2542 1491 2613 1546 ob
2643 1492 2820 1561 ipsam
2842 1507 3030 1547 earnm
3061 1495 3416 1562 pravitatem,

1847 1597 2001 1652 :eqne
2033 1597 2096 1637 ac
2123 1583 2285 1638 nobis
2319 1592 2442 1654 Post
2474 1584 2644 1652 ipsas,
2677 1583 3082 1638 animadversio
3105 1585 3426 1650 debebatur.

1855 1672 1965 1728 Deo
1998 1674 2212 1728 scilicet
2239 1676 2453 1744 singula
2503 1689 2734 1745 quaeque
2789 1675 2997 1731 scelera
3079 1675 3243 1746 digne
3288 1677 3424 1730 ulci-

1847 1771 2056 1819 scente.
2077 1762 2277 1819 Verum
2307 1765 2362 1819 in
2386 1765 2454 1820 iis
2477 1779 2578 1821 nos
2609 1780 2827 1836 quoque
2842 1765 2984 1821 haud
3002 1765 3171 1820 levem
3186 1767 3428 1821 occasio-

163 1877 252 1912 τον
308 1858 650 1930 ἐπιστροφῆς
682 1861 777 1912 καὶ
813 1859 1090 1929 σωτηρίας
1129 1857 1351 1912 εὔκολον
1383 1853 1452 1929 ἦν
1477 1858 1738 1931 ἐξευρεῖν,

1854 1871 1969 1911 nem
2001 1855 2435 1927 meliorisjfrugis
2453 1857 2706 1913 ineundae
2724 1866 2889 1928 atque
2911 1859 3107 1914 salutis
3144 1858 3304 1913 facile
3326 1859 3427 1911 fuit

161 1952 260 2022 τὴν
303 1951 534 2004 ἐκείνων
563 1951 950 2023 καταστροφὴν
985 1951 1196 2004 οἰκείαν
1225 1950 1530 2020 ἀσφάλειαν
1564 1968 1745 2005 ποιου·

165 2043 386 2110 μένους.
445 2042 639 2111 Ὅμως
667 2040 854 2112 ἐπειδὴ
889 2041 979 2095 τὸν
1009 2040 1133 2094 νοῦν
1162 2042 1318 2111 ἡμῶν
1347 2035 1487 2094 εἶδεν
1519 2039 1564 2072 ⁸⁸
1587 2040 1616 2092 ὁ
1647 2041 1747 2105 τὰς

167 2136 402 2206 καρδίας
459 2133 699 2205 ἐρευνῶν
747 2135 898 2205 πάσῃ
937 2134 1141 2204 σπουδῇ
1195 2133 1295 2203 τῆς
1357 2134 1445 2187 ἐπ’
1501 2133 1747 2206 ἀπωλείᾳ

163 2227 411 2298 ἀγούσης
453 2226 731 2297 ἐχόμενον,
787 2225 1063 2296 μηδεμίαν
1112 2227 1156 2258 ⁸⁷
1194 2226 1292 2296 μὲν
1323 2225 1430 2279 τῶν
1464 2225 1748 2296 σωτηρίων

163 2319 400 2372 ἐντολῶν
431 2318 526 2371 καὶ
564 2317 931 2371 παιδευτικῶν
983 2318 1276 2387 ἐνεργειῶν
1307 2317 1746 2384 ὑπολειφθεῖσαν,

165 2408 222 2474 ἐξ
243 2402 323 2463 ὧν
355 2408 650 2478 αἰσθητικὴ
695 2409 792 2461 καί¹
817 2409 1064 2479 νήφουσα
1097 2408 1242 2479 ψυχὴ
1285 2409 1347 2462 τὸ
1386 2408 1550 2462 καλὸν
1583 2425 1748 2479 μετα--

168 2500 460 2568 μανθάνει,
491 2498 862 2568 διαφεύγουσα
893 2499 1003 2555 τῶν
1054 2503 1315 2571 χειρόνων
1339 2501 1439 2562 τὰς
1497 2501 1744 2571 πράξεις,

165 2594 228 2644 δι’
264 2593 334 2655 ἃς
368 2593 662 2664 ἐπέρχεται
697 2594 730 2664 ὴ
784 2594 920 2665 ὀργὴ
953 2593 1046 2646 ἐπὶ
1089 2595 1216 2658 τοὺς
1266 2597 1416 2658 υἱοὺς
1458 2596 1558 2666 τῆς
1594 2597 1751 2650 ἀπει-

167 2685 341 2748 θείας.
391 2685 467 2747 ῶς
525 2702 690 2757 φησιν
719 2688 747 2740 ὁ
771 2685 1118 2752 Ἀπόστολος,
1146 2761 1147 2764 η
1179 2687 1288 2740 ἔδει
1317 2687 1373 2740 δὲ
1404 2687 1502 2760 τὴν
1549 2690 1749 2744 κακίαν

167 2777 518 2849 ἐκτριϐἧναι,
558 2779 644 2831 ῑνα
683 2779 760 2850 μὴ
815 2781 882 2849 τῇ
911 2779 1003 2832 ἐπὶ
1049 2773 1234 2834 πλεῖον
1267 2782 1480 2854 προόδῳ
1509 2783 1602 2836 καὶ
1629 2784 1750 2838 ἐτέ-

169 2884 301 2934 ρους
331 2866 672 2937 λυμαίνοιτο,
702 2867 790 2920 διὰ
811 2867 970 2921 τοῦτο
991 2867 1205 2937 ἀφῆκεν
1234 2870 1365 2940 ἡμῖν
1391 2873 1750 2943 ἐπενεχθῆναι

167 2960 272 3027 τὴν
308 2958 550 3031 φοϐερὰν
581 2960 798 3031 ἐκείνην
836 2962 930 3014 καὶ
955 2961 1200 3034 φρικώδη
1238 2962 1451 3035 πληγὴν
1477 3005 1492 3029 ,
1527 2966 1590 3019 ἵν’
1614 2967 1752 3038 ὅπερ

166 3050 354 3105 ἀλλων
406 3053 729 3124 πασχόντων
782 3056 949 3124 ἡμεῖς
1000 3053 1101 3107 οὐκ
1148 3055 1560 3127 ἐδιδασκόμεθα,
1594 3058 1752 3113 τοῦτο

164 3147 335 3215 ἡμεῖς
365 3145 625 3209 παθόντες
647 3146 825 3210 ἀλλοις
855 3146 1161 3218 ὑπόδειγμα
1200 3147 1581 3222 ποιησώμεθα.

244 3408 333 3484 [Ρ.
369 3408 498 3482 550]
526 3408 623 3475 ις’.
662 3409 824 3464 Ἀλλά
873 3409 927 3463 τί
986 3411 1067 3463 δεῖ
1129 3411 1524 3482 μακρολογεϊνς
1564 3412 1751 3484 καιρὸς

163 3504 282 3574 γὰρ
303 3503 406 3574 ήδη
440 3502 546 3556 τῶν
601 3502 832 3573 καιρίων
883 3502 1244 3574 διηγημάτων
1287 3503 1621 3573 ἐφάψασθαι,
1658 3507 1753 3558 καὶ

165 3597 324 3657 ὅπως
375 3595 476 3664 τὴν
531 3593 799 3666 ὀδυνηρὰν
850 3594 1065 3665 ἐκείνην
1098 3595 1418 3666 πολιορκίαν
1443 3595 1755 3666 ὑπέστημεν

163 3687 529 3758 παραστῆσαι
551 3685 628 3757 τῷ
657 3685 819 3758 λόγῳ,
843 3687 919 3749 ὡς
948 3682 1222 3750 εἶναιτοῖς
1245 3688 1537 3756 μετέπειτα
1568 3687 1752 3742 νουθε-

164 3782 294 3845 σίας
328 3779 588 3832 ὑπόθεσιν
614 3778 708 3830 καὶ
737 3775 1003 3849 ἐναργοῦς
1022 3775 1374 3841 διδασκαλίας
1406 3777 1750 3849 παραίνεσιν.

174 3875 267 3928 Ἐν
309 3871 528 3934 τούτοις
565 3870 676 3942 γὰρ
709 3869 879 3923 ὄντων
913 3868 1070 3940 ἡμῶν
1128 3865 1232 3941 ἧκέ
1270 3887 1355 3934 τις
1412 3869 1756 3942 ταχυδρόμος

161 3962 409 4033 ἄγγελος
447 3960 554 4014 ἀπὸ
578 3960 672 4013 τοῦ
701 3958 1031 4029 κρατοῦντος
1061 3957 1129 4012 τά
1153 3957 1260 4012 τῶν
1303 3959 1589 4032 Ῥωμαίων
1623 3959 1756 4030 σκῆ-

161 4075 342 4130 πτρα,
382 4054 610 4116 Λέοντος
639 4050 730 4106 τοῦ
758 4050 1109 4121 φιλευσεϐοῦς
1141 4051 1390 4118 ἄνακτος,
1447 4051 1544 4123 τὴν
1568 4052 1755 4122 ἔφοδον

157 4153 278 4205 τῶν
310 4147 638 4219 Βαρϐάρων,
665 4144 809 4213 λέγω
832 4143 895 4212 δὴ
921 4142 1028 4196 τῶν
1055 4143 1386 4213 δυσωνύμων
1414 4143 1750 4215 Ἀγαρηνῶν,

161 4240 548 4315 καταμηνύων
595 4239 688 4292 καὶ
745 4237 820 4301 ὡς
850 4236 994 4308 τάχα
1045 4235 1386 4302 ὁπλίζεσθαι,
1436 4238 1754 4308 πρόσφυγάς

158 4357 322 4401 τινας
373 4335 471 4389 ἀπ’
527 4331 708 4386 αὐτῶν
740 4330 966 4384 ἐκείνων
1014 4330 1123 4383 τῶν
1179 4328 1478 4401 Βαρϐάρων
1531 4330 1753 4399 ἀφῖχθαι

157 4433 372 4500 λέγων,
395 4427 492 4480 καὶ
512 4424 609 4496 τὴν
639 4421 836 4494 βουλὴν
854 4419 1053 4486 αὐτῶν,
1075 4421 1198 4492 ἥτις
1229 4422 1367 4486 ἐστὶ,
1394 4423 1755 4493 προειπόντας

1851 1950 2117 2016 invenire,
2167 1951 2243 2005 ita
2273 1950 2534 2005 nimirum
2571 1958 2631 2004 ut
2669 1964 2856 2005 earum
2891 1965 3024 2005 casn
3060 1965 3311 2020 noxaque
3339 1966 3428 2005 res

1849 2052 2067 2098 nostras
2091 2044 2144 2096 in
2171 2049 2292 2097 tuto
2308 2043 2727 2097 collocaremus.
2759 2041 3242 2096 Verumenimvero
3295 2042 3428 2110 quia

1849 2133 1894 2187 is
1933 2133 2026 2202 qui
2056 2131 2220 2186 corda
2249 2138 2533 2186 scrutatur
2557 2131 2575 2203 (
2596 2130 2747 2185 Psal.
2779 2145 2878 2196 vn,
2913 2130 3011 2199 10)
3052 2129 3293 2184 animum
3324 2148 3423 2183 ιιυ⁴

1851 2234 2029 2279 strum
2064 2224 2214 2278 omni
2249 2223 2431 2279 studio
2460 2224 2668 2279 haerere
2703 2231 2931 2277 noverat
2976 2222 3074 2277 viae
3113 2237 3237 2293 quae
3274 2222 3428 2276 ducit

1851 2315 1919 2371 ad
1949 2317 2251 2382 interitum,
2283 2331 2410 2372 cum
2442 2315 2582 2370 nihil
2607 2316 2656 2371 ei
2683 2315 3007 2371 salutarium
3043 2314 3424 2369 mandatorum

1853 2409 2391 2480 castigationumque
2427 2409 2669 2473 deesset,
2716 2423 2953 2478 quorum
3003 2423 3171 2462 sensu
3224 2406 3293 2460 ad
3337 2421 3428 2461 so-

1852 2501 2145 2558 brietatem
2180 2502 2440 2558 reductus
2483 2503 2702 2558 animus
2732 2509 2943 2556 mutato
2995 2500 3249 2567 consilio,
3280 2500 3427 2571 quod

1853 2593 2143 2648 honestum
2176 2608 2241 2649 ac
2283 2593 2444 2648 ofﬁcii
2480 2601 2594 2659 est,
2648 2593 2938 2660 condiscit,
2995 2593 3172 2648 vitans
3223 2592 3429 2648 scelera

1853 2687 1926 2741 ob
1961 2700 2082 2756 quae
2112 2686 2190 2741 ira
2238 2687 2442 2757 ingruit
2492 2686 2547 2740 in
2586 2685 2744 2741 filios
2797 2683 3202 2750 inobedientia,
3254 2692 3316 2737 ut
3353 2681 3428 2737 ait

1848 2778 2148 2849 Apostolus
2209 2777 2448 2850 (Ephes.
2489 2794 2557 2841 v,
2616 2778 2711 2847 0),
2776 2777 3112 2846 decebatque
3163 2775 3427 2830 malitiam

1852 2870 1980 2926 elidi
2004 2885 2068 2926 ac
2095 2871 2323 2938 aboleri,
2362 2886 2431 2926 ne
2465 2871 2642 2940 majus
2685 2870 3079 2924 incrementum
3109 2867 3313 2922 faceret
3342 2877 3427 2920 at-

1853 2974 1960 3029 que
1993 2959 2117 3014 aliis
2150 2975 2347 3014 noxam
2380 2957 2631 3022 inferret,
2668 2958 2876 3013 idcirco
2901 2955 3235 3012 tremendam
3280 2954 3426 3010 illam

1855 3059 2022 3122 atque
2063 3050 2397 3106 horrendam
2430 3050 2649 3120 plagam
2695 3050 2856 3105 nobis
2907 3047 3126 3115 inﬂixit,
3171 3057 3231 3102 ut
3282 3044 3428 3117 quod

1777 3178 1820 3237 Ο
1857 3144 2087 3198 aliorum
2118 3142 2278 3197 malis
2301 3141 2606 3212 ιιι-ειυοηίιί
2633 3155 2739 3196 non
2762 3140 3150 3204 didiceramus,
3177 3139 3297 3208 ejus
3329 3152 3430 3194 nos

1856 3233 2001 3301 aliis,
2035 3241 2225 3288 nostro
2253 3231 2359 3302 ipsi
2391 3229 2668 3302 periculo,
2693 3228 2944 3298 exemplo
2973 3242 3219 3285 essemus
3249 3241 3314 3282 ac
3335 3227 3432 3282 do-

1855 3333 2132 3379 cumento.

1925 3413 2203 3484 50816.
2237 3413 2344 3470 Sed
2371 3413 2506 3484 quid
2532 3427 2754 3469 necesse
2808 3413 3114 3477 orationem
3162 3409 3381 3466 trahere
3409 3410 3431 3464 2

1855 3503 1975 3560 Jam
2013 3507 2158 3561 enim
2192 3517 2407 3577 tempus
2438 3515 2521 3562 est
2567 3508 2882 3562 necessaria
2936 3519 3120 3560 rerum
3152 3515 3432 3559 momenta

1857 3598 2099 3670 aggredi,
2132 3613 2196 3654 ac
2232 3598 2451 3653 modum
2490 3612 2602 3668 quo
2657 3596 2832 3652 diram
2888 3595 3036 3650 illam
3087 3595 3429 3651 obsidionem

1859 3690 2182 3760 pertulimus
2223 3704 2481 3746 sermone
2511 3689 2737 3755 referre,
2761 3704 2870 3760 quo
2895 3689 3109 3744 scilicet
3147 3687 3275 3741 inde
3325 3702 3432 3757 po-

1857 3782 2020 3837 steris
2051 3781 2445 3838 admonitionis
2485 3791 2866 3855 argumentum
2893 3795 2955 3835 ac
2989 3780 3128 3836 ratio
3160 3780 3432 3850 claraeque

1856 3872 2120 3928 doctrina:
2145 3871 2461 3927 adhortatio
2489 3873 2582 3929 sit.
2645 3870 2858 3927 Etenim
2913 3886 3040 3926 cum
3089 3885 3180 3926 res
3226 3877 3433 3924 nostrae

1858 3967 1935 4018 ita
1972 3965 2349 4031 sebaberent,
2399 3964 2548 4020 celer
2599 3963 2824 4034 quidam
2882 3978 3079 4019 cursor
3140 3961 3366 4016 nuntius
3399 3975 3428 4014 a

1857 4055 2056 4123 Leone,
2086 4056 2335 4126 piissimo
2359 4057 2692 4128 imperatore
2749 4063 2863 4110 tum
2927 4055 3144 4126 imperii
3195 4053 3427 4108 Romani

1857 4160 2072 4220 sceptra
2101 4148 2440 4215 moderante,
2466 4149 2616 4204 venit
2642 4165 2657 4204 :
2681 4148 3049 4203 Barbarorum
3081 4145 3427 4218 (inauspicati

1856 4243 2062 4300 scilicet
2090 4242 2324 4298 nominis
2346 4250 2508 4312 atque
2527 4241 2728 4297 ominis
2749 4241 3144 4311 Agarenorum)
3173 4237 3435 4307 irruptio-

1858 4350 1977 4390 nem
2008 4333 2361 4399 denuntians,
2404 4334 2472 4388 ad
2496 4347 2647 4387 arma
2697 4333 2884 4389 statim
2915 4330 3212 4387 convolare
3251 4330 3430 4400 jubet.

1859 4428 2088 4483 Venisse
2119 4426 2381 4497 profugos
2413 4426 2682 4496 quosdam
2711 4441 2777 4480 ex
2829 4424 2964 4494 ipsis
3010 4422 3291 4487 Barbaris,
3332 4412 3433 4476 eo-

157 4524 242 4594 τῷ
283 4518 528 4592 βασιλεῖ,
551 4515 646 4568 καὶ
682 4514 766 4567 ὅτι
796 4514 977 4593 πᾶσαν
1004 4510 1104 4581 τὴν
1133 4512 1310 4582 ὁρμὴν
1355 4512 1449 4565 ἐπὶ
1477 4512 1632 4581 τήνδε
1658 4529 1751 4564 πε..

1862 4534 2090 4590 rumque
2120 4519 2339 4574 consilii
2388 4517 2776 4588 imperatorem
2839 4514 3284 4585 praemonuisse:
3331 4511 3436 4566 ini-

156 4586 457 4683 ποίηνται,
485 4606 590 4660 ὑπὸ
623 4603 830 4659 πολλῶν
866 4586 967 4674 ἠδη
987 4603 1096 4655 τῶν
1125 4603 1216 4655 ὑπ’
1235 4602 1414 4656 αὐτῶν
1447 4620 1755 4674 προχειρω-

155 4708 383 4762 Θὲντων
442 4697 832 4771 βεϐαιωθέντες
881 4695 958 4759 ὡς
1008 4694 1314 4766 άτείχιστός
1365 4695 1513 4748 ἐστιν
1559 4696 1624 4747 ἐκ
1658 4695 1751 4748 τοῦ

154 4797 310 4869 πρὸς
339 4793 624 4848 θάλασσαν
648 4788 850 4860 μέρους
865 4787 961 4840 καὶ⁵
983 4789 1104 4847 ταῖς
1121 4785 1228 4839 ἀπὸ
1248 4785 1356 4838 τῶν
1382 4785 1525 4857 νηῶν
1553 4787 1754 4858 μάχαις

153 4886 612 4960 εὐεπιχείρητος.
646 4872 862 4954 Ταύτης
880 4880 972 4935 οῦν
1004 4879 1365 4951 ἀγγελθείσης
1387 4881 1485 4951 τῆς
1511 4883 1754 4951 πονηρᾶς

156 4979 466 5050 ἀγγελίας,
501 4973 665 5046 θροῦς
697 4975 797 5045 μὲν
825 4973 1042 5041 ἐγένετο
1086 4971 1230 5024 κατὰ
1260 4973 1444 5024 πᾶσαν
1467 4971 1565 5042 τὴν
1600 4971 1754 5025 πόλιν

154 5072 265 5127 καὶ
297 5068 472 5139 φόϐος
505 5067 604 5119 καὶ
631 5065 892 5135 τάραχος,
944 5061 1249 5133 ἀσυνήθους
1284 5061 1609 5132 πράγματος
1661 5061 1756 5116 καί

157 5159 422 5234 φοϐεροῦ
445 5159 566 5222 ταῖς
587 5158 780 5220 ἀκοαῖς
810 5155 967 5226 ἡμῶν
1003 5155 1060 5209 ἐν
1099 5155 1297 5225 ἀρχαῖς
1331 5154 1753 5224 προσπεσόντος,

156 5250 631 5322 ἐϐουλευσάμεθα
652 5249 730 5315 δὲ,
754 5247 922 5320 οῖμοιί
946 5247 1044 5318 τὴν
1065 5247 1269 5301 οἰκείαν
1296 5247 1756 5318 περιποιήσασθαι

156 5346 486 5420 σωτηρίαν,
517 5346 615 5397 καὶ
647 5344 748 5396 ὃσα
776 5341 913 5413 πρὸς
959 5340 1058 5410 τὴν
1097 5340 1205 5393 τῶν
1237 5339 1494 5394 ἐναντίων
1542 5340 1758 5409 ἄμυναν

153 5439 558 5513 καταρτίζειν,
594 5437 690 5490 καὶ
736 5435 874 5507 πρὸς
902 5433 992 5487 τὸν
1021 5432 1145 5487 κατ’
1185 5431 1365 5485 αὐτῶν
1406 5432 1640 5501 πόλεμον
1675 5432 1756 5485 δι-

149 5533 517 5608 εγείρεσθαι.
577 5527 725 5600 Πλὴν
779 5527 984 5597 ἔκαμνε
1021 5524 1121 5596 μὲν
1166 5524 1194 5577 ὁ
1237 5524 1495 5595 λογισμὸς
1523 5524 1757 5578 ἑκάστου

152 5635 260 5685 καὶ
298 5629 432 5688 ταῖς
467 5623 654 5686 ἀλλαις
688 5619 982 5693 μερίμναις
1041 5616 1140 5688 τῆς
1169 5616 1429 5687 ἀπειρίας
1463 5613 1558 5669 τοῦ
1588 5615 1757 5685 μάχε-

1864 4620 2046 4683 petum
2098 4625 2315 4665 omnem
2351 4624 2544 4664 versus
2596 4607 3051 4663 Thessalonicam
3083 4614 3316 4670 vertere,
3367 4618 3430 4657 ea

1862 4705 2071 4760 scilicet
2108 4704 2343 4767 ratione,
2373 4700 2521 4770 quod
2550 4716 2613 4755 ex
2653 4699 2900 4770 pluribus
2929 4698 3040 4768 jam
3074 4697 3142 4750 ab
3179 4696 3261 4752 eis
3291 4696 3431 4749 bello

1864 4795 2040 4866 captis
2070 4809 2134 4848 ac
2185 4792 2495 4864 subjugatis
2547 4800 2698 4848 certo
2759 4789 3078 4854 didicerint,
3121 4803 3224 4858 qua
3281 4796 3432 4858 parte

1861 4889 2088 4957 respicit
2120 4901 2290 4952 mare,
2328 4885 2497 4940 nullis
2535 4901 2657 4940 eam
2708 4883 2854 4954 cingi
2922 4882 3195 4936 moenibus
3257 4894 3432 4950 exque

1862 4983 2096 5037 navibus
2145 4986 2399 5034 conserta
2451 4991 2633 5048 pugna
2683 4975 2844 5030 facile
2902 4972 3202 5042 expugnari
3250 4984 3428 5040 posse.

1864 5073 2003 5127 Malo
2055 5073 2159 5126 hoc
2209 5071 2378 5140 igitur
2436 5071 2601 5124 allato
2645 5067 2839 5121 nuntio
2887 5079 2982 5134 per
3020 5072 3188 5117 totam
3238 5060 3429 5114 urbem

1864 5178 2052 5219 rumor
2086 5162 2317 5226 diditur,
2354 5163 2626 5231 timorque
2659 5174 2724 5215 ac
2751 5157 3010 5213 titubatio
3040 5169 3232 5209 omnes
3262 5166 3430 5207 occu-

1867 5264 1976 5326 pat,
2000 5255 2213 5310 insueta
2247 5255 2407 5324 plane
2441 5269 2500 5308 re
2536 5260 2701 5323 atque
2737 5247 3020 5305 tremenda
3052 5253 3166 5299 tum
3192 5243 3428 5314 primum

1865 5348 2069 5404 nostris
2135 5348 2361 5403 auribus
2423 5347 2638 5416 illapsa.
2693 5343 2771 5398 Eo
2820 5341 2980 5395 nobis
3028 5335 3238 5408 (heu!)
3271 5348 3430 5390 versa

1865 5439 2117 5505 consilia,
2151 5447 2210 5492 ut
2258 5438 2491 5494 salutem
2546 5442 2791 5490 nostram
2840 5439 3170 5493 tutarentur,
3216 5441 3279 5481 ac
3308 5438 3432 5495 quae

1865 5528 2100 5582 arcendo
2133 5530 2320 5584 hostes
2353 5537 2540 5584 essent
2571 5525 2754 5581 omnia
2791 5535 3133 5593 pararemus,
3162 5525 3328 5588 atque
3363 5515 3431 5571 ad

1865 5620 2065 5674 bellum
2107 5621 2491 5678 sustinendum
2545 5616 2745 5673 animis
2792 5614 3176 5670 escitammur.
3226 5606 3430 5662 Verum

1446 5705 1681 5763 VARUE
1714 5709 2115 5769 LECTIONES.

225 5813 280 5846 ”
307 5806 534 5870 πάντας
556 5805 578 5858 ?
652 5803 697 5837 ³⁵
717 5803 896 5872 λιγειν
923 5801 948 5854 ῖ
1036 5801 1082 5836 ⁸⁸
1099 5798 1239 5857 οἶδεν
1269 5799 1380 5858 AP.
1456 5801 1503 5834 "
1527 5800 1824 5875 μηδεμίαν]
1847 5804 1942 5858 καὶ
1964 5804 2277 5877 μηδεμίανῖ
