4154 6450
735 367 842 430 547

1972 362 2313 424 JOANNES
2338 358 2776 421 CAMENIATA

3911 346 4019 409 548

737 483 1060 538 concidebat
1117 481 1388 553 cujusque
1428 481 1670 544 animus,
1721 494 1843 534 cum
1888 479 2013 534 aliis
2055 478 2323 550 disjecttts

2451 474 2572 537 rOat,
2608 475 2774 543 μήπω
2801 469 2895 524 τοῦ
2921 469 3248 541 πράγματος
3297 465 3373 519 ὢν
3402 467 3459 518 ἐν
3492 465 3678 535 πείρα,
3712 461 3832 533 μηδ’

739 577 910 638 curis,
939 575 1085 645 quod
1118 576 1257 630 bello
1315 575 1589 644 inexperti
1643 587 1866 628 eramus
1924 572 2189 641 nulloque
2243 571 2321 626 rei

741 684 865 732 usu,
898 683 997 724 nec
1029 679 1086 723 ιιι
1116 669 1232 738 ipsa
1264 667 1386 736 ejus
1415 667 1662 721 ducenda
1695 665 1918 720 exordia
1951 679 2322 730 noveramus;

741 771 853 813 tum
886 775 1016 815 vero
1051 760 1224 829 magis
1270 761 1416 829 quod
1475 774 1668 812 murus
1717 759 1854 812 nihil
1905 757 2138 814 idoneus
2185 765 2324 821 erat,

739 863 852 918 quo
899 857 954 902 et
1018 847 1182 918 509
1241 849 1478 902 hostium
1534 848 1801 918 impetum
1847 847 2326 916 exspectabamus,

738 941 986 992 omnium
1031 940 1245 994 animos
1277 939 1666 1010 desperatione
1700 940 2009 1009 mergebat.
2067 940 2146 994 Ac
2194 953 2328 994 sane

741 1045 826 1084 res
862 1042 1118 1100 suspecta
1151 1041 1288 1091 erat,
1328 1047 1436 1086 non
1497 1035 1672 1086 solmn
1739 1031 1898 1085 nubis
1967 1032 2112 1085 bello
2175 1031 2326 1085 inex-

743 1124 912 1192 pertis
966 1140 1029 1178 ac
1090 1123 1420 1187 inermibus,
1477 1124 1569 1178 sed
1631 1132 1682 1176 et
1742 1124 1784 1178 si
1843 1125 1934 1193 qui
1999 1124 2114 1190 jam
2174 1139 2333 1178 exer-

741 1217 890 1270 citati
943 1217 1256 1272 istiusmodi
1316 1233 1498 1271 rerum
1590 1232 1788 1272 causas
1867 1219 2116 1288 apprime
2167 1217 2332 1272 calle—

744 1314 886 1360 rent.

823 1399 914 1451 17.
944 1396 1132 1467 Itaque
1163 1399 1213 1450 in
1245 1412 1365 1451 eam
1421 1398 1751 1452 sententiam
1805 1399 2025 1464 itimus,
2089 1401 2136 1454 si
2202 1398 2332 1468 quid

745 1498 895 1543 esset
926 1489 1289 1551 moliendum,
1326 1489 1378 1543 id
1401 1505 1524 1545 esse
1562 1491 1615 1544 in
1644 1492 1765 1560 ipso
1795 1507 1953 1546 muro
1997 1495 2331 1558 conandum,

742 1588 796 1634 et
823 1589 949 1634 ante
991 1583 1181 1634 omnia
1236 1581 1388 1636 illius
1451 1582 1739 1635 securitati
1773 1591 1827 1636 et
1862 1583 1915 1636 in
1943 1583 2140 1637 melius
2190 1584 2337 1638 refe—

743 1670 911 1725 ctioni
943 1670 1410 1740 prospiciendum.
1445 1669 1692 1742 Cogitata
1721 1687 1828 1726 non
1857 1672 2112 1727 laudabat
2141 1676 2234 1744 qui
2271 1675 2338 1728 ab

746 1764 1079 1832 imperatore
1111 1765 1365 1816 nuntium
1408 1763 1569 1819 nobis
1616 1765 1876 1820 attulerat
1917 1765 2191 1836 (Petrona:
2241 1783 2338 1822 no-

746 1866 870 1908 men
899 1854 1064 1924 erat),
1099 1857 1198 1908 vir.
1231 1855 1798 1925 protospathariorum
1860 1859 2136 1927 ascriptus
2180 1870 2334 1914 cata-
2362 1836 2410 1896 Β

748 1945 908 2016 logo;
943 1948 1028 2002 cui
1094 1955 1214 2001 erat
1271 1947 1588 2018 impositum
1659 1958 1718 2004 ut
1767 1949 2050 2015 paululum
2113 1949 2167 2006 in
2199 1951 2339 2007 urbe

743 2051 1186 2093 commoraretur
1231 2054 1502 2110 opemque
1551 2055 1708 2097 suam
1765 2042 2043 2098 conferret
2088 2051 2142 2097 et
2175 2043 2339 2100 rebus

746 2131 933 2185 tlehita
972 2131 1220 2186 subsidia
1262 2133 1732 2188 subministraret.
1765 2133 1814 2189 Is
1843 2134 1988 2190 aliud
2039 2136 2337 2206 sapientis-

744 2224 943 2277 simum
982 2225 1300 2290 consilium,
1343 2226 1546 2296 quippe
1577 2227 1733 2282 valde
1755 2227 1946 2282 emcax
1980 2244 2044 2284 ac
2075 2217 2336 2294 salutare,

751 2331 813 2371 se
852 2316 1129 2372 invenisse
1155 2318 1360 2383 aiebat,
1396 2319 1503 2374 nisi
1537 2319 1669 2374 illud
1709 2335 1926 2391 quoque
1986 2323 2194 2378 seelera
2245 2341 2341 2379 no-

747 2417 862 2463 stra
891 2410 1273 2477 dissipassent,
1338 2425 1461 2481 quae
1509 2422 1702 2468 nostro
1753 2414 1968 2469 excidio
2026 2417 2344 2472 sternebant

748 2503 913 2556 viam.
947 2501 1195 2573 Namque
1232 2519 1360 2557 eum
1393 2505 1519 2560 aliis
1551 2506 1635 2576 vir
1672 2506 1786 2572 ille,
1834 2507 1929 2562 sed
1968 2509 2204 2565 maxime
2252 2526 2342 2566 re-

752 2610 873 2648 rum
906 2595 1244 2664 experientia
1275 2602 1582 2665 praestaret,
1629 2598 1772 2652 intra
1809 2613 1868 2653 se
1902 2599 2082 2669 ipsum
2139 2603 2345 2655 exami-

751 2701 908 2747 nans,
948 2688 993 2740 si
1046 2685 1099 2740 in
1136 2688 1499 2743 exstruendis
1550 2689 1722 2744 muris
1785 2704 1918 2744 cura
1971 2691 2341 2754 adhiberetur,

756 2779 992 2833 maxima
1031 2780 1154 2834 urbi
1189 2779 1446 2835 adfutura
1479 2781 1849 2849 incommoda,
1881 2792 1935 2837 et
1967 2785 2142 2839 nihilo
2176 2786 2347 2856 magis

754 2870 821 2924 iis
847 2886 905 2926 se
941 2871 1324 2941 profecturum
1355 2873 1448 2943 qui
1479 2881 1608 2927 ante
1642 2874 1821 2943 ipsum
1861 2875 2047 2930 simile
2084 2889 2222 2945 opus
2250 2891 2346 2946 ag-

753 2965 926 3033 gressi
957 2971 1168 3030 essent,
1197 2964 1263 3019 ad
1293 2964 1441 3019 aliud
1475 2966 1795 3020 securitatis
1846 2981 2022 3036 genus
2075 2966 2166 3036 (et
2217 2975 2343 3020 nota

754 3068 920 3123 quam
947 3063 1131 3122 aptum
1165 3067 1230 3108 ac
1261 3053 1777 3124 peropportunum)
1811 3056 2054 3110 animum
2089 3057 2341 3112 advertit.

2427 567 2525 637 τὴν
2551 563 2725 636 ἀρχὴν
2749 563 3018 635 λαμϐάνει
3071 559 3454 627 δεδιδαγμένος
3477 575 3490 588 ·
3537 557 3702 610 πλέον
3747 555 3804 610 δέ
3841 554 3908 608 τὸ
3939 552 4018 624 μὴ

2429 657 2736 727 ἐπιτήδειον
2761 651 2902 708 εἶναι
2932 655 2992 707 τὺ
3015 653 3062 685 ⁸⁸
3091 656 3271 722 τεῖχος
3297 650 3427 705 ἔνθα
3455 651 3550 703 καὶ
3577 649 3676 720 τὴν
3705 646 4022 717 προσϐολὴν

2428 745 2792 817 ἐσκοποῦμεν,
2828 745 2927 809 τὰς
2988 745 3247 799 ἁπάντων
3284 744 3464 814 ψυχὰς
3515 739 3842 803 κατεϐύθιζε
3867 754 3884 769 ο
3922 739 4023 790 καὶ

2428 839 2538 909 γὰρ
2562 833 2630 911 ἦν
2655 838 2729 902 ὡς
2750 835 2967 907 ἀληθῶς
2992 837 3258 899 ὕποπτον,
3289 837 3351 889 ού
3385 837 3546 908 μόνον
3569 838 3683 898 τοῖς
3713 836 4023 904 ἀπειροπο-

2428 931 2616 1002 λέμοις
2643 931 2735 986 καὶ
2762 930 2992 995 ἀόπλοις
3010 933 3163 1000 ἡμῖν,
3197 931 3430 1001 eum
3460 931 3555 983 καὶ
3573 929 3756 991 αὐτοῖς
3780 928 3895 988 τοῖς
3929 941 4027 991 γεο

2433 1028 2844 1096 γυμνασμένοις
2870 1025 2964 1078 καὶ
3001 1025 3476 1095 προαποκειμένας
3504 1024 3683 1094 ἔχουσι
3712 1023 3755 1055 ⁸³
3776 1021 3872 1082 τάς
3913 1018 4026 1072 τῶν

2430 1119 2692 1173 τοιούτων
2725 1121 3074 1190 πραγμάτων
3107 1119 3309 1180 αἰτίας.

2512 1383 2596 1449 ιζ’.
2647 1383 3127 1454 Ἑϐουλευσάμεθα
3155 1383 3201 1436 δ’
3239 1378 3355 1447 οὗν,
3393 1384 3446 1436 εί
3485 1399 3539 1436 τι
3567 1383 3660 1437 καὶ
3701 1381 3811 1436 δέοι
3841 1383 4033 1452 πράτ-

2435 1498 2572 1542 τειν,
2598 1482 2654 1533 ἐν
2672 1481 2822 1548 αύτῷ
2851 1479 3112 1550 πράττειν
3137 1478 3216 1550 τῷ
3241 1478 3415 1550 τείχει
3435 1479 3528 1533 καὶ
3551 1476 3778 1550 πρώτης
3804 1475 4033 1546 ιχεσθαι

2438 1575 2538 1642 τῆς
2563 1573 2728 1628 αὑτοῦ
2753 1571 3058 1641 ἀσφαλείας
3083 1571 3178 1624 καὶ
3207 1570 3346 1641 πρὸς
3368 1571 3431 1624 τὸ
3449 1573 3701 1641 κρεῖττον
3725 1570 4035 1640 μεταποιὴ-

2442 1683 2601 1728 σεως.
2637 1665 2712 1718 Ού
2755 1662 3110 1718 συνεϐούλευε
3144 1662 3188 1716 δ’
3223 1665 3356 1734 ἡμῖν
3386 1662 3546 1718 τοῦτο
3575 1663 3714 1726 τέως
3759 1663 3788 1715 6
3816 1659 4034 1730 ταύτην

2440 1761 2576 1828 ἡμῖν
2605 1757 2704 1828 τὴν
2737 1758 3000 1827 ἀγγελίαν
3024 1758 3162 1829 πρὸς
3192 1757 3286 1812 τοῦ
3335 1757 3602 1828 βασιλέως
3634 1755 3872 1827 κομίσας
3897 1755 4031 1824 (Πε-

2439 1852 2650 1921 τρωνᾶς
2679 1850 2736 1905 δέ
2767 1843 2923 1914 οὕτος
2954 1851 3225 1917 ἐκαλεῖτο,
3260 1848 3337 1922 τῷ
3369 1849 3656 1920 καταλόγῳ
3681 1848 3788 1903 τῶν
3813 1865 4037 1918 πρωτο-

2441 1943 2762 2014 σπαθαρίων
2818 1943 3309 2015 ἐναριθμούμενος,
3367 1943 3427 2008 ὃς
3458 1938 3526 2014 ἦν
3557 1941 4036 2013 ἐπιτετραμμένος

2440 2035 2756 2106 ἐγχρονίσαι
2789 2036 2988 2107 μικρὸν
3011 2039 3077 2106 τῇ
3109 2037 3262 2090 πόλει
3296 2037 3390 2090 καί
3423 2053 3570 2100 τινος
3593 2037 3731 2106 αὐτῇ
3768 2032 4040 2106 μεταδοῦ-

2441 2145 2527 2181 ναι
2559 2127 2814 2199 βοηθείας
2840 2131 2936 2183 καὶ
2964 2129 3194 2198 δεούσης
3221 2131 3280 2183 ἐν
3329 2133 3440 2193 τοῖς
3481 2129 3772 2199 πράγμασι
3833 2143 4038 2197 συνερ-

2443 2220 2640 2290 γείας),
2668 2219 2836 2292 ἄλλην
2864 2220 2920 2275 δέ
2943 2221 3266 2292 σοφωτάτην
3291 2220 3475 2290 ἔλεγεν
3501 2219 3742 2291 ἐξευρεῖν
3764 2218 4038 2277 ἐπίνοιαν.

2442 2311 2518 2373 ὼς
2551 2311 2671 2365 λίαν
2719 2311 2918 2383 ἐνεργῆ
2966 2311 3062 2366 καὶ
3100 2311 3390 2383 σωτήριον,
3427 2311 3476 2364 εί
3510 2309 3585 2382 μὴ
3608 2309 3703 2364 καὶ
3737 2307 3949 2377 ταύτης
3980 2306 4040 2359 al

2445 2404 2900 2477 προοδοποιοῦσαι
2928 2405 3028 2474 τὴν
3077 2404 3202 2458 καθ’
3236 2403 3398 2474 ἡμῶν
3446 2402 3726 2456 ἀπώλειαν
3759 2401 4039 2471 ἁμαρτίαι

2445 2498 2729 2570 ἀναίρεσιν
2779 2497 3185 2553 καθυπέϐαλον.
3227 2495 3546 2566 Ἐλλόγιμος
3578 2493 3688 2565 γὰρ
3709 2493 3786 2548 ὢν
3816 2495 3845 2547 ό
3896 2492 4042 2561 ἀνὴρ

2447 2592 2542 2644 καὶ
2566 2590 2768 2661 πολλὴν
2799 2590 3144 2662 πραγμάτων
3169 2588 3421 2660 ἐσχηκὼς
3445 2591 3662 2660 πεῖραν,
3694 2586 3816 2642 καθ’
3842 2587 4044 2640 ἑαυτὸν

2450 2682 2680 2737 συνιδὼν
2711 2683 2787 2746 ὡς
2817 2685 2866 2737 εί
2893 2683 3110 2753 θελήσοι
3140 2681 3224 2755 [Ρ.
3252 2680 3379 2754 531]
3403 2681 3496 2736 τοῦ
3517 2681 3732 2752 τείχους
3764 2681 3868 2750 τῆς
3894 2681 4048 2733 οίκο-

2446 2777 2619 2846 δομῆς
2667 2775 3094 2847 ἐπιμεληθῆναι,
3128 2777 3224 2830 καὶ
3281 2775 3484 2838 κόπους
3516 2775 3742 2846 παρέξει
3787 2774 3856 2844 τῇ
3886 2771 4047 2826 πόλει

2450 2867 2543 2920 καὶ
2575 2867 2736 2920 πλέον
2755 2866 2907 2921 οὐδὲν
2933 2866 3045 2921 τῶν
3081 2866 3186 2937 πρὸ
3233 2865 3400 2922 αὑτοῦ
3444 2866 3575 2936 περὶ
3599 2865 3791 2918 τούτου
3820 2879 4047 2934 φροντιο

2453 2960 2665 3014 σάντων
2715 2960 2988 3030 ὀνήσειεν,
3045 2959 3347 3029 ἐφ’ἐτερον
3385 2955 3526 3021 εἶδος
3573 2958 3876 3027 ἀσφαλείας
3915 2956 4048 3028 (καὶ

2453 3053 2646 3106 σκόπει
2694 3052 2812 3116 πῶς
2843 3051 3042 3120 εὐφυὲς
3093 3052 3185 3105 καὶ
3217 3049 3498 3124 ἁρμόδιον)
3525 3051 3618 3104 τὸν
3640 3049 3767 3104 νοῦν
3795 3051 4047 3120 μετηγᾶ-

754 3144 1153 3200 Considerabat
1195 3145 1364 3210 enim,
1397 3161 1522 3201 cum
1578 3161 1706 3218 pars
1741 3148 1894 3204 urbis
1942 3159 2074 3202 noto
2120 3149 2345 3204 adversa

2451 3163 2598 3213 γετο.
2626 3144 2797 3209 Εἰδὼς
2816 3145 2926 3215 γὰρ
2945 3144 3020 3207 ὡς
3044 3145 3192 3198 άπαν
3222 3142 3613 3215 περικλύζεται
3638 3141 3701 3196 τδ
3729 3141 3874 3196 κατὰ
3895 3140 4050 3194 νότον

757 3239 986 3294 marinis
1017 3239 1179 3309 aquis
1206 3248 1316 3294 tota
1348 3240 1828 3307 circumlueretur,
1861 3241 1908 3297 si
1954 3241 2081 3296 inde
2123 3241 2348 3297 Barbari

757 3344 907 3385 arma
938 3332 1257 3398 movissent,
1286 3333 1550 3402 quidquid
1577 3333 1914 3398 libuisset,in
1940 3349 2000 3390 ea
2034 3333 2192 3390 facile
2219 3334 2350 3388 elTe-

758 3435 966 3490 cturos,
1025 3437 1148 3478 cum
1205 3439 1364 3481 nemo
1424 3427 1666 3495 ipsorum
1723 3428 1976 3483 ascensui
2048 3429 2102 3481 in
2165 3441 2352 3483 muros

760 3517 778 3585 (
806 3516 958 3586 ipsos
1015 3515 1250 3572 humiles
1279 3531 1344 3572 ac
1378 3524 1538 3573 terra:
1572 3519 1902 3590 contiguos)
1955 3518 2353 3586 impedimento

760 3610 924 3681 διο
949 3626 1073 3666 esse
1105 3619 1292 3678 posset
1320 3627 1334 3664 :
1381 3626 1507 3663 nam
1535 3610 1758 3665 navium
1794 3611 1993 3682 puppis
2029 3612 2104 3665 ita
2131 3609 2345 3666 emine-

760 3701 873 3766 bat,
909 3711 966 3755 ut
1007 3718 1069 3757 ex
1101 3716 1163 3755 ea
1214 3710 1475 3772 tanquam
1511 3716 1578 3757 ex
1615 3703 1738 3758 loco
1782 3703 2061 3774 superiori
2114 3705 2168 3759 in
2226 3717 2354 3775 pro-

762 3796 1088 3866 pugnaculis
1118 3796 1480 3851 immorantes
1510 3795 1755 3852 hostium
1781 3794 1982 3865 jaeulis
2010 3796 2236 3851 obnoxii
2259 3811 2353 3853 es-

760 3897 903 3944 sent.
978 3888 1183 3942 Statuit
1222 3889 1406 3961 .igitur
1458 3904 1712 3959 aggerem
1771 3889 2064 3959 quemdam
2129 3897 2356 3959 arteque

763 3981 1045 4036 lactitatas
1069 3979 1306 4037 insidias
1338 3982 1393 4036 in
1432 3983 1591 4052 aquis
1646 3982 1781 4052 ipsis
1817 3983 2118 4048 occultare,
2152 3982 2357 4053 quibus

763 4075 1036 4130 securitas
1067 4074 1189 4128 urbi
1217 4074 1493 4146 simulque
1525 4075 1781 4130 hostibus
1812 4075 2159 4130 obstaculum
2195 4074 2354 4130 foret.

763 4165 933 4221 Erant
963 4181 1199 4237 namque
1239 4168 1294 4221 itt
1329 4175 1504 4222 tractu
1535 4167 1689 4222 urbis
1727 4165 1794 4220 ad
1833 4165 2110 4222 Orientem
2156 4183 2221 4222 ac
2259 4165 2358 4222 Oc-

763 4261 1034 4316 cidentem
1067 4271 1328 4333 vergente
1368 4261 1609 4333 plurima
1643 4276 1708 4315 ex
1743 4276 1852 4317 uno
1881 4261 2060 4332 lapide
2094 4270 2356 4316 excavata

764 4352 1044 4424 sepulcra,
1102 4354 1304 4424 quibus
1351 4355 1656 4424 antiquitus
1704 4355 1953 4425 gentiles,
1995 4355 2090 4424 qui
2121 4369 2242 4409 eam
2271 4353 2358 4433 in-

764 4447 1168 4511 habitaverant,
1201 4462 1332 4502 suos
1371 4458 1617 4503 mortuos
1649 4446 1984 4503 condebant.
2018 4447 2143 4503 Haec
2168 4447 2258 4504 ille
2287 4448 2340 4503 in

2458 3242 2622 3312 μέρος
2649 3242 2749 3310 τῆς
2783 3242 2995 3304 πόλεως
3046 3240 3154 3294 ὑπὸ
3185 3241 3234 3274 ’⁸
3275 3241 3388 3295 τῶν
3444 3241 3758 3295 θαλασσίων
3810 3241 4051 3305 ὑδάτων,

2455 3333 2666 3388 ἐκεῖθεν
2697 3335 2752 3388 δὲ
2777 3333 3218 3406 προσπίπτοντος
3240 3333 3334 3388 τοῦ
3363 3333 3603 3405 πολέμου
3631 3333 3875 3407 εὐχερῶς
3905 3335 4052 3404 ἔχειν

2455 3429 2580 3491 τοὺς
2609 3427 2929 3498 Βαρδὰρους
2956 3429 3065 3482 πᾶν
3087 3427 3266 3482 ὁτιοῦν
3297 3427 3556 3499 βούλοιντ’
3577 3427 3642 3482 ἂν
3664 3431 3721 3481 ἐν
3751 3427 3906 3497 αὑτῷ
3935 3428 4054 3482 δια-

2459 3519 2796 3590 πράξασθαι,
2832 3519 3063 3591 μηδενὸς
3087 3519 3394 3584 κωλύοντος
3433 3519 3631 3584 αὐτούς
3661 3520 3926 3592 ὑπεράνω
3949 3520 4055 3591 τῆς

2459 3611 2751 3683 οἰκοδομῆς
2814 3609 3071 3681 γενέσθαι
3103 3612 3200 3666 τοῦ
3261 3613 3478 3684 τείχους
3509 3614 3598 3668 διὰ
3645 3613 3707 3666 τὸ
3755 3614 4054 3686 πρόσγειον

2459 3702 2552 3756 καὶ
2574 3702 3006 3773 χθαμαλώτατον
3035 3705 3078 3736 ⁹¹
3108 3698 3250 3758 εῖναι
3273 3705 3372 3770 τάς
3398 3722 3459 3759 τε
3490 3705 3620 3775 νῆας
3653 3705 3857 3774 μᾶλλον
3882 3707 4058 3778 ὕπερ-

2458 3793 2671 3864 ανέχειν
2736 3793 2800 3846 ἐκ
2855 3793 2950 3847 τοῦ
2988 3795 3129 3850 κατὰ
3191 3795 3449 3866 πρύμναν
3505 3795 3728 3867 μέρους,
3789 3796 3890 3849 καὶ
3943 3797 4058 3850 ἀπὸ

2462 3885 2740 3960 μετεώρου
2803 3885 3063 3943 δύνασθαι
3112 3889 3239 3952 τοὺς
3291 3889 3350 3941 ἐν
3382 3890 3504 3952 ταῖς
3557 3889 3852 3956 ἐπάλξεσιν
3891 3890 4058 3954 δντας

2461 3981 2950 4050 κατατιτρώσκειν,
2985 3981 3345 4035 ἐϐουλεύσατο
3373 3983 3628 4054 φραγμόν
3658 4000 3784 4036 τινα
3829 3981 3927 4036 καὶ
3964 4001 4059 4037 τε·

2459 4071 2805 4143 τεχνημένην
2841 4073 3062 4145 ἐνέδραν
3089 4074 3146 4126 ἐν
3169 4076 3353 4137 αὐτοῖς
3379 4075 3652 4146 ἐγκρύψαι
3681 4057 3799 4140 τοῗς
3837 4075 4058 4142 ὕδασιν,

2467 4166 2542 4228 ὡς
2576 4165 2643 4219 ἂν
2673 4165 2767 4218 καὶ
2797 4167 2861 4235 τῇ
2894 4165 3045 4219 πόλει
3073 4166 3133 4219 τὸ
3161 4167 3402 4236 ἀσφαλὲς
3434 4169 3529 4221 καὶ
3557 4171 3671 4232 τοῖς
3701 4169 3922 4241 ἐχθροῖς
3953 4173 4060 4243 ἐμ-

2463 4259 2648 4311 πόδιον
2670 4259 2791 4311 κατ’
2818 4257 2950 4311 αὐτὸ
2977 4259 3224 4330 γένηται.
3266 4259 3459 4313 Πολλοὶ
3485 4262 3593 4330 γὰρ
3620 4256 3764 4333 ἦσαν
3795 4265 3861 4316 ἐκ
3897 4283 4060 4334 μονο-

2460 4348 2613 4404 λίθου
2641 4351 3013 4421 γεγλυμμένοι
3034 4351 3234 4421 τύμϐοι
3270 4353 3409 4407 κατά
3446 4371 3505 4406 τε
3527 4355 3588 4406 τὸ
3626 4355 3764 4424 πρὸς
3786 4355 4062 4428 ἀνατολὴν

2465 4447 2562 4499 καὶ
2583 4444 2736 4498 δύσιν
2767 4446 2932 4517 μέρος
2977 4445 3077 4515 τῆς
3109 4445 3338 4511 πόλεως,
3364 4447 3420 4500 ἐν
3444 4440 3525 4511 οἷς
3562 4447 3730 4500 πάλαι
3769 4448 3904 4512 τοὺς
3934 4451 4062 4503 ἐαυ-

772 4552 940 4592 tmutn
977 4538 1317 4602 convehens,
1353 4553 1417 4593 ac
1454 4539 1694 4594 mirabili
1722 4539 1958 4610 quodam
1982 4541 2237 4609 artillcio,
2260 4557 2347 4596 cu-

2463 4538 2572 4591 τῶν
2598 4539 2828 4607 νεκροὺς
2863 4539 2912 4592 οί
2935 4537 3094 4606 τήνδε
3124 4537 3505 4602 κατοικοῦντες
3534 4539 3895 4609 ἐνεταφίαξον
3932 4543 4064 4596 Ἐλ-

762 4628 852 4696 jus
885 4630 1000 4699 ipse
1038 4632 1189 4685 solus
1235 4632 1338 4686 sibi
1391 4640 1587 4687 auctor
1625 4634 1940 4701 exstiterat,
1989 4634 2044 4688 in
2077 4650 2228 4691 mare
2265 4634 2361 4691 de-

772 4737 1050 4792 mergens,
1086 4732 1141 4778 et
1175 4739 1445 4795 perparvo
1475 4725 1766 4780 intervallo
1807 4741 1838 4781 a
1888 4741 1948 4782 se
1983 4726 2238 4800 dissitos,
2280 4743 2364 4788 or-

767 4815 894 4869 dine
914 4825 1090 4870 tamen
1109 4815 1354 4888 digestos
1380 4819 1526 4873 inter
1548 4833 1730 4890 aquas
1747 4828 2064 4892 contegens,
2087 4822 2361 4876 marinum

766 4908 1044 4978 quoddam
1077 4925 1139 4964 ac
1167 4926 1305 4981 pene
1333 4912 1650 4969 inauditum
1685 4913 2116 4981 munimentum,
2143 4931 2210 4971 eo
2241 4915 2363 4987 ipso

766 5015 925 5055 muro
959 5002 1052 5071 qui
1089 5001 1156 5057 ad
1208 5004 1581 5061 continentem
1617 5005 1815 5062 altiore
1844 5015 2123 5064 structura
2156 5009 2366 5065 emine-

768 5095 859 5147 bat
885 5094 1118 5152 validius
1151 5109 1215 5151 ac
1246 5098 1525 5166 securius,
1566 5097 1869 5156 artiﬁciosa
1903 5116 2034 5157 vere
2073 5101 2364 5158 sedulitate

768 5185 1061 5242 condebat.
1102 5186 1168 5242 Et
1207 5188 1320 5259 jam
1349 5204 1513 5260 opere
1549 5191 1853 5264 praestitum
1889 5191 2104 5260 fuisset,
2143 5208 2362 5250 onmem

771 5279 896 5335 urbi
928 5283 1282 5337 securitatem
1313 5296 1610 5355 praestans,
1643 5301 1768 5341 cum
1798 5303 1908 5341 non
1933 5297 2162 5357 possent
2193 5303 2360 5344 nat-es

771 5375 1047 5444 appellere
1091 5389 1346 5447 noxaque
1382 5378 1575 5433 urbem
1608 5377 1846 5444 allicere,
1893 5380 1950 5434 ni
1999 5380 2102 5435 hoc
2139 5396 2361 5452 quoque

773 5476 998 5538 propter
1037 5477 1288 5526 nestram
1320 5471 1730 5545 improbitatem
1765 5474 2133 5546 interruptum
2179 5475 2232 5529 in
2276 5474 2360 5529 ni-

772 5559 945 5619 hilum
968 5560 1276 5622 recidisset.

2462 4632 2623 4702 ληνες
2642 4649 2655 4664 ο
2682 4632 2777 4697 οὒς
2803 4631 2898 4686 καὶ
2933 4633 3188 4700 συνάγων
3217 4632 3312 4686 καί
3345 4649 3451 4687 τινι
3496 4633 3786 4705 παραδόξῳ
3818 4635 4059 4708 μεθόδῳ,

2463 4726 2528 4797 ἢν
2555 4727 2717 4789 αὐτὸς
2753 4727 2914 4797 μόνος
2951 4725 3162 4798 ἐξεῦρε,
3192 4729 3258 4798 τῇ
3287 4725 3533 4798 θαλάσσῃ
3570 4725 3827 4797 βυθίζων,
3858 4731 3958 4782 καὶ
3989 4731 4063 4794 ὡς

2463 4820 2574 4874 ἀπὸ
2633 4819 2835 4892 μικροῦ
2888 4837 3039 4884 τινος
3096 4821 3471 4892 διαστήματος
3515 4822 3800 4893 στοιχηδὸν
3827 4823 4063 4888 τούτους

2463 4915 2577 4977 τοῖς
2605 4913 2793 4968 ὕδασιν
2815 4913 3172 4985 ὰποκρύϐων,
3196 4914 3490 4969 θαλάσσιόν
3505 4931 3558 4969 τι
3576 4916 3671 4970 καὶ
3698 4915 3854 4981 ξένον
3881 4917 3984 4990 έρύ
3993 4936 4065 4988 μα

2467 5007 2564 5062 καὶ
2590 5005 2683 5062 τοῦ
2720 5007 2856 5079 πρὸς
2885 5007 3018 5078 ὕψος
3045 5010 3110 5079 τῇ
3140 5008 3322 5079 χέρσῳ
3360 5007 3812 5080 προϐεϐλημένου
3843 5010 4064 5080 τείχους

2465 5100 2808 5172 ὀχυρώτερόν
2832 5116 2893 5153 τε
2917 5101 3011 5156 καὶ
3042 5101 3450 5173 ἀσφαλέστερον
3475 5103 3543 5172 τῇ
3565 5099 3797 5172 ἀληθείᾳ
3834 5119 4064 5157 atauu-

2466 5193 2718 5266 χνάζετο.
2751 5193 2862 5248 Kal
2882 5193 2947 5265 δὴ
2976 5193 3072 5247 καὶ
3098 5195 3177 5257 εἰς
3204 5193 3366 5266 ἔργον
3389 5195 3455 5248 ἂν
3480 5193 3644 5264 ἐξέϐη
3666 5195 3852 5247 πᾶσαν
3887 5195 4064 5262 ἀσφα-

2464 5287 2618 5341 λειαν
2671 5289 2738 5358 τῇ
2795 5285 2950 5339 πόλει
2986 5285 3472 5358 περιποιούμενον,
3523 5286 3600 5348 ὡς
3631 5285 3767 5356 μηδὲ
3797 5285 4063 5340 δύνασθαι

2467 5380 2569 5444 τὰς
2621 5381 2756 5452 νῆας
2805 5379 3106 5450 πλησιάσαι
3166 5380 3228 5432 τδ
3254 5379 3519 5452 παράπαν
3550 5379 3646 5433 καὶ
3693 5377 3797 5448 τῆς
3851 5378 4062 5432 tau-:th

2473 5472 2801 5545 μεταδοῦναι
2839 5471 3064 5542 βλάϐης,
3097 5473 3146 5525 εί
3179 5471 3255 5542 μὴ
3286 5472 3381 5524 καὶ
3410 5469 3572 5524 τοῦτο
3601 5469 3692 5524 διὰ
3721 5469 3826 5536 τὴν
3863 5471 4050 5542 μοχθη-

2475 5566 2600 5638 ρίαν
2639 5565 2798 5637 ήμῶν
2821 5563 3071 5635 ἐκωλύθη
3096 5565 3191 5618 καὶ
3219 5565 3300 5630 είς
3325 5565 3479 5619 οὐδὲν
3501 5563 3926 5636 προεχώρησεν.

2059 5700 2292 5757 VARUS
2333 5700 2738 5758 LECTIONES.

849 5837 895 5870 ⁸⁸
917 5837 976 5891 τὸ
992 5853 1102 5894 om.
1139 5838 1198 5894 Ρ.
1240 5841 1283 5876 ⁸⁹
1311 5843 1496 5906 αὐτοῖς
1524 5843 1990 5915 γεγυμνασμένας
2012 5841 2196 5914 ἔχουσι
2224 5840 2286 5900 Ρ.
2357 5844 2401 5879 ’⁸
2433 5841 2538 5897 ἀπὸ
2564 5840 2672 5898 ΑΡ.
2745 5845 2786 5876 ⁹¹
2811 5843 2902 5897 καὶ
2938 5841 3366 5913 χθαμαλώτατον
3398 5855 3508 5896 om.
3537 5837 3597 5894 Ρ.
