4154 6450
93 378 199 446 549

1165 377 1265 442 DE
1298 375 1612 442 EXCIDIO
1641 375 2255 445 THESSALONICE.

3265 383 3371 450 διο

161 491 257 567 ιη’.
290 491 435 566 Ἤδη
465 490 572 566 γὰρ
606 490 734 565 περὶ
759 489 824 547 vi
856 489 995 566 μέσα
1048 507 1151 549 που
1177 491 1271 550 τοῦ
1321 491 1674 560 κινδυνώδους

1857 493 1944 556 l8.
1977 494 2112 554 Cum
2137 496 2282 555 enim
2317 509 2486 572 prope
2512 496 2630 572 jam
2664 498 2808 558 circa
2852 499 3091 560 medium
3127 501 3235 560 loci
3267 517 3370 578 pe-

90 588 258 645 τόπου
281 584 629 659 πεφθακότος
666 582 759 644 τοῦ
789 584 1034 642 τοιούτου
1055 585 1365 644 διαποντίου
1399 586 1677 662 φραγμοῦ,

89 681 184 737 καὶ
224 680 413 737 πᾶσαν
470 676 628 752 ἡμῶν
661 677 919 736 ὑπόνοιαν
971 675 1233 751 ιπίφοδον
1283 678 1379 736 καὶ
1435 678 1682 754 πονηρὰν

90 771 517 842 ὑποτέμνοντος,
542 768 692 824 rma
737 785 822 835 τις
849 769 1060 842 ιτερος,
1085 769 1180 824 καὶ
1208 768 1372 835 αὑτδς
1401 769 1538 842 πρὸς
1582 767 1679 825 τοῦ

90 861 366 935 βασιλέως
390 861 686 933 πεμφθεὶς,
704 860 796 916 τὸν
824 861 906 926 είς
953 859 1114 916 τοῦτο
1140 861 1460 933 πεμφθέντα
1498 864 1545 898 ⁸⁸
1574 863 1680 919 Πε-

87 952 309 1021 τρωνᾶν
363 951 671 1015 σπουδαίως
713 951 1212 1023 μεταπεμπόμενος
1260 935 1357 1007 καὶ
1386 951 1483 1026 τὴν
1515 971 1680 1028 φρον-

85 1043 204 1097 τίδα
235 1045 427 1097 πᾶσαν
447 1043 546 1113 τῆς
581 1043 792 1106 πόλεως
823 1045 903 1108 είς
928 1044 1124 1098 ἑαυτὸν
1153 1045 1486 1116 μετατιθείς.
1523 1047 1680 1101 Λέων

85 1134 141 1187 δὲ
172 1129 337 1198 οὗτος
368 1131 636 1200 εκαλεῐτο,
675 1135 858 1207 πάσης
880 1135 982 1206 τῆς
1025 1135 1341 1207 περιχώρου
1395 1155 1678 1209 προχειριο

89 1224 238 1288 σθεὶς
295 1225 608 1297 στρατηγὸς
665 1229 760 1282 καὶ
815 1229 998 1283 πᾶσαν
1027 1228 1353 1300 ἐπιμέλειαν
1404 1231 1514 1285 τῶν
1542 1232 1678 1302 πρὸς

86 1317 182 1386 τὴν
223 1318 272 1350 ⁸³
304 1316 492 1388 μάχην
513 1319 991 1391 εύτρεπιζομένων
1034 1312 1383 1392 πραγμάτων
1419 1323 1678 1391 ἀναδεξά-

88 1426 271 1478 μενος.
309 1403 384 1482 Ὦ
437 1411 531 1465 καὶ
556 1412 706 1479 εδοξε
731 1412 830 1484 τὴν
863 1413 958 1467 τοῦ
997 1413 1159 1485 ἔργου
1192 1414 1383 1469 τούτου
1417 1417 1680 1488 σχολάσαι

86 1501 226 1566 τέως
274 1503 560 1573 φροντίδα.
598 1506 694 1558 καὶ
715 1502 808 1558 τοῦ
843 1505 1059 1576 τείχους
1098 1506 1200 1579 τὴν
1262 1507 1554 1580 οἰκοδομὴν
1591 1508 1680 1576 ἐξ·

86 1593 380 1648 ανύεσθαι.
414 1595 568 1666 ’Δμα
610 1597 717 1667 γὰρ
768 1589 894 1668 ἦκε,
927 1599 1022 1652 καὶ
1045 1597 1360 1673 μεθίστησιν
1387 1600 1550 1664 εὐθὺς
1587 1601 1680 1656 τὸν

83 1684 258 1754 δῆμον
287 1686 510 1739 ᾶπαντα
540 1687 631 1741 τὸν
659 1690 740 1750 εἰς
770 1687 928 1743 τοῦτο
954 1690 1293 1761 τεταγμένον
1324 1690 1462 1764 πρὸς
1492 1693 1552 1746 τὸ
1579 1694 1679 1757 τὰς

83 1776 371 1847 χρειώδεις
402 1776 536 1842 ὕλας
559 1781 674 1842 τοῖς
697 1780 973 1850 τεχνίταις
999 1781 1365 1853 έπικομίζειν,
1404 1783 1480 1848 ὡς
1511 1782 1578 1838 ἃν
1609 1787 1674 1857 τῇ

1790 589 2018 649 riculosi
2046 605 2142 664 per
2188 606 2338 651 mare
2386 591 2614 651 ductum
2659 592 3023 668 seplmentum
3055 595 3366 657 istiusmodi

1786 683 2145 754 pervenisset,
2194 698 2526 758 omnemque
2579 685 2740 746 nobis
2788 695 2992 746 metum
3049 704 3114 748 sc
3171 690 3368 748 mulam

1784 776 2156 847 suspicionem
2189 775 2418 843 levaret,
2454 777 2604 836 venit
2639 778 2781 836 siius
2809 778 2878 836 sb
2910 779 3100 836 eodem
3131 781 3370 855 Impera:

1783 873 1904 923 tore
1935 866 2162 930 missus,
2191 865 2304 924 Leo
2338 868 2581 937 nomine,
2618 871 2714 942 qui
2746 871 2802 928 in
2831 886 2952 928 eam
2982 888 3096 930 rem
3135 875 3365 933 missum

1783 953 2075 1012 Petronam
2110 957 2221 1013 cito
2255 965 2545 1025 revocans,
2585 974 2802 1016 onmem
2863 961 3021 1034 511
3057 963 3113 1019 in
3145 979 3205 1020 se
3228 964 3370 1022 clvio

1783 1047 1911 1103 tatis
1945 1061 2138 1102 curam
2162 1050 2388 1119 recepit.
2428 1048 2542 1107 Leo
2573 1051 2756 1122 itaque
2788 1053 3032 1111 ﬁnitimae
3068 1057 3250 1112 omnis
3277 1071 3369 1114 re-

1782 1137 1962 1208 gionis
1987 1151 2052 1192 ac
2078 1139 2374 1207 provinciae
2418 1149 2622 1211 praetor
2655 1153 2896 1209 creatus,
2929 1147 3220 1216 omnisque
3251 1146 3368 1204 bei-

1783 1228 1874 1284 lici
1903 1240 2200 1298 apparatus
2244 1244 2377 1286 cura
2439 1233 2492 1287 in
2542 1246 2603 1288 se
2647 1234 2938 1299 translata,
2990 1239 3155 1305 empti
3204 1236 3367 1307 hujus

1782 1319 1968 1390 operis
2018 1320 2261 1378 laborem
2329 1322 2550 1379 interim
2602 1323 3081 1382 intermittendum
3133 1329 3368 1399 putavit,

1784 1427 2067 1468 murorum
2097 1422 2293 1470 contra
2325 1416 2728 1473 exstructionis
2777 1430 2917 1488 Opus
2948 1417 3363 1475 absolvendum.

1785 1503 1984 1559 Statim
2019 1506 2163 1561 enim
2196 1515 2362 1576 atque
2389 1507 2621 1577 appulit,
2651 1519 2869 1564 omnem
2897 1524 3022 1564 mox
3054 1510 3367 1566 multitudi-

1783 1610 1906 1651 nem
1939 1595 1992 1651 in
2027 1597 2129 1652 hoc
2155 1599 2516 1654 constitutam
2549 1599 2617 1654 ad
2664 1601 3033 1656 necessariam
3063 1601 3369 1659 artillcibus

1783 1687 2066 1742 materiam
2092 1688 2500 1765 convehendam
2532 1691 2813 1758 transfert,
2841 1707 2950 1765 quo
2975 1694 3186 1749 scilicet
3216 1693 3369 1751 labo-

1783 1778 2023 1833 rantium
2084 1763 2438 1836 multitudine
2499 1788 2555 1837 ct
2623 1763 2872 1853 copiosaﬁ
2919 1788 3364 1842 necessariarum

82 1866 414 1940 πολυχειρίᾳ
442 1869 604 1941 τυχὸν
619 1869 715 1924 καὶ
734 1873 798 1944 τῇ
821 1870 932 1926 τῶν
952 1872 1180 1927 δεόντων
1202 1873 1415 1945 δαψιλεῖ
1442 1876 1674 1949 χορηγίᾳ

1783 1875 1966 1925 rerum
2011 1871 2456 1940 suppeditatione
2487 1872 2915 1930 substructionis
2955 1889 3235 1930 murorum
3267 1875 3366 1932 de-

78 1959 140 2012 τὸ
173 1959 624 2033 σπουδαζόμενον
652 1961 737 2036 [Ρ.
775 1962 902 2038 332]
954 1967 1035 2030 εἰς
1078 1966 1241 2037 ἔργον
1287 1967 1492 2036 ἀγοιτο.
1535 1969 1674 2039 Ἤδη

83 2049 182 2118 μὲν
212 2045 314 2104 οὖν
359 2049 521 2105 πάλιν
569 2053 639 2107 τὰ
683 2054 780 2125 τῆς
833 2054 1124 2126 οίκοδομῆς
1177 2052 1246 2128 ἦν
1272 2057 1491 2128 ἐνεργῆ.
1534 2057 1674 2112 Ἀλλ’

78 2143 202 2197 ὅσον
245 2144 430 2198 ἐδόκει
486 2145 547 2199 τὺ
584 2144 718 2217 πρὸς
756 2145 890 2216 ὕψος
943 2148 1295 2219 έγειρόμενον
1341 2149 1432 2204 τοῦ
1457 2151 1674 2221 τείχους

76 2237 176 2306 τὴν
244 2236 362 2290 τῶν
407 2237 665 2292 ἐναντίων
690 2239 980 2311 ἀπείργειν
1041 2241 1374 2308 κακόνοιαν,
1417 2243 1676 2297 τοσοῦτον

78 2330 352 2399 ὑφαίνετο
383 2331 446 2384 τὸ
477 2331 662 2385 λεῖπον
686 2333 798 2397 τοῖς
823 2332 1070 2396 πολίταις
1097 2334 1229 2405 ἡμῖν
1260 2334 1461 2398 παντὸς
1495 2335 1676 2391 κινδύ-

77 2439 169 2474 νου
222 2421 686 2494 καθυπεμφαῐνον
725 2425 1004 2482 ὑπόνοιαν.
1042 2427 1180 2482 Οὔτε
1205 2429 1314 2501 γὰρ
1352 2429 1498 2484 ἆπαν
1525 2429 1674 2502 διορ-

77 2515 331 2587 θωθῆναι
387 2517 632 2583 δυνατῶς
681 2513 794 2589 εῐχε
847 2519 1032 2591 πολλῷ
1081 2521 1248 2593 μήκει
1272 2522 1674 2594 διατεινόμενον

75 2610 218 2680 πρὸς
250 2610 317 2662 τὺ
356 2609 553 2682 μηκέτι
591 2611 692 2681 τὴν
720 2610 780 2677 ιξ
812 2612 981 2667 αὑτοῦ
1012 2615 1303 2686 συμφορὰν
1359 2618 1508 2689 ἡμᾶς
1571 2618 1673 2672 ὑπ-

72 2705 362 2768 οπτεύειν,
405 2706 499 2758 καὶ
547 2707 576 2759 ό
620 2705 810 2776 χρόνος
859 2705 960 2779 τὴν
1010 2707 1120 2762 τῶν
1174 2699 1450 2781 πολεμίων
1485 2711 1674 2782 ῐφοδον

75 2795 386 2863 ειρεστάναι
422 2795 878 2867 προεμαρτύρατο
912 2797 1082 2867 μήπω
1120 2797 1216 2854 τοῦ
1275 2800 1444 2870 μέσου
1493 2799 1672 2874 χώρου

71 2889 173 2958 τῆς
199 2888 505 2958 οίκοδομῆς
533 2887 841 2960 ἀψαμένης,
865 2889 925 2957 ιξ
949 2881 1010 2944 οὗ
1041 2892 1137 2944 καὶ
1191 2892 1290 2963 τὴν
1332 2892 1538 2966 βλάϐην
1573 2896 1676 2948 ὑπ-

74 2978 479 3052 ωπτευόμεθα.
509 2978 788 3049 ’Δγγελίαι
812 2981 923 3055 γὰρ
941 2983 1050 3037 τῶν
1070 2984 1353 3056 προτέρων
1371 2986 1675 3057 φοϐερώτε-

75 3092 166 3144 ραι
196 3077 304 3129 καὶ
348 3077 673 3147 συχνπεραι
706 3074 805 3140 τὰς
834 3077 1092 3131 ἀπάντων
1124 3077 1281 3149 ἡμῶν
1315 3079 1485 3144 ἀκοὰς
1517 3097 1672 3152 περι-

70 3167 372 3239 εθρύλουν,
403 3167 498 3222 καὶ
528 3168 652 3230 τοῦς
681 3167 1000 3240 Βαρδάρους
1031 3167 1272 3238 έγγίζειν
1302 3171 1400 3243 ἠδη
1432 3172 1492 3225 τὸ
1525 3174 1674 3227 πλεί-

72 3276 201 3313 στον
255 3257 362 3313 τοῦ
398 3257 560 3322 πλοὸς
591 3257 972 3323 διανύσαντας.
1013 3261 1128 3314 Οὐκ
1154 3255 1223 3333 ἦν
1273 3261 1380 3333 γὰρ
1408 3262 1542 3316 ὅπου
1578 3264 1674 3318 καὶ

70 3353 216 3423 πρὸς
249 3350 457 3422 μικρὸν
480 3351 679 3415 αὐτοὺς
705 3351 1065 3422 έμδραδῦναι,
1092 3352 1184 3407 διά
1211 3353 1272 3407 τὸ
1300 3354 1400 3418 τὰς
1423 3355 1674 3421 πλείονας

69 3451 280 3518 νησους
334 3445 428 3499 ὑπ’
481 3443 663 3498 αὐτῶν
713 3445 1256 3517 προεκπορθηθῆναι,
1287 3447 1506 3513 καὶτὰς
1538 3449 1675 3520 πρὸς

69 3537 371 3591 θάλασσαν
391 3534 622 3605 έχούσας
653 3535 840 3600 πόλεις
865 3535 966 3609 τὴν
1000 3536 1217 3609 οίκησιν
1244 3541 1308 3610 τῇ
1335 3540 1675 3612 καταπλήξει

70 3630 216 3705 μόχῃ
255 3631 366 3699 τῆς
406 3629 578 3697 ἀκοῆς
605 3627 786 3681 αὐτῶν
811 3629 948 3700 πρὸς
975 3629 1154 3700 φυγὴν
1193 3630 1555 3701 ἐκτραπῆναι,
1579 3633 1674 3687 καὶ

69 3722 252 3794 μηδὲν
291 3721 566 3792 ὑπάρχειν
591 3719 620 3774 δ
657 3719 756 3792 τὴν
771 3721 950 3792 ὁρμὴν
972 3720 1153 3777 αὐτῶν
1182 3721 1216 3795 ἢ
1239 3723 1336 3793 τὴν
1365 3722 1470 3778 τῶν
1493 3723 1673 3779 ὅπλων

69 3816 376 3887 συνέχειαν
410 3813 663 3886 ἑξαρκείν
693 3815 1004 3886 ὑπομείναι.
1056 3814 1336 3888 τέτταρας
1391 3816 1502 3890 γάρ
1533 3817 1673 3888 ὁμοῦ

68 3909 168 3964 καὶ
218 3907 576 3980 πεντήκοντα
623 3908 724 3973 τάς
786 3907 1129 3982 βαρϐαρικὰς
1184 3905 1326 3965 εἶναι
1378 3909 1674 3984 προῦλεγον

67 4006 233 4075 νῆας.
263 3999 428 4058 οὐδέν
451 3994 615 4074 ἦττον
638 4000 848 4066 πόλεως
879 4001 1116 4075 έκάστης
1142 3998 1322 4059 αὐτων
1349 4003 1428 4078 τῷ
1451 4003 1674 4078 μεγέθει

65 4095 167 4148 καὶ
200 4094 338 4156 ταῖς
367 4089 556 4156 ἀλλαις
590 4092 962 4155 κατασκευαῖς
991 4091 1391 4166 τυγχανούσης,
1429 4094 1489 4149 sv
1518 4088 1607 4160 αῐς
1629 4095 1674 4129 ⁸⁸

61 4183 132 4255 ἦν
159 4184 482 4255 παμμιγὴς
516 4200 602 4246 τις
636 4182 792 4253 ὄχλος
831 4183 1287 4255 ἀπονενοημένων
1339 4187 1434 4239 καὶ
1466 4203 1672 4256 μανιω-

63 4281 197 4346 δῶν,
233 4279 361 4334 τῶν
390 4293 451 4330 τε
475 4275 572 4342 τὴν
602 4277 802 4348 Συρίαν
829 4276 1138 4344 οἰκούντων,
1177 4277 1538 4349 Ἰσμαηλιτῶν
1577 4281 1672 4334 καὶ

61 4375 175 4427 τῶν
207 4369 573 4443 ὁμορούντων
603 4367 924 4434 Αἰγυπτίοις
950 4367 1249 4436 Αἰθιόπων,
1271 4371 1488 4425 πάντων
1512 4371 1671 4442 αἱμο-

62 4468 257 4534 ίόρων
297 4461 402 4516 καὶ
433 4460 889 4539 θηριογνωμόνων
917 4460 1241 4531 ἀνθρώπων,
1264 4461 1467 4534 πολλὴν
1495 4463 1592 4532 τὴν
1614 4465 1672 4516 έν

1780 1961 2042 2018 stinatum
2079 1977 2219 2033 opus
2241 1961 2496 2020 ediceret.
2534 1961 2654 2018 Jam
2690 1965 2874 2036 itaque
2904 1965 3034 2022 huic
3061 1966 3214 2038 operi
3239 1965 3368 2022 dili-

1778 2055 1960 2126 gentia
1995 2055 2324 2122 habebatur,
2347 2057 2536 2127 reique
2570 2057 2865 2113 instabant.
2890 2057 3165 2124 Quantum
3191 2060 3365 2114 enim-

1778 2161 1909 2202 vero
1931 2147 2184 2204 sublatus
2235 2149 2288 2202 in
2323 2147 2496 2202 altum
2529 2163 2720 2204 murus
2761 2148 3002 2205 hostium
3030 2149 3363 2208 destinatam

1779 2238 2046 2294 malitiam
2077 2254 2265 2296 arcere
2315 2240 2626 2306 videbatur,
2670 2247 2882 2296 tantum
2934 2242 3093 2297 nobis
3123 2243 3362 2307 civibus.

1778 2331 1926 2403 quod
1979 2332 2101 2402 ejus
2151 2333 2422 2403 reliquum
2468 2343 2612 2400 erat,
2644 2335 2772 2390 mali
2807 2336 3009 2392 ominis
3040 2351 3105 2392 ac
3132 2335 3360 2407 periculi

1779 2425 2150 2496 suspicionem
2183 2441 2520 2496 sensumque
2541 2426 2860 2497 conjectura
2902 2427 3047 2484 haud
3077 2428 3180 2484 levi
3213 2429 3368 2501 inge-

1779 2517 1954 2575 rebat.
1983 2515 2101 2572 Non
2125 2518 2267 2572 enim
2298 2524 2467 2584 totus,
2495 2518 2551 2572 in
2587 2517 2981 2590 longitudinem
3015 2520 3238 2576 nimiam
3265 2536 3364 2578 ex-

1776 2625 2007 2681 pansus,
2067 2611 2141 2664 ita
2174 2610 2419 2680 reparari
2452 2619 2668 2681 poterat
2719 2620 2776 2665 ut
2831 2625 3051 2666 omnem
3106 2612 3366 2684 deinceps

1777 2713 2106 2775 exspectatas
2133 2718 2199 2758 ex
2227 2717 2294 2760 eo
2328 2703 2500 2760 cladis
2529 2704 2782 2760 timorem
2811 2703 3086 2772 auferret;
3121 2713 3366 2776 tempus-

1777 2811 1883 2867 que
1913 2795 2024 2866 jam
2061 2808 2233 2866 prope
2272 2794 2514 2850 hostium
2559 2795 2920 2866 irruptionem
2961 2797 3167 2852 instare
3192 2806 3367 2854 testa-

1776 2873 1960 2953 batur,
1991 2901 2117 2942 cum
2159 2886 2393 2943 necdum
2447 2894 2732 2943 structura
2760 2888 2998 2944 medium
3048 2889 3229 2960 ipsum
3278 2889 3361 2944 lo-

1778 2994 1902 3035 cum
1936 2979 2232 3052 attigisset,
2265 2995 2331 3036 ex
2368 2995 2479 3052 quo
2527 2982 2687 3037 nobis
2715 2990 3034 3052 suspectum
3067 2981 3270 3036 malum
3309 2991 3364 3037 et

1777 3073 2008 3130 exitium
2059 3073 2224 3130 foret.
2274 3072 2462 3130 Nuntii
2494 3073 2641 3129 enim
2686 3073 2962 3145 prioribus
3005 3073 3366 3130 terribiliorcs

1701 3207 1744 3267 Ο
1778 3178 1842 3220 ac
1863 3165 2174 3223 crebriores
2210 3175 2462 3223 nostrutn
2494 3166 2740 3222 omnium
2773 3181 2936 3222 aures
2960 3165 3361 3233 obtundebant,

1773 3255 1999 3327 jamque
2048 3256 2317 3313 barbaros
2367 3271 2536 3328 prope
2582 3257 2893 3321 imminere,
2939 3258 3174 3311 maxima
3210 3266 3368 3327 parte

1777 3347 2145 3417 navigationis
2180 3348 2291 3405 illis
2344 3349 2579 3419 expleta.
2622 3346 2812 3419 Neque
2845 3349 2993 3404 enim
3042 3357 3164 3404 erat
3213 3350 3361 3419 quod

1777 3439 1862 3496 vel
1895 3440 2181 3495 minimum
2209 3440 2291 3498 eis
2323 3455 2506 3498 moras
2536 3439 2809 3508 injiceret,
2838 3455 2964 3496 cum
2995 3441 3107 3510 jam
3142 3441 3356 3512 pleras-

1778 3546 1887 3603 que
1937 3523 2150 3588 insulas
2204 3532 2450 3602 p0pulati
2481 3540 2692 3598 essent,
2746 3533 3020 3603 urbesque
3073 3533 3362 3588 maritima

1777 3625 1895 3679 sola
1921 3624 2143 3680 auditus
2174 3639 2365 3680 eorum
2399 3625 2848 3682 consternatione
2869 3624 3031 3696 512
3061 3639 3126 3681 ac
3159 3639 3362 3697 pavore

1777 3715 1962 3790 lugam
1997 3719 2381 3790 arripuisscnt,
2415 3719 2663 3790 nihilque
2686 3727 2833 3776 esset
2862 3719 3011 3791 quod
3037 3734 3229 3775 eorum
3259 3719 3362 3775 itu-

1777 3823 1962 3884 petum
1995 3813 2301 3871 subsistere
2333 3825 2428 3869 aut
2465 3814 2838 3885 constipatum
2881 3814 3055 3870 aciem
3084 3815 3361 3870 sustinere

1776 3915 1984 3976 posset.
2029 3903 2280 3973 Quatuor
2323 3905 2473 3964 enim
2525 3921 2693 3979 supra
2747 3905 3150 3979 quinquaginta
3193 3905 3359 3964 simul

1777 4013 1901 4056 esse
1957 3997 2277 4056 barbaricas
2330 4013 2499 4056 naves
2553 3999 2906 4067 nuntiabant,
2959 4014 3082 4072 qua
3131 3998 3361 4072 singulm

1777 4089 2009 4146 urbibus
2041 4087 2420 4160 magnitudine
2451 4103 2514 4146 ac
2543 4090 2761 4162 reilquo
2806 4098 3069 4162 apparatu
3104 4105 3360 4164 exequa-

1777 4183 1996 4250 bantur,
2034 4182 2087 4236 in
2124 4182 2325 4252 quibus
2361 4183 2675 4253 promiscua
2716 4197 3043 4238 vesanorum
3075 4185 3355 4238 hominum

1778 4289 1842 4329 ac
1873 4273 2170 4329 furentium
2222 4274 2382 4330 turba
2433 4275 2742 4340 veheretur,
2779 4287 2891 4331 tum
2932 4275 3355 4345 ismaeiitarum,

1775 4366 1871 4437 qui
1929 4365 2143 4437 Syriam
2195 4366 2530 4432 inhabitant.
2588 4378 2701 4424 tum
2756 4368 3077 4440 Ethiopum
3117 4367 3357 4442 Atgypto

1777 4463 2096 4526 conﬁnium,
2128 4473 2487 4519 cruentorum
2527 4463 2775 4518 omnium
2813 4463 3114 4535 ferinisque
3156 4467 3354 4520 animis

59 4562 174 4621 τοῖς
243 4555 442 4627 φόνοις
495 4555 811 4625 επιστήμην
871 4552 1262 4624 ἐξησκημένων
1297 4554 1392 4608 καὶ
1427 4557 1548 4619 ταῖς
1573 4555 1668 4627 λῃ-

1777 4563 1938 4624 atque
1969 4555 2152 4610 indole
2195 4554 2574 4625 praditorum,
2611 4555 2704 4626 qui
2748 4555 2982 4611 caedium
3015 4571 3136 4612 arte
3177 4556 3354 4628 pluri-

60 4651 337 4720 στρικαῖς
371 4647 635 4711 επινοίαις
665 4647 764 4709 τὰς
802 4645 1018 4715 σφαγὰς
1057 4645 1571 4717 ἐμμελετησάντων,
1596 4647 1672 4710 ὡς

61 4746 140 4814 μὴ
165 4738 455 4796 δύνασθαί
492 4756 614 4792 τινα
645 4737 752 4792 κᾶν
794 4739 931 4810 ἀκοῇ
969 4736 1068 4808 τὴν
1111 4738 1320 4791 τούτων
1349 4739 1670 4803 έκδέξασθαι

59 4842 298 4911 πεῖραν,
348 4832 484 4888 ἀλλὰ
511 4832 763 4886 σπεύδειν
786 4832 1015 4886 ῑκαστον
1048 4832 1353 4902 ὑποχωρεῖν
1391 4833 1491 4903 τῆς
1517 4834 1671 4902 ενεγ-

59 4947 129 4983 κα
138 4929 355 4997 μένης,
375 4926 621 4995 κρεῖττον
645 4921 948 4994 ἡγούμενον
963 4921 1064 4993 τὴν
1083 4922 1222 4992 μετά
1248 4922 1432 4995 θηρῶν
1461 4924 1670 4996 ἀγρίων

58 5025 115 5074 ιν
150 5023 281 5082 τοῖς
321 5018 512 5088 ὄρεσιν
540 5015 753 5085 οῐκησιν
784 5013 817 5085 ἢ
847 5013 907 5068 τὸ
938 5013 1028 5067 ὑπ’
1071 5013 1250 5075 αὐτῶν
1278 5014 1546 5088 ληφθῆναι
1578 5017 1670 5070 καὶ

59 5113 434 5169 πολυὼδυνον
460 5108 870 5177 ἀπενέγκασθαι
892 5105 1144 5163 θάνατον.

129 5298 227 5353 ιϐ’.
259 5293 425 5364 Πλὴν
455 5293 512 5346 εν
548 5292 760 5355 τούτοις
808 5290 1015 5345 τούτων
1047 5291 1281 5361 ἑχόντων
1313 5289 1478 5344 πάλιν
1509 5289 1668 5360 ιροδε⁴

60 5389 321 5465 ρῶτερός
372 5401 456 5448 τις
485 5383 591 5438 τῶν
615 5383 714 5456 ἢδη
746 5381 1052 5454 λεχθέντων
1072 5380 1390 5452 εξελήλυθεν
1413 5381 1665 5451 ἄγγελος,

55 5486 167 5538 τῶν
209 5483 264 5516 ’⁸
329 5475 639 5548 Βαρϐάρων
681 5478 781 5545 τὴν
829 5474 1016 5544 ἔφοδον
1065 5475 1454 5547 πλησιέστερον
1504 5474 1672 5529 οὖσαν

55 5577 241 5628 ἅπασι
306 5565 883 5639 προδηλῶν.Νικήτας
911 5565 964 5620 δι
992 5559 1144 5629 οὗτος
1171 5565 1438 5631 ἐκαλεῖτο,
1471 5581 1671 5636 στρατ-

55 5669 194 5739 ηγὸς
242 5666 364 5735 τὴν
400 5661 558 5727 ἀξίαν
612 5663 706 5716 καὶ
743 5659 844 5732 τὴν
874 5662 933 5714 ιν
969 5662 1084 5724 τοῖς
1124 5658 1489 5731 βουλεύμασιν
1509 5661 1672 5714 εὐτα-

1776 4664 1922 4702 mum
1961 4648 2248 4703 exercitati
2284 4656 2491 4712 essent,
2537 4648 2958 4719 latrociniisque
3010 4649 3140 4704 olim
3180 4649 3354 4705 dediti

1777 4739 1882 4796 lusi
1917 4756 2113 4796 noxam
2142 4743 2354 4796 cruoris
2375 4743 2637 4811 necisque
2661 4741 2904 4797 studium
2938 4758 3102 4799 omne
3125 4743 3356 4800 habuis-

1776 4843 1918 4898 sent,
1952 4843 2010 4888 ut
2042 4850 2143 4890 nec
2174 4834 2255 4890 vel
2286 4834 2478 4890 auditu
2510 4850 2698 4891 eorum
2732 4836 3019 4906 quisquam
3055 4835 3356 4907 periculum

1776 4923 2052 4979 sustinere
2097 4934 2304 4994 posset,
2337 4925 2432 4982 sed
2467 4926 2671 4998 singuli
2710 4928 2916 4997 quique
2952 4926 3152 4984 festiue
3181 4930 3358 4999 patria

1777 5016 2123 5080 etcexlerent,
2151 5016 2354 5087 quibus
2398 5020 2581 5088 potius
2622 5028 2769 5074 esset
2818 5020 2871 5074 in
2906 5021 3189 5076 montibus
3230 5037 3354 5076 cum

1779 5107 1910 5164 feris
1962 5109 2154 5166 bestiis
2187 5110 2434 5167 habitare
2467 5126 2633 5182 quam
2675 5121 2735 5167 ut
2770 5111 2838 5167 ab
2871 5113 2954 5169 eis
2984 5113 3128 5184 capti
3153 5129 3358 5170 atrum-

1779 5216 1913 5256 nosa
1947 5211 2124 5258 morte
2153 5201 2383 5274 diroque
2416 5205 2662 5260 cruciatu
2691 5207 2957 5277 perirent.

1852 5295 1938 5349 l9.
1993 5293 2257 5350 Caeterum
2314 5296 2478 5354 rebus
2529 5313 2589 5353 se
2635 5300 2710 5354 ita
2767 5299 3116 5365 habentibus,
3161 5307 3357 5356 rursus

1777 5385 1920 5441 alius
1951 5385 2177 5441 nuntius
2209 5385 2518 5458 dictusjam
2559 5402 2622 5442 ac
2647 5386 3022 5457 superioribus
3055 5390 3356 5444 terribiiior

1775 5476 1942 5542 venit,
1971 5475 2241 5533 Barbaros
2275 5494 2439 5549 quam
2466 5480 2715 5549 proxime
2742 5480 2938 5536 adesse
2967 5479 3227 5536 omnibus
3263 5495 3354 5535 re-

1778 5567 2217 5625 fet'ensticette
2274 5587 2470 5628 nomen
2517 5572 2658 5640 fuit;
2706 5574 2804 5645 qui
2852 5583 2912 5629 ut
2948 5575 3232 5646 dignitate.
3270 5578 3351 5630 sic

1779 5661 2027 5717 consiliis
2055 5665 2431 5733 componendo
2462 5661 2699 5724 civitatis
2728 5667 2919 5722 ordine
2943 5666 3051 5723 dux
3077 5676 3213 5724 erat.
3239 5667 3353 5722 Suo

1374 5746 1609 5806 νΑιιιιΕ
1665 5751 2072 5810 LECTIONES.

105 5854 154 5887 υ
197 5848 492 5922 ταχθέντα
514 5850 580 5905 Α.
658 5847 704 5880 ⁹⁶
732 5845 828 5919 τὴν
855 5843 915 5902 Ρ.

1027 5843 1072 5892 ﬂ
1102 5837 1181 5909 οἷς
1207 5843 1265 5901 Ρ.
1332 5847 1402 5924 ,⁸³
1423 5845 1531 5902 τῶν
1549 5855 1673 5903 ante
1701 5845 1871 5921 Βαρδ.
1909 5861 2017 5904 om.
2068 5845 2130 5903 P.
