4154 6450
787 375 897 450 551

2030 372 2374 439 JOANNES
2408 370 2845 434 CAMENIATA

3965 365 4070 434 552

775 512 821 554 is
856 507 1081 552 accessu
1129 505 1288 565 opem
1339 505 1398 547 se
1449 488 1569 546 urbi
1611 487 1907 545 allaturum
1940 487 2359 560 pollicebatur;

2472 482 2595 550 ξίαν
2624 482 2691 540 ⁸⁸.
2728 478 2899 549 05w,-
2929 479 3099 538 ιλθὼν
3137 477 3520 554 συνεπαμῦναι
3563 495 3631 553 τη
3661 477 3813 535 πόλει
3852 495 4066 551 κατηγ-

774 585 840 640 ad
879 583 1158 640 hoc-enim
1185 580 1364 638 aiebat
1397 593 1458 636 se
1485 578 1734 645 venisse;
1769 591 1831 632 uc
1856 576 1901 634 si
1923 577 2056 650 quid
2084 575 2358 650 sgeudum

771 685 940 741 esset,
994 674 1062 732 ad
1121 674 1306 730 omnia
1365 687 1426 730 se
1467 680 1716 744 paratum
1775 667 2360 727 altirmabaLVcrumo

771 766 1056 823 enimvero
1087 779 1184 837 per
1209 779 1330 822 eam
1365 764 1582 820 interim
1620 776 1941 834 suspensam
1983 759 2222 818 hostium
2267 775 2363 817 ex-

775 858 1194 929 spectationem,
1230 856 1616 914 scandalorum
1649 853 1893 910 auctoris
1925 868 1990 909 ac
2033 852 2362 925 nequissimi

775 949 938 1020 513
989 949 1257 1004 damonis
1299 936 1779 1010 machinamento,
1829 946 2102 1016 ejusmodi
2152 946 2362 1016 aliquid

774 1044 993 1107 accidit,
1015 1055 1078 1097 ut
1100 1056 1296 1112 nempe
1328 1042 1584 1096 laudatus
1601 1049 1819 1110 praeter,
1847 1040 1978 1095 dum
2012 1040 2068 1094 in
2089 1038 2362 1105 Nicetam,

772 1136 866 1204 qui
905 1149 1081 1203 nuper
1105 1133 1404 1187 advenerat
1434 1134 1451 1202 (
1482 1132 1574 1186 ubi
1610 1142 1724 1186 tum
1767 1135 1814 1188 is
1833 1132 2173 1188 exstruendo
2203 1146 2363 1187 muro

771 1239 995 1295 operam
1030 1225 1217 1295 dabat)
1257 1239 1400 1294 equo
1432 1208 1681 1278 insidens
1711 1223 2019 1290 incidisset,
2047 1231 2103 1279 et
2137 1239 2263 1279 cum
2297 1240 2364 1280 eo

772 1317 937 1387 quasi
957 1317 1139 1372 amico
1162 1327 1484 1372 consuetam
1512 1316 1716 1370 mutuis
1743 1317 2124 1385 complexibus
2151 1317 2362 1373 saluta-

774 1409 982 1464 tionem
1032 1408 1314 1478 complere
1357 1407 1538 1463 visum
1579 1417 1748 1470 esset.
1793 1407 1913 1476 ipso
1961 1425 2183 1480 quoque
2219 1425 2363 1479 equo

775 1497 1068 1565 insidente,
1108 1513 1212 1552 nec
1239 1504 1402 1554 caute
1442 1498 1580 1554 satis
1624 1498 1780 1553 frena
1817 1497 2010 1555 tenens
2033 1541 2048 1565 ,
2081 1501 2202 1555 diro
2230 1517 2362 1556 casu

776 1590 1075 1659 multisque
1123 1588 1385 1660 lacrymis
1417 1587 1804 1658 prosequendo
1859 1588 2176 1642 lmderetur.
2212 1577 2366 1642 Nam

775 1681 1053 1736 obturbati
1081 1681 1231 1750 equi,
1265 1691 1319 1736 et
1345 1679 1638 1735 immanius
1673 1680 1719 1734 is
1757 1694 1870 1749 quo
1904 1680 2022 1749 ipsi:
2062 1680 2364 1746 ferebatur,

776 1771 1010 1826 naturali
1047 1772 1236 1828 furore
1270 1772 1534 1843 percitus,
1573 1772 1797 1827 reducta
1843 1775 2057 1829 cervice
2095 1781 2260 1844 atque
2295 1776 2369 1828 ri-

777 1869 900 1940 gide
925 1879 1108 1924 erecta
1151 1870 1280 1938 juba
1309 1911 1324 1932 ,
1355 1877 1570 1923 rectum
1603 1883 1725 1924 sese
1750 1870 2049 1925 sustollens
2080 1886 2205 1925 eum
2237 1870 2368 1926 sede

775 1962 1017 2032 expulit,
1053 1963 1144 2030 qui
1173 1976 1268 2030 per
1287 1957 1519 2014 caudam
1550 1960 1846 2015 devolutus
1871 1968 1925 2015 et
1957 1961 2011 2015 in
2030 1959 2212 2016 solum
2244 1975 2368 2033 pro-

776 2063 1004 2117 stratus,
1038 2069 1174 2107 coxa
1207 2053 1402 2107 dextra
1429 2062 1482 2106 et
1510 2053 1660 2106 circa
1686 2053 1920 2123 cotyiem
1952 2055 2213 2108 membris
2249 2055 2368 2108 col-

777 2145 919 2208 iisis,
947 2146 1019 2198 ita
1051 2145 1251 2200 misere
1281 2143 1503 2198 habitus
1525 2128 1700 2198 estut
1725 2153 1779 2199 et
1808 2144 1876 2198 de
1896 2144 2002 2198 vita
2025 2146 2145 2216 ipsa
2168 2145 2366 2218 despe-

779 2247 944 2292 raret.
1011 2235 1146 2291 Eum
1210 2237 1466 2292 militaris
1519 2237 1766 2292 cohortis
1812 2237 2118 2304 satellites,
2177 2238 2367 2292 statim

777 2331 1032 2385 rnauilms
1057 2330 1359 2394 sublatum,
1384 2329 1609 2384 domum
1644 2330 2013 2396 adduxerunt,
2043 2330 2270 2395 nullam,
2309 2338 2369 2385 ut

781 2441 881 2495 pur
915 2433 1037 2487 est,
1074 2423 1334 2494 deinceps
1369 2438 1562 2477 corum
1606 2438 1730 2493 qua:
1768 2422 1823 2476 in
1876 2423 2131 2478 manibus
2177 2431 2369 2479 essent

775 2531 967 2570 curam
1013 2515 1352 2570 habiturum.
1394 2513 1618 2570 Jacebat
1658 2515 1843 2585 itaque
1884 2516 1968 2568 vir
2007 2515 2368 2570 intolerandis

778 2608 1007 2663 alii-ctus
1053 2609 1360 2674 doloribus,
1416 2609 1671 2664 nesciens
1713 2608 1805 2662 cui
1846 2609 2083 2679 primum
2120 2609 2367 2664 animum

778 2702 1084 2756 adhiberet.
1115 2701 1393 2758 Trahebat
1430 2702 1578 2756 enim
1613 2702 1797 2771 ipsum
1850 2703 2191 2758 imminentis
2226 2703 2368 2773 peri-

776 2794 886 2847 culi
934 2795 1276 2858 sollicitudo,
1303 2794 1580 2862 quomodo
1611 2809 1787 2863 quave
1826 2792 2266 2849 rationc'urbem
2302 2796 2373 2849 ab

778 2886 1065 2940 inrasione
1095 2885 1465 2941 Barbarorum
1499 2895 1671 2942 tutam
1707 2896 1952 2943 servaret
1981 2905 1996 2954 ;
2030 2889 2204 2958 magis
2239 2901 2371 2942 vero

776 2986 970 3033 contra
1002 2981 1258 3035 trahebat
1283 2980 1353 3034 ad
1380 2994 1550 3051 seque
1581 2980 1898 3037 retrahebat
1925 2982 2233 3037 acerrimus
2263 2981 2370 3035 do-

779 3069 863 3123 lor
890 3080 945 3125 et
980 3071 1352 3127 membrorum
1387 3070 1632 3127 fractura
1659 3111 1674 3133 .
1707 3087 1832 3142 qua:
1872 3083 2104 3128 mortem
2141 3073 2368 3126 minita-

2462 577 2632 647 γυάτο
2667 576 2766 648 (εις
2793 575 2953 632 τοῦτο
2993 576 3103 648 γὰρ
3122 573 3322 645 ·ῑλεγεν
3369 573 3643 646 ἀφῖχθαι).
3667 574 3762 629 καὶ
3787 573 3843 628 εί
3867 589 3924 628 τι
3951 573 4066 628 δέοι

2463 670 2754 742 πράττειν,
2812 668 3048 742 ἑτοίμως
3103 667 3249 742 ιχειν
3300 665 3720 725 καθυπετίθετο.
3783 667 3937 741 Πλὴν
3985 668 4065 723 ότι

2467 757 2670 829 συνέϐη
2691 774 2746 814 τι
2770 757 2864 815 καὶ
2887 757 3134 816 τοιοῦτον
3160 758 3420 830 γενέσθαι
3455 756 3662 830 μεταξὺ
3689 757 3792 828 τῆς
3823 757 4066 830 προσιο-

2464 848 2590 914 κίας
2631 848 2744 905 τῶν
2789 849 3069 922 πολεμίων
3100 850 3160 918 ιε
3189 850 3438 912 ιπινοίας
3481 848 3577 902 τοῦ
3615 846 4064 918 σκανδαλουργοῠ

2465 943 2560 998 καὶ⁵
2625 938 3006 1015 πονηροτάτου
3045 941 3326 1013 δαίμονος.
3395 943 3456 996 '0
3514 941 3626 1012 γάρ
3686 941 3789 1012 ἥδη
3846 940 4068 1011 λεχθεὶς

2469 1037 2775 1108 στρατηγὸς
2822 1037 2999 1108 τούτῳ
3049 1036 3114 1107 δὴ
3145 1035 3226 1106 τῷ
3255 1037 3454 1089 νεωστὶ
3492 1033 3933 1105 παραγενομένῳ
3967 1033 4069 1086 Νι·

2468 1131 2610 1200 κήτᾳ
2660 1129 2827 1183 αὐτοῦ
2877 1128 2962 1201 [Ρ.
2991 1127 3122 1199 533]
3160 1145 3279 1192 που¹
3321 1126 3453 1202 περὶ
3499 1128 3602 1196 τὴν
3640 1125 3942 1195 οίκοδομὴν
3969 1125 4067 1178 τοῦ

2466 1222 2681 1292 τείχους
2727 1222 2849 1276 κατ’
2911 1223 3089 1294 ἀρχὰς
3121 1219 3362 1292 ἐντυχὼν
3394 1221 3546 1292 ῖππῳ
3601 1219 3959 1290 ιφεςόμενος,
3992 1218 4070 1282 ὡς

2465 1310 2567 1381 τὴν
2594 1311 2801 1383 συνήθη
2837 1312 2975 1383 πρὸς
3023 1313 3118 1366 τὸν
3178 1313 3335 1382 φίλον
3362 1312 3544 1377 ἔδοξεν
3596 1310 3959 1383 ικπληρῶσαι
3988 1309 4068 1376 τῷ

2467 1402 2748 1474 ἀσπασμῷ
2771 1405 3172 1475 προσηγορίαν,
3197 1405 3293 1458 καὶ
3323 1404 3488 1458 αὑτὸν
3516 1405 3670 1473 ῖππῳ
3697 1405 3741 1435 "
3766 1402 4070 1471 ἐγκαθεζό-

2471 1510 2654 1564 μενον,
2712 1495 2807 1548 τοῦ
2863 1496 3101 1567 ῥυτῆρος
3162 1497 3450 1566 ἀμελήσας
3511 1496 3686 1549 δεινόν
3734 1513 3788 1548 τι
3821 1495 4066 1549 πέπονθε

2469 1588 2702 1656 πρᾶγμα
2726 1588 2820 1640 καὶ
2851 1587 3065 1641 πολλῶν
3084 1588 3340 1658 δακρύων
3369 1588 3615 1654 ἐπάξιον.
3659 1587 4069 1657 Ἐκταραχθέν-

2469 1694 2560 1741 τες
2609 1679 2660 1730 oi
2709 1677 2889 1744 ῖπποι,
2927 1680 3023 1734 καὶ
3063 1679 3231 1733 πλέον
3280 1674 3438 1744 οὗτος
3487 1680 3573 1749 ἐφ’
3605 1679 3714 1732 δνό
3754 1680 4069 1750 στρατηγὸς

2471 1771 2780 1836 κεκαθίκει,
2804 1775 2871 1842 τῇ
2908 1776 3113 1844 φυσικῇ
3149 1773 3321 1843 μανίᾳ
3370 1772 3604 1842 πληγεὶς
3629 1771 3720 1825 τόν
3750 1789 3811 1826 τε
3860 1772 4065 1841 αὐχένι

2473 1865 2724 1933 σιμὼσας
2757 1866 2850 1919 καὶ
2883 1864 2984 1936 τὴν
3016 1865 3197 1937 κόμην
3249 1865 3470 1937 φρίξας,
3502 1865 3684 1937 δρθιον
3734 1865 3930 1937 ἀρθεὶς
3969 1868 4065 1931 τῆς

2471 1955 2632 2027 ἔδρας
2686 1957 2732 1989 κ
2789 1957 2951 2012 αὑτὸν
3004 1957 3334 2022 ἀπεδάλετο,
3369 1959 3464 2013 καὶ
3491 1960 3557 2011 ὲκ
3584 1957 3676 2012 τοῦ
3724 1959 3868 2028 πρὸς
3898 1957 4065 2026 οὐρὰν

2470 2048 2810 2119 κυϐιστήσας
2855 2050 2950 2103 καὶ
3003 2049 3140 2120 πρὸς
3163 2048 3429 2118 τοῦδαφος
3462 2050 3644 2120 ριφεὶς
3673 2048 3768 2101 τδν
3799 2048 3981 2112 δεξιόν
4010 2066 4062 2100 τε

2473 2139 2652 2211 μηρὸν
2673 2140 2768 2193 καὶ
2786 2139 2855 2193 τά
2877 2140 3017 2211 πρὸς
3045 2141 3146 2210 τὴν
3185 2139 3420 2212 κοτύλην
3449 2139 3587 2211 μέλη
3609 2139 3869 2203 θλασθεὶς
3899 2141 4068 2193 ἐλεει-

2470 2231 2560 2294 νὸς
2588 2225 2658 2302 ἦν
2703 2231 2796 2284 καὶ
2844 2233 3017 2302 αὐτῆς
3045 2232 3147 2302 τῆς
3200 2234 3346 2303 ζωῆς
3384 2231 3638 2286 ἀπειπών
3659 2249 3673 2262 ο
3701 2233 3762 2286 ὃν
3796 2235 3850 2286 oi
3890 2235 3991 2303 τῆς
4023 2235 4066 2265 ⁵⁸

2474 2326 2875 2396 στρατιωτικῆς
2921 2325 3132 2390 τάξεως
3185 2324 3478 2396 δορυφόροι
3534 2325 3888 2398 παραχρῆμα
3951 2329 4066 2390 ταῖς

2471 2416 2658 2486 χερσὶν
2696 2416 3014 2488 ἀνελόμενοι
3053 2417 3267 2487 ἀπῆγον
3289 2417 3496 2483 οἴκαδε,
3527 2419 3713 2488 μηδὲν,
3733 2417 3810 2482 ὡς
3846 2419 3996 2480 είκδς
4026 2423 4067 2482 ⁸,

2471 2509 2602 2580 περὶ
2635 2509 2745 2563 τῶν
2769 2510 3150 2580 προκειμένων
3179 2511 3526 2581 πραγμάτιον
3555 2515 3650 2565 τοῦ
3680 2512 3880 2566 λοιποῦ
3901 2530 4063 2581 φρον-

2469 2600 2779 2670 τιούμενον.
2814 2603 3036 2656 Ἐκειτο
3062 2602 3128 2674 δὴ
3149 2603 3178 2656 ό
3203 2603 3344 2674 ἀνὴρ
3371 2603 3584 2668 ὀδύναις
3608 2606 3916 2677 ἀφορήτοες
3941 2608 4066 2676 βλη-

2473 2692 2606 2758 θεὶς,
2670 2695 2772 2747 οὐκ
2830 2693 2972 2765 ἔχων
3037 2688 3192 2763 ᾧτινι
3225 2695 3442 2766 πρῶτον
3479 2696 3571 2750 τὸν
3602 2696 3726 2750 νοῦν
3765 2699 4064 2768 ἐπαφήσει.

2472 2778 2638 2838 Εἷλκε
2696 2786 2794 2854 μὲν
2821 2787 2929 2855 γὰρ
2953 2786 3120 2840 αὑτὸν
3161 2788 3196 2856 ἡ
3227 2788 3450 2854 φροντὶς
3479 2786 3574 2840 τοῦ
3605 2787 4070 2859 προσδοκωμένου

2473 2878 2741 2941 κινδύνου,
2766 2878 2884 2941 πῶς
2917 2880 3012 2932 καὶ
3044 2879 3168 2932 τίνα
3196 2879 3400 2945 τρόπον
3431 2879 3733 2951 περισώσει
3775 2881 3880 2952 τὴν
3913 2882 4071 2935 πόλιν

2473 2970 2538 3022 ὲκ
2568 2972 2589 3002 ²
2610 2971 2710 3040 τῆς
2730 2971 3034 3042 ἐπιδρομῆς
3067 2973 3177 3025 τῶν
3208 2972 3508 3044 Βαρϐάρων
3531 2989 3543 3001 ·
3573 2973 3823 3028 ἀνθεῖλκε
3853 2976 3913 3028 δὲ
3942 2977 4036 3030 τοῦ
4062 3005 4071 3016 -

2471 3080 2563 3116 ⁴τον
2590 3065 2728 3135 πρὸς
2752 3065 2945 3118 ἑαυτὸν
2968 3065 3132 3118 πλέον
3163 3068 3196 3136 ἡ
3231 3066 3454 3138 δριμεῖα
3487 3067 3648 3137 όδύνη
3681 3068 3777 3121 καὶ
3804 3069 3871 3122 τὺ
3899 3070 4070 3123 θάνα-

777 3163 960 3227 balur,
1011 3165 1361 3235 prepriazque
1406 3164 1567 3221 saluti
1619 3164 1828 3234 reliqua
1864 3164 2240 3234 posthabenda
2288 3164 2363 3216 illi

2476 3171 2568 3209 τον
2620 3157 2866 3210 ἀπειλεῖν
2923 3157 3034 3210 τῶν
3087 3158 3406 3229 πληγέντων
3439 3161 3618 3229 μελῶν
3654 3161 3714 3214 τὸ
3741 3163 3939 3228 πάθος,
3977 3167 4074 3217 καὶ

775 3256 1129 3327 suggerebat.
1158 3255 1249 3311 Sic
1284 3256 1340 3310 in
1373 3257 1553 3312 medio
1583 3255 1818 3310 duorum
1859 3257 2129 3311 malorum
2157 3259 2368 3327 positus

777 3364 842 3402 ac
892 3359 1126 3420 utroque
1168 3347 1456 3414 fatiscens,
1503 3349 1772 3420 quidquid
1815 3351 2142 3406 necessariae
2187 3366 2371 3422 opera:

778 3440 1141 3504 iucurnberet,
1197 3440 1578 3510 ineptissimus
1633 3449 1774 3494 erat.
1835 3438 2206 3530 Nihilominus
2268 3459 2369 3498 nos

777 3540 1009 3602 urgente
1039 3548 1225 3588 rerum
1258 3531 1423 3604 51‘.
1464 3533 1728 3597 articulo,
1763 3533 2011 3586 turribus
2039 3533 2368 3602 quibusdam

774 3640 842 3680 ex
875 3625 1022 3696 ligno
1048 3625 1328 3697 congestis
1359 3625 1413 3680 in
1442 3633 1600 3695 parte
1628 3625 1772 3679 muri
1800 3626 2040 3694 collapsa
2069 3626 2370 3680 exstructis

775 3724 940 3786 atque
968 3717 1228 3784 admotis,
1259 3716 1491 3772 lenioris
1517 3716 1676 3771 nobis
1706 3717 1824 3785 spei
1857 3717 2116 3787 pusillum
2145 3718 2369 3790 aliquod

775 3809 1123 3880 refrigerium
1163 3810 1584 3874 suscitavimus,
1620 3820 1881 3881 tanquam
1922 3811 2016 3882 qui
2047 3826 2079 3868 e
2113 3813 2233 3868 ioco
2275 3828 2369 3868 su-

775 3902 977 3973 periori
1008 3911 1309 3976 pugnatum
1332 3917 1363 3960 e
1381 3905 1519 3958 mari
1545 3903 1828 3960 venientes
1846 3917 2056 3970 arcere,
2081 3920 2182 3962 nec
2211 3921 2370 3964 muro

774 3993 1035 4050 accedere
1059 3995 1397 4066 sinistraque
1422 3994 1643 4066 explere
1666 3993 1901 4051 consilia
1930 3995 2110 4052 sinere
2143 3997 2372 4053 habere-

775 4102 922 4144 mus.
960 4085 1067 4144 Sed
1091 4094 1256 4144 erant
1291 4087 1409 4144 hac
1447 4085 1826 4144 festinantium
1867 4085 2090 4144 subtilia
2122 4087 2366 4155 inventa,

773 4193 898 4233 cum
929 4177 1180 4234 videlicet
1224 4185 1404 4236 metus
1443 4178 1746 4234 necessitas
1782 4176 1969 4233 inania
1998 4178 2112 4235 hac
2147 4181 2370 4250 excogi-

775 4265 942 4320 tanda
974 4267 1142 4322 menti
1178 4267 1448 4338 ingereret
1488 4284 1504 4334 ;
1564 4267 1804 4335 tametsi,
1844 4269 1991 4339 quod
2031 4271 2108 4324 ait
2147 4271 2368 4341 sapiens

775 4360 1023 4429 quidam,
1057 4361 1402 4429 ingeniosum
1439 4372 1605 4431 atque
1633 4361 1809 4417 soiers
1833 4371 1917 4418 est
1945 4363 2215 4434 quidquid
2245 4381 2370 4436 pre-

775 4454 963 4509 mitur.
990 4453 1161 4509 Nemo
1186 4455 1332 4508 enim
1356 4454 1411 4510 in
1427 4455 1586 4510 nobis
1608 4463 1726 4509 erat
1739 4456 1831 4525 qui
1858 4456 2034 4512 tirmis
2055 4459 2366 4517 rationibus

2472 3249 2726 3304 ἀνέπειθε
2779 3251 2947 3321 μηδὲν
2977 3251 3168 3322 ἓτερον
3200 3255 3484 3325 προτιμᾷν
3529 3254 3627 3325 τῆς
3657 3255 3856 3311 ἑαυτοῦ
3890 3275 4073 3331 σωτη-

2474 3342 2616 3413 ρίας.
2648 3343 2758 3395 Καὶ
2780 3344 2800 3376 ⁸
2832 3343 3005 3407 οὕτως
3031 3345 3090 3397 εν
3123 3345 3364 3418 μεθορίῳ
3392 3345 3488 3400 δύο
3515 3347 3772 3416 χαλεπῶν
3812 3352 4075 3420 κείμενκ

2472 3435 2567 3489 καί
2596 3435 2656 3501 ἐξ
2681 3431 2949 3508 ἑκατέρου
2978 3436 3283 3506 νικώμενος
3319 3439 3455 3511 πρὸς
3478 3442 3660 3495 πᾶσαν
3688 3442 3994 3516 ἐνέργειαν
4007 3441 4074 3515 ἦν

2471 3526 2579 3582 τῶν
2632 3528 2862 3582 δεόντων
2910 3530 3310 3602 ἀνεπιτήδειος.
3343 3532 3494 3602 Πλὴν
3521 3533 3610 3588 διά
3635 3534 3698 3588 τὸ
3737 3541 4074 3605 κατεπεῖγον

2470 3617 2566 3671 τοῦ
2591 3619 2798 3692 καιροῦ
2816 3620 3061 3692 πύργους
3081 3620 3234 3685 τινάς
3262 3621 3683 3690 ξυλοσυνθέτους
3697 3627 3778 3699 τῷ
3804 3628 4072 3701 διερρυη-

2471 3711 2593 3764 κότι
2642 3714 2803 3784 μέρει
2856 3711 2952 3765 τοῦ
3004 3712 3220 3783 τείχους
3273 3715 3438 3786 ἡμεῖς
3465 3715 3839 3789 δομησάμενοί
3877 3737 3941 3774 τε
3977 3724 4073 3775 καὶ

2472 3805 2964 3875 προσπελάσαντες
3015 3807 3206 3878 ὀλίγην
3261 3808 3386 3864 τινὰ
3440 3811 3797 3884 παρέσχομεν
3849 3815 4071 3880 ἑαυτοῖς

2471 3899 2720 3972 χρηστῆς
2747 3901 2966 3967 ιλπίδος
2996 3903 3302 3978 ἀναψυχὴν,
3329 3905 3407 3970 ὡς
3428 3904 3590 3975 δῆθεν
3613 3907 3708 3978 ἀφ’
3741 3905 3915 3978 ὕψους
3939 3912 4068 3974 τοὺς

2470 3992 2580 4046 ἀπὸ
2602 3991 2703 4063 τῆς
2726 3993 3003 4068 θαλάσσης
3033 3996 3364 4070 ερχομένους
3388 3998 3679 4071 ἀπείργειν
3713 4001 3811 4056 καὶ
3845 4001 3923 4076 μὴ
3958 4021 4068 4058 rra-

2474 4087 2746 4157 ραχωρεῐν
2775 4085 2962 4150 αὐτοῖς
2994 4079 3222 4160 πλησίον
3247 4087 3384 4145 ίέναι
3407 4089 3431 4123 ⁸
3451 4089 3548 4145 τοῦ
3592 4090 3810 4162 τείχους
3848 4095 3944 4148 καὶ
3971 4097 4070 4158 τὰς

2473 4176 2840 4240 κακοϐουλίας
2870 4177 3053 4232 αὐτῶν
3101 4181 3371 4252 ἐνεργεῖν.
3417 4181 3603 4236 Ταῦτα
3628 4183 3684 4236 δὲ
3716 4185 4070 4240 σπευδόντων

2471 4263 2541 4338 ἦν
2571 4271 2933 4342 ἐφευρήματα
2967 4271 3012 4337 ⁸,
3057 4274 3158 4343 τῆς
3191 4274 3440 4344 ἀνάγκης
3485 4274 3582 4328 τοῦ
3609 4276 3778 4346 φόϐου
3805 4278 3910 4341 τὰς
3943 4282 4070 4332 επι-

2473 4365 2622 4426 νοίας
2650 4363 2760 4416 τῶν
2788 4364 3038 4434 ματαίων
3091 4366 3494 4441 ὑποϐαλούσης,
3529 4371 3578 4422 εί
3627 4373 3722 4424 καὶ
3743 4372 3850 4436 ὅτι,
3878 4374 4070 4440 καθώς

2471 4471 2554 4519 τις
2581 4455 2686 4526 ἔφη
2712 4457 2896 4524 σοφὸς,
2927 4458 3238 4528 εύμήχανόν
3267 4462 3416 4514 ἑστιν
3443 4464 3590 4515 ἅπαν
3615 4465 3678 4516 τὸ
3707 4465 4071 4536 πιεζόμενον.

775 4550 1042 4606 adversus
1064 4550 1308 4606 futurum
1333 4551 1449 4607 sive
1481 4552 1626 4606 maia
1653 4523 1772 4623 qui
1791 4561 2054 4610 eventura
2077 4564 2365 4626 exspecta-

2471 4548 2585 4602 Ούκ
2618 4523 2688 4620 ἦν
2717 4549 2826 4619 γὰρ
2847 4523 3240 4621 amathus;
3271 4553 3508 4622 βεσαίως
3527 4555 3673 4608 κατά
3700 4523 4073 4626 conﬁne-.—

775 4645 976 4700 bantur
1011 4643 1337 4699 deliberaret
1352 4685 1366 4700 .

844 4740 936 4793 20.
976 4738 1176 4793 Verum
1215 4740 1475 4808 quoniam
1519 4741 1649 4795 laeso
1701 4749 1932 4811 praetore
1971 4745 2142 4799 nostri
2185 4745 2367 4801 omnis

777 4846 910 4883 cura
943 4829 997 4882 in
1030 4830 1237 4883 dictum
1274 4829 1516 4884 Nicetam
1563 4833 1830 4887 transiata
1860 4843 2013 4898 erat,
2043 4838 2208 4907 cmpit
2245 4839 2366 4908 ipse

775 4935 992 4990 quoque
1016 4935 1116 4990 pro
1154 4920 1318 4984 virili,
1348 4935 1467 4987 quae
1491 4936 1712 4976 suarum
1740 4925 1976 4993 partium
2000 4937 2180 4995 erant,
2208 4929 2366 4984 exhi-

774 5012 924 5064 bere.
983 5010 1178 5064 Aiebat
1223 5024 1352 5063 vero
1407 5009 1711 5065 vicinorum
1772 5011 2197 5084 Sclavenorum,
2245 5027 2360 5074 tum

773 5116 966 5155 eorum
996 5101 1090 5170 qui
1145 5103 1249 5156 sub
1277 5111 1462 5156 nostra
1494 5101 1703 5158 ditioue
1741 5115 1920 5169 erant,
1963 5119 2080 5162 tum
2129 5109 2224 5180 qui
2258 5111 2364 5165 sub

683 5213 689 5218 ~
777 5201 1044 5262 potestate
1074 5191 1234 5248 ducis
1263 5190 1599 5263 Strymonis,
1627 5205 1686 5248 ut
1717 5196 2043 5268 imperatum
2075 5211 2217 5266 erat,
2251 5217 2363 5256 ma-

773 5298 936 5354 gnam
975 5281 1383 5337 multitudinem
1422 5284 1476 5336 in
1504 5285 1694 5338 urbem
1731 5301 2148 5356 concessuram,
2183 5291 2359 5361 sagit-

774 5375 922 5430 tandi
944 5386 1062 5430 arte
1092 5375 1602 5443 instructissimam,
1619 5395 1685 5432 ne
1703 5379 1809 5449 ipsi
1835 5381 1976 5437 forte
1989 5398 2090 5453 pro
2119 5384 2359 5439 hostium

773 5475 1051 5524 armatura
1089 5481 1153 5522 ac
1188 5469 1427 5538 potentia
1463 5484 1572 5524 non
1620 5471 1758 5526 satis
1801 5471 2057 5530 instructi
2098 5476 2368 5533 invenire-

775 5575 917 5627 mur,
950 5560 1047 5616 sed
1077 5559 1403 5617 haberemus
1435 5561 1582 5617 unde
1611 5564 2094 5632 primam'iiiorum
2132 5584 2354 5641 aggres-

2466 4657 2559 4704 τος
2589 4641 2852 4712 σκέψεται
2877 4644 2912 4716 ἢ
2944 4643 3046 4713 τῆς
3075 4643 3186 4696 τῶν
3218 4646 3592 4717 ἐλπιζομένων
3623 4649 3933 4714 ἐκϐάσεως.

2540 4738 2610 4787 κ’.
2638 4733 2830 4803 Ὅμως
2859 4735 3050 4807 επειδὴ
3072 4735 3168 4789 τοῦ
3195 4738 3507 4810 στρατηγοῦ
3540 4740 3846 4809 πληγέντος
3875 4747 3909 4814 ἡ
3937 4748 4074 4817 περὶ

2466 4827 2627 4898 ἡμῶν
2662 4826 2855 4881 ἀπασα
2907 4830 3132 4901 φροντὶς
3157 4831 3241 4894 είς
3269 4832 3364 4884 τὸν
3397 4831 3633 4904 ῥηθέντα
3663 4835 3857 4907 μετῄει
3892 4838 4076 4912 Νική-

2465 4936 2588 4984 ταν,
2625 4919 2823 4990 ῆρχετο
2851 4922 2947 4974 καὶ
2975 4922 3138 4984 αὐτὸς
3160 4921 3232 4976 τά
3253 4924 3383 4995 παρ’
3405 4924 3599 4979 ἑαυτοῦ
3623 4927 3683 4982 τὸ
3716 4930 3863 4984 κατά
3891 4931 4070 4986 δύνα-

2473 5031 2566 5083 μιν
2618 5013 3051 5081 ἐπιδείκνυσθαι,
3086 5015 3243 5084 ελεγε
3289 5016 3347 5070 δὲ
3382 5019 3477 5073 καὶ
3511 5021 3620 5074 τῶν
3658 5021 4071 5096 πλησιοχώρων

2473 5104 2823 5177 Σκλαὸήνων,
2851 5105 2960 5161 τῶν
2983 5124 3044 5161 τε
3076 5108 3168 5176 ὑφ’
3189 5110 3343 5180 ἡμᾶς
3362 5110 3664 5166 τελούντων
3687 5115 3779 5168 καὶ
3810 5116 3927 5170 τῶν
3962 5120 4072 5174 ὑπὸ

2467 5204 2560 5258 τὸν
2589 5205 2896 5276 στρατηγὸν
2925 5206 2947 5237 ⁸
2977 5207 3312 5277 Στρυμόνος,
3338 5209 3544 5280 πλῆθος
3587 5212 3721 5265 πολὺ
3753 5221 4071 5285 προστετά-

2467 5296 2593 5366 χθαι
2647 5297 3026 5369 συνελάσαιτῇ
3073 5299 3251 5365 πόλει,
3289 5298 3377 5372 [Ρ.
3422 5303 3551 5375 334]
3586 5305 3684 5373 τῆς
3710 5303 3942 5376 τοξικῆς
3969 5311 4068 5379 έμ-

2467 5389 2694 5459 πείρων,
2730 5391 2807 5453 ὠς
2839 5389 2908 5444 ἂν
2940 5392 3070 5463 μηδ’
3105 5395 3270 5464 ἡμεῖς
3295 5397 3458 5467 τυχδν
3486 5399 3804 5470 εύρεθῶμεν
3826 5403 3932 5470 τῆς
3955 5405 4064 5456 τῶν

2469 5481 2733 5536 ἀναντίων
2766 5483 3042 5551 ᾰνδέοντες
3096 5489 3425 5553 πανοπλίας,
3457 5491 3574 5546 ἀλλ’
3604 5492 3819 5564 ἔχωμεν
3850 5492 3932 5559 οἷς
3967 5501 4062 5564 τὴν

2469 5572 2695 5643 πρώτην
2710 5574 2891 5629 αὐτῶν
2911 5577 3371 5651 ἀποκρουσόμεθα
3392 5583 3722 5656 προσδολήν.
3762 5587 3831 5641 Ὀ
3865 5589 3962 5642 καὶ
3984 5591 4060 5651 εἰς

2077 5682 2317 5740 νΑῐιΙιΕ
2358 5686 2766 5745 LECTIONES.

853 5774 1168 5848 ξἐύταξίαν
1187 5775 1551 5848 Combeiisius
1582 5794 1682 5848 pro
1704 5778 1953 5844 ἀταξίαν.

2063 5783 2109 5870 ξ’
2137 5783 2304 5870 ῖξπον
2326 5785 2408 5868 ‘A.
2483 5786 2529 5870 ’ξ
2558 5787 2652 5839 καὶ
2685 5784 3020 5870 τῂν-,ἱδρας
3043 5804 3152 5845 om.
3180 5790 3241 5847 P.
3286 5795 3345 5870 ξ’
3377 5793 3479 5870 τῆς
3512 5810 3621 5850 om.
3768 5805 3784 5836 ί
3827 5802 4056 5870 μηδενὶς

769 5843 922 5910 είκδς
944 5844 1054 5901 ΑΡ.
1122 5849 1141 5879 θ
1166 5850 1228 5901 εκ
1251 5863 1360 5903 om.
1393 5847 1454 5904 P.
1523 5851 1541 5880 '
1571 5843 1664 5903 καὶ
1689 5866 1796 5906 om.
1827 5843 1888 5906 Ρ.
1935 5853 1954 5883 ⁵
1979 5849 2117 5909 εἶναι
2149 5853 2210 5910 Ρ.
2259 5857 2298 5935 _'
2321 5858 2521 5928 ἑφευρέ
2531 5874 2678 5928 ματα
2702 5843 2768 5912 Κ.
2845 5861 2865 5892 ⁸
2889 5843 3354 5936 τῖὒνστρατηγῶν
