4154 6450
153 409 248 472 {-57
1242 405 1339 464 DE
1380 403 1694 463 EXCIDIO
1724 397 2166 461 TIIESSALON
2181 399 2336 457 lC.E.

3309 404 3414 463 558

148 526 351 596 τυχεῖν,
385 523 467 576 ὅτι
517 521 614 588 Μὴ
650 520 993 588 .τρσσει’·χου
1042 518 1191 584 ὑπὲρ
1248 519 1354 571 τοῦ
1388 519 1542 574 λαοῦ
1596 518 1732 570 τού-

1847 512 1978 568 Nolt'
2011 530 2165 567 orare
2195 529 2290 581 pro
2319 514 2509 581 populo
2543 517 2665 577 hoc;
2703 521 2826 584 quia
2858 536 2957 572 non
2985 522 3263 571 exaudiam
3302 527 3418 578 lu';

147 633 281 669 του·
338 616 412 666 οὐ
461 615 572 682 γὰρ
601 611 1040 678 sicani-(royal
1085 627 1221 664 σου.
1271 610 1415 663 Ἔδει
1471 611 1598 681 γὰρ,
1632 609 1738 662 ἔδει

149 705 238 757 τὸν
270 703 745 776 παραχωρηθέντα
778 702 900 755 καθ’
929 701 1086 772 ἡμῶν
1119 702 1339 771 ὄλεθρον
1374 701 1738 770 ἐνεργεῖσθαι,

150 797 213 851 ἶν’
235 797 405 865 ἔχωσι
437 796 639 862 γνῶναι
665 797 862 857 πάντες
887 795 935 847 οἱ
967 797 1025 846 έν
1047 793 1342 864 ἁμαρτίαις
1371 793 1524 855 ὄντες
1546 793 1622 854 ὼς
1646 793 1738 844 ού-

147 889 229 942 δὲν
255 890 431 950 οὔτως
463 890 763 941 ἐπισπᾶται
791 887 848 938 τὸ
883 885 1064 938 θεῖκδν
1087 882 1183 948 οὖς
1209 886 1345 954 πρὸς
1377 886 1474 947 τὰς
1505 885 1609 938 ὑπὸ
1627 885 1739 937 τῶν

145 979 320 1046 ἁγίων
357 976 810 1048 προσφερομένας
832 977 1044 1047 δεήσεις
1070 977 1146 1040 ὡς
1168 975 1462 1046 ὀρθοτομία
1492 975 1611 1046 βίου
1644 975 1737 1028 καὶ

147 1071 394 1141 ἀρίστων
425 1070 715 1140 ἐπιμέλεια
756 1069 1122 1140 πραγμάτων.

214 1163 328 1231 κγ’.
372 1165 460 1216 Ἐν
494 1165 604 1232 ὅσῳ
633 1164 740 1233 γὰρ
770 1162 860 1232 ὑφ’
891 1163 1048 1233 ἡμῶν
1084 1163 1174 1214 ἐπὶ
1214 1162 1426 1232 ματαίῳ
1462 1160 1634 1217 ταῦτα
1664 1160 1740 1214 δι-

151 1254 544 1317 εστι-ηδάζετο,
585 1249 688 1326 ἧκέ
713 1272 794 1315 τις
815 1255 912 1317 τὰς
949 1253 1289 1324 βαρϐαρικάς
1338 1255 1470 1323 νῆας
1503 1252 1601 1324 ἠδη
1635 1271 1736 1304 που

145 1349 299 1417 παρὰ
330 1348 422 1400 τὸν
450 1347 654 1417 αὐχένα
685 1346 774 1403 τοῦ
805 1346 1067 1418 ῥηθέντος
1129 1346 1388 1399 Ἐκϐὁλου
1436 1345 1737 1415 πλησιάσαι

145 1439 519 1510 καταμηνύων
575 1438 862 1510 Κυριακῆς
893 1437 1116 1509 ἡμερῶν
1172 1436 1611 1507 ἐπιφωσκούσης,
1651 1438 1739 1488 ἐν-

145 1533 316 1602 νάτης
351 1533 449 1584 καὶ
499 1533 714 1595 εἰκάδος
761 1533 1037 1603 ἀγομένης
1071 1531 1240 1602 μηνὸς
1283 1529 1526 1595 Ἰουλίου,
1581 1529 1739 1592 ἔτους

143 1625 330 1692 ,ςυ;β’.
362 1623 478 1693 Τῆς
507 1623 598 1692 οὖν
623 1625 813 1693 φήμης
833 1623 1038 1693 ταύτης
1065 1624 1246 1676 πᾶσαν
1272 1621 1483 1693 ἁθρόως
1514 1621 1737 1692 διαδραο

147 1715 358 1784 μούσης
386 1717 486 1783 τὴν
524 1715 678 1768 πόλιν
707 1714 936 1785 θόρυϐος
971 1715 1070 1783 μὲν
1089 1713 1240 1784 παρὰ
1270 1716 1435 1766 πᾶσιν
1466 1713 1738 1783 άνήγερτο

143 1803 237 1855 καὶ
274 1802 464 1862 κλόνος
495 1805 589 1858 καὶ
612 1804 869 1873 τάραχος,
912 1801 1088 1856 ἄλλων
1118 1802 1247 1856 ἄλλο
1278 1820 1330 1854 τι
1369 1801 1618 1873 βοώντων
1643 1801 1735 1856 καὶ

142 1899 274 1966 περί
331 1896 424 1948 τοῦ
461 1895 825 1966 προκειμένου
881 1894 1313 1966 βουλευομένων,
1355 1894 1732 1962 ὁπλιζομένων
1769 1876 1808 1942 Β

139 2004 196 2052 τε
228 1987 492 2039 ἁπάντων
526 1986 568 2019 ⁸⁸
589 1986 664 2049 ὡς
698 1981 810 2040 οἶόν
839 2003 898 2038 τε
925 1981 1014 2058 ἦν,
1041 1986 1131 2038 καὶ
1165 1985 1302 2053 πρὸς
1334 1985 1396 2037 τὸ
1424 1989 1602 2055 τεῖχος
1630 2003 1734 2038 κα-

138 2077 579 2131 τασπευδόντων.
638 2076 805 2130 Οὔπω
837 2077 891 2129 δὲ
937 2067 1058 2140 ταῖς
1090 2077 1350 2141 ἐπάλξεσι
1380 2077 1474 2130 τού
1519 2079 1733 2147 τείχους

136 2168 576 2238 διασπαρέντων,
614 2169 721 2221 ἰδοὺ
760 2169 821 2238 δὴ
849 2171 944 2223 καὶ
978 2170 1087 2222 τῶν
1120 2169 1412 2241 βαρϐάρων
1438 2173 1492 2223 αἱ
1521 2171 1646 2240 νῆες
1670 2171 1733 2222 ἐκ

136 2264 243 2331 τῆς
285 2262 549 2333 ῥηθείσης
580 2263 857 2332 ἐφάνησαν
892 2263 1104 2334 ὲξοχῆς,
1147 2266 1542 2334 πεπετασμένα
1570 2265 1730 2334 έχου-

138 2373 233 2406 σαι
263 2357 333 2406 τε
372 2355 537 2408 ἱστία.
579 2357 682 2406 Καὶ
702 2356 812 2426 γὰρ
846 2357 987 2409 κατά
1017 2373 1137 2409 τινα
1168 2355 1440 2426 σύμϐασιν
1467 2354 1624 2426 ἔτυχε
1658 2355 1734 2427 τῷ

137 2445 324 2515 καιρῷ
344 2447 517 2513 τούτῳ
538 2447 654 2498 κατ’
678 2446 848 2516 οὐράν
878 2448 1071 2510 αὐταῖς
1093 2449 1473 2518 ὲπεισερρήσας
1508 2449 1730 2517 ἄνεμος,

136 2539 217 2602 ὡς
253 2540 372 2601 ὀἷς
427 2540 638 2602 πολλοῖς
681 2539 861 2592 δοκεῖν
899 2541 1033 2612 μηδὲ
1069 2542 1234 2610 ὲφξ¹⁸
1273 2542 1479 2594 ὑδάτων
1504 2541 1636 2594 ἀλλὰ
1666 2541 1734 2592 δι’

138 2633 309 2701 ἀέρος
348 2631 679 2702 μεταρσίους
729 2632 1070 2703 κομίζεσθαι.
1117 2633 1335 2695 Ἰούλιος
1375 2633 1485 2703 γὰρ
1546 2633 1732 2702 ἤγετο,

140 2722 335 2787 καθὼς
367 2724 607 2796 είρηται,
646 2723 773 2795 μὴν,
797 2726 886 2777 ὅτε
936 2725 1030 2778 καὶ
1061 2725 1222 2782 πλέον
1254 2724 1362 2776 τῶν
1397 2722 1571 2776 ἄλλων
1602 2724 1735 2792 ἡμε-

144 2814 258 2884 ρῶν
278 2817 307 2867 ὁ
337 2815 462 2885 τῇδε
508 2815 824 2878 διακόλπιος
853 2815 1240 2885 ἐπεισέρχεται
1275 2814 1497 2885 ἄνεμος,
1534 2817 1594 2866 ὲκ
1626 2813 1736 2870 τῶν

140 2906 350 2976 ὲξοχῶν
384 2905 480 2961 τοῦ
507 2908 603 2975 τῆς
645 2906 893 2970 Ἑλλάδος
935 2907 1213 2976 Ὀλύμπου
1244 2904 1341 2977 τὴν
1366 2906 1538 2976 ἀρχὴν
1575 2906 1732 2976 ἔχων,

143 2999 240 3050 καὶ
269 2997 467 3067 μέχρις
503 2999 730 3066 ὲννάτης
768 2994 919 3066 ὥρας
951 2997 1060 3049 άπὸ
1097 2997 1338 3066 πρωϊθεν
1370 2999 1454 3068 ἐφ’
1497 2997 1736 3066 ἑκάστης

138 3089 253 3142 τῶν
279 3088 511 3158 θερινῶν
530 3088 756 3159 ἡμερῶν
784 3090 1189 3142 συνεισπίπτων
1209 3087 1294 3159 [Ρ.
1327 3087 1459 3160 337]
1485 3091 1550 3159 τῇ
1584 3089 1735 3142 πόλει

1849 607 2008 676 plane
2046 607 2191 660 enim
2254 621 2485 662 necesse
2517 619 2636 662 erat
2673 617 2730 661 ut
2779 612 2922 677 quod
2979 613 3268 665 advorsum
3327 629 3424 665 nos

1843 696 2126 753 decretum
2154 704 2272 750 erat
2297 697 2522 751 exitium
2555 713 2722 768 opere
2749 703 3139 764 compleretnr,
3179 715 3236 754 ιιι
3263 713 3425 773 quol-

1843 801 1978 860 quot
2013 791 2067 844 in
2104 790 2349 860 peccatis
2379 802 2564 861 agunt,
2604 792 2748 846 scire
2779 801 3005 860 possent
3042 796 3175 849 nihil
3217 796 3286 849 ita
3342 799 3425 850 di-

1844 885 2000 938 vinas
2047 898 2210 938 aures
2252 882 2319 936 ad
2356 896 2549 952 preces
2583 900 2611 937 a
2661 888 2868 940 sanctis
2924 884 3077 940 [usas
3128 889 3426 942 audiendas

1842 976 2082 1040 allicere,
2106 984 2163 1028 ut
2195 975 2320 1029 vita:
2345 987 2526 1031 rectae
2561 977 2811 1032 instituta
2844 980 2987 1032 ratio
3014 987 3068 1032 et
3094 982 3422 1048 optimorum

1842 1076 2063 1121 actuum
2098 1070 2402 1122 accuratio.

1912 1159 2077 1229 519
2105 1159 2196 1211 '23.
2224 1156 2441 1212 Interim
2476 1163 2620 1213 enim
2652 1158 2780 1214 dum
2814 1163 2926 1217 hazc
2960 1179 2988 1216 a
3026 1165 3187 1220 nobis
3217 1164 3425 1221 irustra

1841 1259 2128 1320 geruntur,
2165 1253 2311 1307 venit
2341 1252 2588 1320 quidam.
2617 1255 2710 1328 qui
2741 1253 3063 1312 barbaricas
3108 1273 3279 1313 naves
3310 1260 3424 1328 jam

1840 1345 2093 1414 proxime
2132 1344 2343 1406 Ecboli,
2379 1345 2541 1414 cujus
2568 1347 2829 1416 superius
2880 1348 3088 1402 mentin
3119 1350 3261 1404 facta
3316 1360 3424 1415 est,

1839 1436 2041 1489 cervici
2109 1437 2416 1491 accessisse
2453 1438 2690 1492 nuntiet.
2748 1437 3031 1493 Dominica
3070 1449 3203 1496 tunc
3235 1445 3426 1499 illuce-

1840 1526 2055 1588 scebat,
2087 1527 2120 1580 ι
2157 1525 2434 1581 Kalendas
2460 1527 2719 1596 Augusti,
2753 1545 2897 1585 anno
2931 1532 3000 1578 ab
3032 1532 3168 1588 orbe
3200 1535 3426 1589 condito

1838 1616 1978 1671 6H2
2003 1616 2230 1686 (Christi
2254 1617 2403 1675 ΞΜ).
2429 1615 2596 1671 Fama
2629 1619 2795 1689 igitur
2819 1622 3092 1691 extemplo
3125 1639 3220 1691 per
3253 1633 3425 1679 totam

1841 1709 2031 1764 urbem
2054 1709 2338 1778 divulgata
2360 1709 2573 1766 turbari
2599 1724 2816 1774 omnes,
2837 1711 3095 1778 titubare,
3127 1715 3357 1783 trepidat
3375 1735 3422 1782 ιε,

1839 1800 1984 1854 alius
2011 1799 2157 1853 aliud
2196 1801 2517 1863 inclamare,
2550 1800 2726 1869 deque
2763 1803 3017 1871 prmsenti
3046 1804 3266 1872 negotio
3295 1817 3429 1858 con-

1838 1890 2041 1956 sulere,
2080 1905 2234 1944 arma
2268 1891 2474 1959 pariter
2510 1905 2611 1960 pro
2642 1907 2709 1946 eo
2734 1908 2797 1946 ac
2829 1893 3032 1947 licebat
3083 1909 3324 1968 sumere,
3358 1897 3425 1949 ad

1839 1997 2054 2037 murum
2086 1997 2407 2052 properare.
2446 1982 2803 2053 Necdumque
2837 1984 2946 2039 illis
2984 2000 3081 2055 per
3111 2001 3429 2057 propuguao

1837 2076 1959 2128 cuia
2005 2076 2333 2143 dispertitis,
2384 2090 2450 2130 en
2490 2077 2585 2130 tibi
2627 2085 2681 2131 et
2723 2077 3094 2133 Barbarorum
3147 2094 3316 2135 naves
3358 2097 3423 2148 es

1837 2167 1983 2221 dicta
2009 2167 2311 2220 eminentia
2360 2168 2534 2234 passis
2561 2168 2698 2222 velis
2728 2183 3055 2238 apparuere.
3088 2171 3163 2223 Ita
3189 2186 3428 2241 namque

1838 2267 2034 2314 eventu
2070 2258 2311 2327 quodam
2359 2267 2494 2313 tunc
2549 2261 2814 2330 temporis
2859 2264 3040 2317 ventis
3081 2265 3427 2326 secundissi-

1840 2351 1944 2405 mis
2004 2351 2296 2420 navigaudi
2337 2366 2562 2405 cursum
2623 2361 2810 2406 tenere
2863 2366 2959 2408 eos
2995 2353 3321 2423 contigerat,
3369 2365 3425 2410 ut

1838 2443 2027 2498 multis
2061 2443 2381 2498 viderentur
2410 2458 2518 2495 non
2551 2458 2717 2509 super
2749 2458 2944 2512 aquas,
2983 2445 3076 2498 sed
3115 2460 3212 2514 per
3241 2460 3423 2500 aerem

1839 2537 2104 2592 Sublimes
2144 2536 2291 2590 vehi.
2325 2534 2536 2589 Mensis
2590 2534 2793 2596 Julius,
2840 2536 2918 2588 uti
2976 2537 3237 2609 diximus,
3295 2548 3428 2594 tunc

1839 2637 1979 2691 erat,
2007 2641 2130 2681 cum
2164 2627 2339 2694 magis
2371 2626 2494 2680 aliis
2529 2625 2726 2680 diebus
2753 2637 2951 2681 ventus
2996 2628 3092 2683 hic
3122 2629 3308 2689 sinum
3348 2630 3427 2682 ir-

1841 2718 2068 2786 rumpit,
2105 2732 2171 2783 es
2205 2716 2479 2770 Helladici
2512 2714 2728 2788 Olympi
2777 2719 3060 2773 montibus
3091 2720 3330 2788 spirans,
3368 2728 3427 2776 et

1842 2821 1869 2858 a
1906 2822 2066 2861 mane
2097 2806 2204 2861 diei
2242 2806 2476 2878 singulis
2506 2808 2716 2862 astivis
2749 2807 2946 2863 diebus
2976 2810 3044 2863 ad
3075 2826 3272 2866 nonam
3314 2812 3426 2867 τιτθ-

1840 2913 1957 2950 ram
1991 2898 2181 2951 urbem
2211 2898 2441 2963 feriens,
2477 2914 2774 2970 acremque
2809 2902 3117 2958 eventilans
3150 2918 3212 2958 ac
3235 2905 3428 2961 discu-

1843 2991 2009 3043 tiens.
2068 2989 2248 3058 Hujus
2290 2991 2478 3059 itaque
2519 2992 2666 3046 venti
2705 2991 2923 3048 favente
2977 3009 3132 3061 aura,
3166 2996 3286 3066 ipso
3315 2998 3425 3053 diei

1840 3086 2095 3152 exordio,
2131 3086 2530 3159 bostelelapsi
2561 3104 2727 3159 prepe
2764 3091 3170 3160 applicuerunt.
3201 3095 3278 3147 Ac
3309 3097 3425 3165 pri-

139 3179 242 3234 καὶ
271 3181 365 3232 τὸν
393 3180 530 3252 ἀέρα
556 3181 850 3251 διαφορῶν.
894 3180 1131 3233 Ἐκεῖνον
1163 3175 1256 3234 οὖν
1282 3181 1576 3252 εὑρηκότες
1609 3199 1731 3234 συν-

1847 3193 2015 3242 ιιιιιιη,
2045 3179 2134 3233 ubi
2165 3194 2333 3249 prope
2360 3194 2573 3233 murum
2599 3181 2901 3245 venissent,
2929 3184 3046 3237 vela
3072 3187 3424 3253 contrahunt,

139 3273 309 3345 εργὺν
341 3275 390 3327 οἱ
425 3273 699 3342 πολέμιοι,
741 3273 821 3326 ἔτι
868 3276 965 3344 τῆς
1015 3273 1230 3344 ἡμέρας
1264 3275 1320 3325 ἐν
1368 3274 1510 3344 ἀρχῇ
1542 3272 1730 3342 οὔσης,

141 3353 382 3432 ἐγγύθεν
421 3363 825 3437 προσέῤῥηξαν.
857 3365 968 3420 Καὶ
999 3365 1194 3435 πρῶτα
1226 3366 1326 3434 μὲν
1354 3366 1423 3419 τὰ
1457 3366 1603 3419 ίστία
1634 3386 1734 3435 χαφ

138 3457 314 3511 λῶσιν
351 3456 517 3510 αὐτοῦ
547 3473 648 3510 που
680 3456 832 3526 παρὰ
868 3457 930 3509 τὸ
977 3459 1156 3527 τεῖχος
1175 3457 1483 3526 γενόμενοι,
1516 3458 1608 3510 καὶ
1636 3460 1735 3529 τὴν

142 3550 303 3604 πόλιν
344 3549 502 3603 ὁποία
524 3567 608 3614 τις
642 3549 778 3602 οὖσα
809 3551 1067 3620 τυγχάνει
1098 3549 1376 3621 ἐπιμελῶς
1410 3551 1698 3604 κατενόουν
1718 3567 1731 3580 ·

141 3641 268 3693 οὐδὲ
303 3640 414 3709 γάρ
445 3641 560 3709 ἅμα
583 3639 661 3709 τῷ
692 3639 737 3672 ’⁸
775 3640 1214 3710 καθορμισθῆναι
1253 3641 1352 3709 τῆς
1407 3640 1587 3710 μάχης
1629 3644 1735 3694 ἁπ-

141 3733 405 3804 ήρξαντο,
442 3734 554 3786 ἀλλ’
585 3734 855 3788 ἐνέδωκαν
889 3735 1078 3806 ὀλίγην
1117 3734 1243 3787 τινὰ
1297 3736 1493 3808 σχολὴν
1541 3736 1632 3788 τοῦ
1676 3753 1731 3788 τε

139 3825 583 3896 προπειραθῆναι
636 3825 736 3895 τῆς
771 3827 1053 3897 ἡμετέρας
1097 3825 1302 3897 ἰσχύος,
1337 3827 1485 3891 ὅπως
1520 3828 1734 3898 ἔχωμεν

139 3917 285 3987 προς
341 3917 462 3991 τὴν
490 3917 578 3969 διὰ
605 3915 700 3972 τοῦ
734 3918 974 3988 πολέμου
1008 3918 1352 3991 συμπλοκὴν,
1389 3919 1482 3971 καὶ
1510 3920 1734 3982 ἑαυτοὺς

141 4009 286 4080 πρὸς
315 4008 475 4063 τοῦτο
507 4010 638 4063 αὐτὸ
670 4011 987 4081 ὲξασκῆσαι.
1015 4012 1291 4081 Ἔστησαν
1338 4005 1430 4064 οὖν
1455 4011 1588 4077 τέως
1635 4030 1732 4064 πε-

143 4101 370 4171 ριδεεῖς,
405 4102 594 4172 μηδενὶ
627 4101 732 4154 τῶν
761 4102 1055 4174 ὁρωμένων
1105 4103 1324 4174 ἔχοντες
1365 4103 1643 4174 ἐξομοιοῦν
1669 4104 1736 4157 τὰ

142 4181 463 4263 βλεπόμενα
485 4209 497 4220 ·
533 4192 689 4250 πόλιν
718 4193 824 4263 γὰρ
847 4193 1138 4258 κατενόουν
1164 4192 1344 4262 πολλῷ
1378 4193 1484 4263 μέν
1503 4211 1609 4247 τινι
1640 4211 1736 4262 με·

139 4284 297 4352 γέθει
333 4283 815 4353 πεπλατυσμένην,
847 4283 979 4336 λαοῦ
1004 4283 1058 4339 δὲ
1088 4284 1280 4349 πλήθει
1315 4286 1459 4337 ἅπαν
1479 4283 1539 4337 τὸ
1557 4287 1735 4356 τεῖχος

141 4375 722 4446 περιεστοιχισμένην.
772 4374 862 4440 Ἐξ
886 4369 948 4429 οὗ
994 4376 1057 4445 δὴ
1113 4376 1206 4429 καὶ
1239 4379 1299 4428 π)
1316 4377 1402 4431 έον
1449 4379 1733 4430 καταπλα-

138 4468 340 4536 γέντες
378 4469 573 4537 μικρὸν
601 4467 698 4538 τὴν
731 4467 912 4538 μάχην
940 4470 1194 4538 ἐπέσχον,
1228 4469 1303 4531 ὡς
1334 4470 1397 4522 ὲκ
1419 4469 1610 4522 τούτου
1641 4470 1736 4524 καὶ

1841 3281 1892 3322 et
1929 3271 2062 3326 urbs
2094 3285 2349 3343 quaenam
2383 3287 2448 3326 ac
2482 3282 2686 3344 quanta
2720 3282 2868 3327 esset
2902 3274 3198 3345 diligenter
3224 3278 3418 3345 θηρω-

1841 3374 1983 3416 rant.
2017 3362 2205 3433 Neque
2239 3365 2384 3419 enim
2422 3366 2605 3419 statim
2652 3368 2866 3436 appulsi
2905 3383 3142 3438 pugnam
3177 3370 3424 3437 aggressi

1843 3462 1991 3514 sunt,
2025 3454 2120 3508 sed
2161 3469 2355 3524 parum
2391 3456 2593 3526 aliquid
2636 3458 2735 3512 otii
2769 3457 2932 3528 520
2982 3460 3082 3514 sibi
3118 3461 3422 3522 indulsere.

1842 3554 1954 3597 tum
2009 3553 2068 3599 ut
2115 3556 2274 3601 antea
2315 3535 2539 3611 nostras
2570 3550 2716 3604 vires
2748 3559 2913 3620 atque
2953 3552 3172 3605 animos
3202 3553 3267 3606 ad
3322 3569 3424 3618 pu-

1841 3636 2119 3705 gnandum
2150 3641 2560 3710 experirentur,
2591 3651 2705 3696 tum
2741 3653 2799 3695 ut
2836 3645 3157 3712 semetipsos
3193 3644 3259 3698 ad
3316 3644 3423 3698 hoc.

1843 3732 2021 3799 ipsum
2058 3743 2408 3788 exercerent.
2438 3733 2724 3796 Steterunt
2754 3736 2924 3804 igitur
2955 3737 3225 3791 hactenus
3263 3738 3422 3792 meti-

1840 3823 2042 3885 culnsi,
2074 3839 2196 3876 eum
2235 3825 2370 3877 nulli
2402 3839 2591 3879 eorum
2625 3841 2746 3896 quae
2773 3827 3040 3882 vidissent
3092 3843 3266 3896 exque
3317 3845 3424 3884 usu

1842 3912 2111 3968 haberent
2141 3913 2195 3967 in
2233 3923 2534 3987 conspectu
2581 3918 2760 3985 posita
2803 3917 2954 3985 justa
2986 3918 3122 3972 satis
3163 3919 3433 3971 similitua

1839 4005 1967 4058 dine
1997 4020 2323 4075 comparare
2354 4018 2599 4076 possent.
2636 4007 2883 4078 Namque
2915 4011 3108 4062 urbem
3162 4010 3425 4065 conside—

1841 4098 2038 4158 rabant
2072 4098 2274 4168 ingenti
2303 4099 2868 4170 magnitudinelonge
2895 4102 3111 4171 lateque
3143 4101 3423 4162 diﬂ'usam,

1843 4190 2145 4260 frequentia
2170 4191 2356 4261 populi
2385 4207 2480 4261 per
2509 4194 2654 4246 muri
2685 4193 2949 4247 ambitum
2975 4197 3425 4264 circumseptam.

1845 4284 1996 4344 Unde
2025 4292 2079 4339 et
2111 4284 2283 4355 magis
2309 4285 2527 4340 attoniti
2563 4286 2845 4354 paululum
2876 4301 2905 4339 a
2944 4302 3122 4356 pugna
3149 4302 3215 4341 se
3242 4289 3424 4342 conti-

1841 4387 2101 4443 nuerunt,
2139 4385 2200 4431 ut
2233 4385 2286 4431 et
2315 4392 2417 4431 nos
2444 4391 2664 4447 quoque
2705 4378 2831 4431 inde
2880 4379 3047 4448 paulo
3095 4378 3425 4433 audaciores

1843 4468 1970 4523 facti
1991 4484 2086 4538 per
2102 4484 2198 4539 eas
2231 4484 2413 4523 moras
2435 4471 2677 4524 etotium
2706 4471 2918 4525 animos
2937 4470 3421 4540 resumpserimus.

139 4563 282 4632 ἡμῖν
315 4560 641 4629 ἐγγενέσθαι
675 4559 850 4631 βραχύ
901 4579 955 4614 τι
997 4561 1196 4631 θάρσος
1241 4563 1335 4616 καὶ
1397 4563 1602 4634 μεταξὺ
1640 4565 1739 4650 τῆς
1772 4564 2029 4634 τοιαύτης
2065 4563 2263 4636 σχολῆς
2296 4563 2394 4627 τὰς
2423 4564 2604 4634 ψυχὰς
2635 4564 3069 4632 ἀνακτήσασθαι.

217 4650 319 4706 κδ’.
347 4650 506 4706 Οὕτω
560 4652 620 4706 δὲ
661 4653 831 4706 όντων
867 4654 1025 4724 ἡμῶν
1054 4653 1200 4726 ἔδοξε
1230 4655 1306 4726 τῷ
1342 4655 1737 4728 καθηγουμένῳ

1911 4658 1999 4712 αι.
2040 4655 2097 4710 In
2155 4655 2242 4711 bis
2295 4671 2421 4709 cum
2479 4670 2748 4720 essemus,
2782 4657 2960 4710 visum
3011 4667 3093 4713 est
3148 4659 3422 4715 barbarici

138 4745 244 4798 τοῦ
275 4743 388 4797 τῶν
416 4743 706 4815 βαρϐάρων
742 4745 978 4816 στρατοῦ
1017 4745 1246 4800 διελθεῖν
1273 4745 1420 4800 ἅπαν
1444 4753 1506 4801 τὸ
1544 4751 1742 4822 τεῖχος,

1845 4749 2123 4804 exercitus
2155 4747 2280 4802 duci
2318 4763 2536 4802 omnem
2575 4749 2717 4802 muri
2754 4760 2986 4818 partem,
3016 4766 3137 4820 qua:
3171 4753 3310 4806 mari
3341 4755 3424 4807 al-

136 4840 273 4891 ὃσον
320 4836 708 4907 περικλύζιται
730 4841 798 4912 τῇ
841 4837 1108 4911 θαλάσσῃ.
1136 4840 1336 4904 Σκαιὸς
1377 4839 1435 4893 δὲ
1460 4834 1615 4905 οὗτος
1651 4843 1737 4896 καὶ

1846 4841 2035 4905 luitur,
2077 4841 2553 4895 circumlustrare.
2582 4838 2715 4895 Erat
2746 4855 2877 4895 vero
2905 4842 2996 4896 hic
3022 4842 3109 4897 vir
3139 4844 3425 4914 improbus

141 4930 519 5002 παμπόνηρος
544 4925 631 4998 ἦν,
661 4930 756 4989 καὶ
782 4915 854 5002 Ῐτῇ
895 4932 1188 5004 ὁμωνυμίᾳ
1222 4931 1316 4985 τοῦ
1346 4933 1509 5004 θηρὸς
1541 4934 1740 4995 κατάλτ-

139 5022 314 5092 ληλον
346 5024 440 5074 καί
466 5023 563 5090 τὴν
589 5022 784 5093 πρᾶξιν
801 5023 1270 5095 ἐπιδεικνύμενος,
1304 5027 1397 5080 καὶ
1420 5026 1571 5081 οὐδὲν
1595 5028 1744 5096 άμειο

137 5132 239 5169 νον
267 5116 481 5168 ἐκείνου
509 5115 615 5167 τῶν
649 5117 868 5185 τρόπων
908 5119 977 5188 τῇ
1019 5118 1304 5190 ἀγριότητι
1341 5119 1434 5172 καὶ
1457 5118 1534 5190 τῷ
1567 5119 1737 5172 ἀκαθ-

139 5207 294 5274 έιιτερ
357 5206 456 5277 τῆς
513 5207 691 5277 ὁρμῆς
733 5209 1098 5280 διακείμενος.
1156 5212 1370 5280 Ἐγνως
1446 5213 1501 5266 δέ
1550 5212 1738 5265 τοῦτον

144 5300 375 5362 πάντως
427 5302 520 5354 καὶ
553 5301 717 5366 αὐτὸς
741 5303 810 5357 ἑκ
843 5303 941 5372 τῆς
989 5306 1197 5377 φήμης,
1232 5306 1556 5379 περιϐόητον
1583 5305 1738 5376 ἐχού-

145 5406 254 5460 σης
298 5389 400 5460 τὴν
424 5389 516 5442 τοῦ
550 5391 738 5462 ἀνδρὸς
789 5393 1009 5459 κακίαν,
1032 5395 1116 5458 ὡς
1161 5395 1431 5466 μηδέποτέ
1468 5415 1590 5451 τινα
1629 5396 1739 5449 τῶν

142 5483 507 5551 λαλουμένων
530 5483 742 5536 ἀσεϐῶν
774 5487 853 5548 εἰς
873 5485 1147 5557 τοσαύτην
1183 5487 1395 5553 ἐλάσαι,
1421 5488 1496 5552 ὡς
1541 5487 1740 5558 ἀκορέο

143 5591 296 5638 στως
329 5571 476 5643 ἔχειν
500 5576 634 5647 όρᾷν
664 5575 1023 5646 ἀνθρωπίνων
1047 5578 1294 5650 αἱμάτων
1341 5579 1594 5663 ἐκχύσεις
1647 5579 1740 5632 καὶ

221 5701 244 5732 ³
277 5697 485 5754 Jerem.
515 5715 609 5765 vn,
656 5700 740 5757 l6.

1845 4933 2404 5005 scelestissimusque,
2467 4948 2533 4990 ac
2591 4934 2681 5005 qui
2717 4935 3061 5007 cognominis
3111 4935 3306 4993 bellua
3357 4938 3423 4992 ad

1843 5027 2105 5081 amussim
2141 5035 2331 5096 gestus
2365 5037 2653 5098 motusque
2685 5031 2933 5085 referens
2963 5032 3097 5085 nihil
3127 5032 3319 5102 impari
3348 5034 3424 5088 illi

1846 5121 1989 5186 geniii
2034 5120 2318 5177 ferocitate
2371 5121 2674 5192 eil'renique
2719 5123 2922 5192 impetu
2961 5126 3220 5193 praeditus
3253 5141 3400 5182 esse.

1847 5209 2164 5282 Cognovisti
2215 5220 2268 5265 et
2323 5224 2378 5268 tu
2415 5227 2643 5283 prorsus
2676 5214 2974 5278 hominem,
3005 5230 3070 5268 ex
3104 5215 3251 5270 fama
3307 5234 3428 5287 quia

1846 5303 2086 5359 hominis
2121 5306 2537 5375 perversitatem
2589 5319 2654 5359 ac
2702 5304 3007 5374 nequitiam
3041 5307 3243 5376 ubique
3296 5325 3426 5378 gen-

1850 5396 1983 5450 tium
2020 5397 2374 5465 depraedicat,
2402 5406 2462 5451 ut
2493 5397 2679 5454 nullus
2707 5413 2902 5454 eorum
2937 5400 3027 5468 qui
3059 5415 3290 5470 usquam
3326 5401 3428 5453 im-

1849 5487 2068 5556 pietatis
2100 5489 2325 5544 nomine
2361 5488 2619 5544 celebrati
2653 5500 2806 5556 sunt,
2839 5491 2891 5544 in
2924 5499 3129 5546 tantam
3160 5493 3282 5562 ejus
3325 5493 3428 5546 im-

1851 5578 2168 5647 manitatem
2194 5596 2593 5654 excessumque
2624 5584 2880 5651 evaserit,
2906 5583 3067 5655 cujus
3093 5587 3165 5640 sit
3196 5587 3425 5640 insatia-

1463 5776 1693 5830 ι-ΑιιιΑῖ
1726 5773 2128 5844 LECTIONES.

226 5865 274 5899 ί³
308 5863 530 5918 πάντων
560 5868 622 5920 Δ.
704 5868 744 5897 ³⁵
782 5870 870 5937 ὑφ’
905 5871 965 5932 Ρ,
1045 5871 1088 5901 ’⁵
1119 5869 1209 5923 τοῦ
1243 5874 1306 5924 Δ.
