4154 6450
185 357 292 418 561

1283 354 1378 414 DE
1421 354 1731 413 EXCIDIO
1760 353 2365 414 THESSALONICii.

3335 346 3439 412 Lb?

186 470 380 532 δόξωσι
435 464 835 535 κατεπτηχέναι
888 468 988 536 τὴν
1023 467 1249 535 πρώτην
1296 465 1623 536 προσϐολὴν,
1666 464 1767 518 οὐκ

1886 462 2256 534 ,repidatione,
2307 475 2409 516 nec
2437 474 2503 514 eo
2553 473 2741 513 rursus
2777 471 2889 527 quo
2943 457 3287 526 postmodum
3352 461 3437 514 usi

185 560 357 622 ἀδεῶς
393 561 510 628 μὲν,
535 559 656 612 οὐδὲ
688 560 852 612 πάλιν
886 557 1004 628 μεθ’
1034 553 1102 630 ἧς
1134 551 1362 629 ὕστερον
1398 556 1637 627 ἐχρῶντο
1665 574 1767 627 μα-

185 654 327 713 via;
359 650 495 703 ἀλλὰ
522 667 627 702 τινι
673 648 846 721 λύσσῃ
890 648 1041 718 φόϐῳ
1070 648 1492 719 συγκεκραμένῃ
1541 647 1768 716 πλησίον

186 742 474 811 γενόμενοι
506 744 628 803 ταῖς
655 742 765 794 ἀπὸ
794 740 904 793 τῶν
934 740 1103 811 βελῶν
1125 740 1316 807 νιφάσι
1346 740 1473 804 τοὺς
1503 741 1562 806 ἐξ
1608 743 1766 793 ὲναν·

186 833 311 895 τίας
356 831 647 902 ἠμύνοντο.
704 832 937 885 Ἔπειτα
994 831 1051 884 δέ
1081 848 1132 884 τι
1166 830 1213 863 ’⁸
1242 831 1339 885 καὶ
1389 831 1767 901 ἀναιδέστερον

186 925 513 993 ἐπεχείρουν
545 924 640 975 καὶ
664 922 1057 993 πλησιέστερον
1098 923 1347 992 ἑφορμᾷν
1379 921 1767 988 ἐφιλονείκουν,

189 1012 495 1081 καθώσπερ
521 1014 666 1073 τινὲς
724 1011 1006 1066 ὑλακτικοὶ
1053 1011 1212 1074 κύνες
1245 1012 1337 1063 τὸν
1367 1011 1569 1064 οἰκεῖον
1597 1011 1767 1080 θυμὸν

186 1103 573 1170 διεγείροντες,
629 1104 741 1164 τοῖς
772 1103 893 1155 κατ’
922 1101 1103 1153 αὐτῶν
1148 1099 1235 1171 [Ρ.
1269 1098 1395 1170 539]
1448 1101 1770 1172 φερομένοις

190 1195 301 1247 ἀπὸ
323 1193 417 1247 τοῦ
448 1194 660 1263 τείχους
687 1192 1122 1263 έξαγριούμενοι.
1152 1192 1288 1246 Οὐδὲ
1316 1191 1424 1263 γὰρ
1458 1193 1507 1246 οι
1537 1193 1638 1262 τῆς
1670 1194 1770 1247 πό-

188 1288 329 1347 λεως
366 1287 469 1354 τῆς
507 1285 724 1354 τοξικῆς
752 1286 1114 1356 κατημέλουν,
1151 1286 1266 1340 ἀλλ’
1312 1287 1548 1357 ἐχρῶντο
1599 1286 1771 1359 ταύτῃ

191 1378 399 1444 μᾶλλον
429 1375 675 1444 ἐναργῶς
698 1375 791 1429 καὶ
816 1376 1161 1445 ἐπιτηδείως.
1193 1377 1402 1441 πάντας
1428 1377 1552 1441 τοὺς
1577 1378 1641 1433 ὲκ
1665 1377 1771 1431 τῶν

189 1468 425 1537 πλησίον
456 1466 650 1537 χωρῶν
682 1468 1052 1539 προσρυέντας
1090 1467 1433 1538 Σκλαϐήνους
1455 1472 1566 1534 τοῖς
1587 1470 1772 1533 τόποις

189 1561 426 1622 ἐκείνοις
451 1560 949 1629 καταστησάμενοι,
1000 1552 1074 1614 ὧν
1099 1559 1251 1611 οὐδέν
1280 1563 1428 1614 ἐστιν
1447 1560 1624 1622 οὕτως
1663 1562 1774 1613 τῶν

190 1650 374 1704 ἄλλων
428 1650 847 1720 εὐεπιχείρητον
882 1649 957 1712 ὡς
998 1650 1060 1703 τὸ
1107 1650 1249 1704 κατὰ
1304 1650 1508 1704 σκοποῦ
1558 1650 1773 1717 βαλλειν

190 1744 289 1794 καὶ
327 1742 496 1813 μηδὲν
549 1744 657 1797 τῶν
696 1742 866 1812 βελῶν
891 1744 1071 1797 αὐτῶν
1100 1744 1197 1815 τὴν
1235 1744 1417 1815 ῥύμην
1463 1744 1773 1815 ἀνθυποφέ-

192 1850 333 1903 ρειν.

260 1931 380 1989 σις’.
423 1924 564 1978 Ἀλλ’
592 1926 733 1979 οὕτω
763 1926 1067 1996 βαλλόντων
1091 1930 1369 1998 ἑκατέρων
1401 1932 1495 1984 καὶ
1520 1930 1775 2001 βαλλομέ-

187 2034 322 2077 νων,
346 2017 576 2086 ἰσοπαλῆ
609 2035 667 2069 τε
698 2018 798 2089 τὴν
828 2019 1012 2090 μάχην
1031 2021 1475 2090 προσπίπτουσαν
1502 2024 1773 2076 ἐνδεικνυ-

190 2110 395 2173 μένων,
408 2108 784 2178 διαιρεθέντων
800 2112 943 2174 τινες
961 2111 1067 2165 τῶν
1093 2111 1403 2182 βαρϐάρων,
1428 2114 1537 2167 τῶν
1564 2115 1768 2179 ἄλλων,

184 2196 265 2261 ὡς
290 2199 459 2263 εἰκὸς.
480 2200 857 2272 εὐτολμότεροι
890 2204 983 2255 καὶ
1013 2203 1357 2273 θρασύτεροι,
1378 2206 1468 2257 καὶ
1489 2209 1556 2277 τῇ
1579 2206 1779 2259 θαλάσ-

189 2307 260 2361 σῃ
285 2292 390 2359 τῆς
418 2293 547 2362 νηὸς
578 2295 807 2352 ἑαυτοὺς
841 2296 1247 2359 ἀκοντίσαντες.
1280 2297 1523 2367 κλίμακά
1544 2314 1605 2351 τε
1633 2296 1779 2363 ξυλί-

188 2400 291 2452 νην
323 2383 445 2451 μεθ’
493 2386 703 2437 ἑαυτῶν
739 2386 1187 2453 συγκαθελόντες,
1249 2388 1424 2443 ὤθουν
1454 2390 1679 2457 ἄγοντες
1719 2393 1777 2444 έν

186 2476 305 2536 τοῖς
344 2474 550 2537 ὕδασιν,
591 2478 922 2548 πειρώμενοι
950 2480 1017 2531 δι’
1049 2482 1219 2549 αὐτῆς
1251 2482 1459 2534 ἀνιέναι
1480 2481 1556 2551 τῷ
1583 2483 1775 2552 τείχει,

194 2565 409 2632 μηδένα
437 2566 593 2633 λόγον
640 2568 747 2621 τῶν
797 2571 1004 2622 ἐκεῖθεν
1030 2571 1151 2623 κατ’
1196 2571 1378 2624 αὐτῶν
1412 2573 1779 2642 πεμπομένων

192 2656 540 2725 ποιούμενοι.
579 2660 756 2729 Μέχρι
780 2660 887 2729 γὰρ
926 2659 1020 2713 τοῦ
1051 2661 1276 2732 πλησίον
1303 2663 1555 2730 γενέσθαι
1586 2665 1780 2717 ἐκάλυ-

192 2762 331 2797 πτον
355 2746 423 2798 τὰ
446 2748 697 2817 σώματα,
728 2751 1015 2820 νηχόμενοι
1041 2769 1099 2805 τε
1133 2752 1212 2821 τῷ
1250 2752 1405 2806 ὕδατι
1438 2753 1533 2807 καὶ
1558 2755 1660 2817 τὰς
1690 2772 1779 2807 κε-

194 2835 378 2903 φαλὰς
405 2840 523 2899 ταῖς
540 2838 580 2868 ¹⁹
606 2840 797 2891 ἀσπίσι
819 2858 885 2892 πε
897 2845 1311 2911 ριφραττόμενοι
1330 2860 1342 2872 ·
1367 2844 1452 2895 ὅτε
1477 2844 1520 2896 δ’
1549 2844 1779 2912 ἐγγύθεν

194 2929 469 2994 ἐγένοντο,
508 2930 569 2981 τὸ
601 2930 743 3002 ὕδωρ
767 2932 1165 3001 ἀποδυσάμενοι
1191 2934 1616 3005 ῥωμαλεώτερον
1649 2939 1778 2990 ἀντ-

194 3024 345 3091 εῖχον
393 3025 513 3085 ταῖς
548 3024 726 3092 βολαῖς
759 3026 1247 3094 προσπαλαίοντες,
1278 3028 1378 3091 τὰς
1413 3027 1647 3091 ἀσπίδας
1679 3029 1776 3096 μόε

1868 561 1997 610 sunt
2026 552 2234 615 furore.
2265 552 2359 607 sed
2392 550 2551 607 rabie
2575 549 2775 604 timore
2800 550 2963 604 mista
2998 550 3223 618 propius
3252 550 3441 607 admo-

1869 652 2058 700 ventes
2079 643 2252 700 denso
2295 644 2619 713 sagittarum
2667 641 2856 694 nimbo
2907 641 3257 696 adversarios
3307 658 3434 712 pra—

1871 736 2111 791 mebant.
2136 736 2485 791 Postmodtnn
2520 732 2677 803 523
2712 746 2841 785 vero
2869 732 3032 786 etiam
3063 732 3440 802 impudentius

1869 827 2084 896 aggredi
2109 842 2171 883 ac
2198 824 2528 896 proximiore
2553 824 2753 893 impetu
2783 822 2890 876 vim
2922 824 3274 890 contendere,
3293 824 3439 878 haud

1870 932 2030 973 secus
2059 932 2123 973 ac
2156 919 2419 972 latrantes
2446 928 2612 969 canes
2646 914 2926 982 proprium
2957 913 3263 968 excitantes
3289 914 3442 969 furo-

1871 1023 2009 1073 rem,
2039 1010 2105 1063 iis
2130 1023 2251 1074 quae
2288 1023 2318 1062 e
2352 1020 2510 1061 muro
2550 1005 2605 1059 in
2646 1006 2795 1075 ipsos
2823 1005 3175 1074 jactabantur
3206 1005 3444 1060 immane

1870 1098 2099 1153 eﬂerati.
2117 1096 2250 1152 Nam
2273 1113 2449 1167 neque
2479 1096 2739 1166 oppidani
2764 1096 3040 1165 jaculandi
3066 1105 3237 1150 artem
3262 1099 3445 1167 negle-

1874 1197 2086 1254 xerunt,
2120 1188 2213 1243 sed
2244 1203 2304 1242 ea
2335 1187 2517 1242 acrius
2540 1186 2957 1256 dexterioreque
2991 1186 3449 1241 conatu‘utebatr-

1873 1290 1983 1342 tur,
2032 1282 2291 1335 omnibus
2322 1280 2414 1349 qui
2447 1296 2514 1335 ex
2549 1279 2778 1334 finitima
2810 1280 3031 1351 regione
3070 1278 3450 1335 confluxerant

1872 1373 2153 1427 Sclavenis
2187 1372 2254 1427 iis
2289 1373 2341 1426 in
2376 1372 2513 1427 locis
2541 1371 2846 1441 dispositis,
2884 1372 3089 1441 quibus
3134 1372 3188 1426 in
3221 1370 3450 1440 reliquis

1873 1464 2008 1519 nihil
2069 1465 2149 1519 sic
2198 1464 2517 1533 espeditum
2576 1478 2745 1532 quam
2802 1471 2859 1515 ut
2904 1464 3007 1516 rite
3055 1464 3351 1517 collineeut
3398 1473 3453 1516 ct

1874 1570 2098 1625 scopum
2141 1556 2339 1608 feriant
2392 1571 2490 1610 nec
2527 1556 2738 1609 ruentia
2782 1556 3027 1625 ipsorum
3071 1555 3249 1625 iacula
3289 1553 3451 1625 quid-

1875 1663 2040 1718 quam
2072 1649 2341 1704 sustineat
2366 1685 2375 1694 .

1872 1924 1903 1952 ‘
1947 1931 2037 1988 9.6.
2095 1934 2205 1989 Iloc
2259 1939 2439 1988 autem
2494 1933 2676 1998 modo,
2722 1933 2852 1986 dum
2904 1933 3122 2002 utrique
3162 1927 3361 2001 jaculis
3403 1940 3457 1986 e‘t

1876 2028 2064 2082 darent
2120 2026 2261 2080 ictus
2307 2033 2361 2077 et
2410 2026 2756 2094 acciperent,
2818 2025 3056 2093 fortique
3103 2022 3459 2078 dimicatimne

1878 2132 2112 2187 pugnam
2147 2117 2443 2185 ancipitem
2488 2116 2750 2179 facerent,
2780 2117 3140 2170 Barbarorum
3175 2114 3397 2186 quidam
3427 2127 3463 2168 a‘

1879 2208 1996 2261 suis
2023 2207 2206 2271 divisi,
2242 2207 2487 2274 reliquis.
2532 2214 2589 2257 ut
2639 2222 2738 2276 par
2770 2211 2872 2268 est,
2909 2201 3361 2272 majoriaudacia
3398 2221 3461 2259 ac

1878 2297 2209 2367 przeﬁdentia
2250 2298 2393 2359 freti,
2424 2313 2453 2351 e
2484 2298 2602 2351 navi
2634 2298 2687 2351 in
2709 2312 2858 2350 mare
2892 2296 3261 2365 prosilientes,
3296 2304 3460 2365 atque

1878 2392 2104 2452 scalam,
2135 2408 2297 2460 quam
2340 2392 2393 2444 in
2428 2391 2586 2459 aquis
2626 2390 2921 2458 pellebant,
2966 2404 3151 2443 secum
3197 2388 3460 2449 ferentes.

1876 2499 1939 2539 ea
1975 2486 2027 2537 in
2061 2500 2276 2538 murum
2308 2483 2544 2538 evadere
2580 2483 2901 2543 tentabant,
2940 2481 3145 2534 nullam
3190 2482 3459 2535 rationem

1880 2573 2144 2629 habentes
2176 2589 2367 2629 eorum
2403 2590 2525 2644 quae
2562 2574 2691 2628 inde
2728 2573 2780 2627 in
2817 2574 2939 2628 illos
2972 2573 3295 2642 praesidiarii
3333 2574 3464 2626 mit-

1878 2666 2083 2720 tcbant.
2117 2664 2252 2721 Cum
2289 2666 2435 2721 enim
2489 2666 2719 2719 necdum
2767 2678 2934 2734 prope
2988 2665 3211 2718 omnino
3257 2674 3463 2740 essent.

1878 2774 2111 2829 corpora
2164 2760 2420 2827 tegebant
2452 2758 2611 2825 aquis
2664 2758 3019 2818 innatantes,
3069 2755 3246 2825 capita
3291 2758 3466 2811 scutis

1879 2849 2257 2920 circumsepti.
2314 2847 2418 2903 Ubi
2465 2856 2647 2901 autem
2701 2846 2811 2916 jam
2868 2861 3037 2917 prope
3071 2846 3352 2901 venissent
3402 2858 3467 2899 ac

1882 2942 2040 3011 aquis
2083 2942 2349 3005 exissent,
2398 2940 2677 2995 robustius
2713 2940 3068 3001 resistebant,
3109 2937 3308 2992 ictibus
3352 2936 3467 2990 col-

1882 3034 2192 3095 luctantes,
2242 3049 2364 3087 cum
2432 3040 2588 3087 scuta
2662 3031 3007 3088 solummodo
3062 3033 3115 3085 in
3188 3030 3465 3100 capitibus

194 3133 297 3178 νας
330 3115 590 3184 φέροντες
622 3119 711 3168 ἐπὶ
731 3119 992 3188 κεφαλῆς,
1029 3116 1149 3174 εἶτα
1175 3121 1270 3190 τὴν
1309 3122 1553 3189 κλίμακα
1583 3124 1777 3176 θᾶττον

1887 3125 2111 3181 ferrent.
2137 3125 2273 3180 Tum
2293 3125 2439 3180 scala
2463 3124 2751 3179 celerrime
2772 3123 3199 3194 propugnaculis
3223 3123 3466 3185 admota.

196 3207 348 3257 κατὰ
386 3206 498 3258 τῶν
526 3195 800 3273 ἐπάλξεων
829 3209 1225 3269 ἀνελκύσαντες
1248 3214 1569 3284 ἐπεχείρουν
1594 3216 1663 3268 δι’
1686 3217 1783 3269 αὐ-

196 3297 303 3365 τῆς
328 3297 542 3352 ἀνιέναι
596 3300 687 3352 καὶ
744 3301 875 3353 εἴσω
903 3303 1123 3371 χωρεῖν.
1174 3302 1333 3356 Ἀλλὰ
1388 3305 1698 3374 προέφθασε
1727 3308 1787 3360 τὺ

201 3387 634 3460 βεϐουλευμένον
656 3393 684 3445 6
714 3390 962 3456 θάνατοςι
989 3394 1082 3447 καὶ
1102 3395 1230 3463 πρὶν
1252 3395 1495 3465 ἀκριϐῶς
1515 3398 1788 3468 σκοπῆσαι

200 3483 322 3545 πῶς
348 3482 447 3553 τὴν
466 3483 712 3537 ἐπίνοιαν
736 3501 916 3554 συμπε
927 3485 1151 3555 ράνωσι,
1175 3487 1275 3554 τῆς
1294 3486 1437 3556 ζωῆς
1459 3488 1784 3545 ἀπελύοντοο

203 3576 373 3645 μόνον
396 3575 507 3647 γὰρ
527 3577 611 3630 ὃτι
645 3577 690 3607 ’⁸
722 3580 842 3640 ταῖς
872 3577 1099 3648 βαθμίσι
1129 3578 1196 3631 τὰ
1230 3578 1347 3650 ἴχνη
1380 3581 1660 3652 ἐκίνησαν,
1694 3584 1790 3636 καὶ

200 3668 367 3736 δίκην
395 3669 640 3737 χαλάζης
677 3670 890 3739 πυκνῆς
912 3673 962 3723 οἱ
996 3670 1133 3723 λίθοι
1154 3672 1274 3724 κατ’
1297 3673 1475 3727 αὐτῶν
1496 3674 1791 3743 ἀφεθέντες

198 3760 343 3830 ὁμοῦ
374 3763 439 3829 τῇ
472 3760 715 3832 Θαλάσσῃ
751 3763 847 3815 καὶ
864 3762 940 3832 τῷ
962 3762 1168 3833 ὀλέθρῳ
1188 3764 1411 3827 τούτους
1437 3764 1793 3829 ὲξανεσκεύα-

204 3866 333 3903 σιν.
374 3851 463 3903 Ἑν
498 3852 711 3914 τούτοις
768 3850 1159 3921 ὀπισθόρμητοι
1194 3854 1364 3907 πᾶσαι
1408 3854 1676 3925 χωροῦσιν
1718 3857 1776 3908 αἱ

202 3941 364 4009 νῆες,
414 3941 626 4006 οὐδενὸς
652 3943 814 3997 ἄλλου
863 3944 1104 3997 τοιούτου
1147 3945 1286 4008 τέως
1344 3947 1647 4017 ἐπιχειρεῖν
1676 3949 1795 4001 τολ-

206 4031 405 4102 μηρῶς
454 4032 677 4102 ἔχουσαι
704 4050 717 4064 ·
764 4036 954 4104 μόναις
986 4036 1043 4089 δὲ
1077 4039 1197 4099 ταῖς
1244 4036 1352 4091 ἀπὸ
1383 4038 1491 4091 τῶν
1524 4036 1692 4108 βελῶν
1720 4058 1796 4094 νι-

203 4126 369 4193 φασι,
420 4127 517 4178 καὶ
560 4127 722 4180 αὐτὸν
770 4128 862 4181 τὸν
892 4129 1030 4199 ἀέρα
1082 4128 1534 4194 συσκιαζούσαις,
1569 4132 1796 4188 ἔϐαλλον

203 4219 321 4270 ἀπὸ
368 4218 632 4289 μηκόθεν,
683 4222 833 4275 οὐδὲν
890 4217 1051 4293 ἦττον
1097 4224 1194 4276 καὶ
1224 4224 1405 4277 αὐτῶν
1450 4224 1797 4297 βαλλομένων

203 4314 324 4370 τοῖς
360 4330 420 4365 τε
448 4312 628 4382 βέλεσι
654 4315 1031 4385 πεμπομένοις
1053 4315 1322 4385 εὐστόχως
1354 4319 1447 4371 καὶ
1483 4318 1639 4388 ὀλίγα
1677 4321 1798 4374 δια·

209 4407 559 4477 μαρτάνουσι
591 4409 685 4460 καὶ
734 4410 856 4471 ταῖς
906 4408 1016 4461 ἀπὸ
1040 4408 1149 4461 τῶν
1180 4408 1524 4479 πετροϐόλων
1558 4429 1797 4482 καταφοο

1886 3231 1985 3288 per
2026 3233 2146 3273 eam
2199 3217 2499 3271 ascendere
2539 3224 2703 3284 atque
2752 3218 2902 3271 intro
2948 3214 3245 3284 pervadere
3294 3223 3472 3269 tenta-

1889 3310 2043 3364 bant.
2081 3309 2281 3363 Vcrum
2316 3323 2465 3361 mors
2497 3308 2785 3363 consilium
2815 3308 3094 3377 praevertit
3119 3307 3340 3377 vitaque
3374 3323 3471 3360 ex.

1895 3404 2211 3464 trinluntur,
2236 3402 2357 3469 ejus
2383 3408 2549 3454 tanta:
2579 3400 2657 3454 rei
2681 3398 3024 3468 perﬁcienda:
3051 3398 3212 3453 modo
3236 3397 3468 3453 necdum

1896 3491 2059 3564 524
2083 3493 2328 3561 όὶεριιριο
2363 3509 2376 3546 :
2411 3492 2500 3546 vix
2538 3491 2686 3546 enim
2716 3491 2980 3561 gradibus
3019 3490 3245 3561 vestigia
3281 3490 3471 3545 admo-

1890 3594 2105 3650 verant,
2135 3600 2255 3639 cum
2292 3583 2576 3653 grandinis
2611 3585 2786 3638 instar
2820 3586 2999 3653 spissa
3035 3582 3276 3653 lapidum
3310 3583 3393 3638 vis
3413 3583 3471 3637 in

1891 3694 1988 3735 eos
2023 3680 2188 3734 missa
2218 3686 2272 3731 ct
2299 3677 2435 3731 mari
2464 3687 2515 3731 et
2542 3677 2690 3732 Ietbo
2720 3676 3050 3747 proﬂigavit.
3091 3678 3146 3731 lu
3170 3676 3256 3731 his
3285 3689 3473 3732 omnes

1893 3780 2217 3825 retroverste
2267 3784 2436 3825 naves
2493 3769 2631 3823 nihil
2680 3767 2859 3824 simile
2910 3768 3270 3838 imposterum
3325 3782 3476 3823 ausae

1895 3873 2060 3919 sunt:
2087 3861 2465 3916 tantummodo
2498 3861 2822 3931 sagittarum
2856 3860 3076 3925 nimbis,
3104 3860 3265 3930 quiet
3294 3875 3476 3915 aerem

1895 3957 2074 4025 ipsum
2097 3954 2451 4025 obtegebant,
2488 3955 2705 4009 eminus
2734 3952 3106 4018 incessebant,
3133 3967 3255 4006 cum
3289 3959 3344 4008 et
3373 3952 3476 4023 ipsi

1894 4048 2255 4102 nihilominus
2287 4046 2410 4101 telis
2464 4045 2909 4110 incesserentur,
2959 4044 3099 4099 scite
3127 4043 3353 4099 directis
3380 4058 3479 4114 pa-

1897 4154 2129 4209 rumque
2171 4139 2240 4193 ab
2290 4151 2458 4208 scopo
2507 4135 2917 4201 aberrantibus,
2967 4140 3023 4190 et
3065 4149 3097 4190 e
3141 4132 3356 4190 balistis
3412 4150 3486 4191 ac

1898 4231 2193 4301 catapultls
2230 4230 2449 4285 emissis
2488 4225 2786 4298 lapidibus,
2818 4242 3053 4298 quorum
3093 4226 3177 4281 vel
3205 4227 3356 4282 solus
3385 4241 3483 4296 per

1900 4340 2081 4380 aerem
2131 4331 2434 4394 conceptus
2480 4324 2663 4395 fragor
2708 4331 2989 4394 stuporem
3025 4319 3282 4375 Barbaris
3322 4320 3481 4375 incu—

1901 4418 2093 4473 tiebat.

209 4506 359 4574 ραῐς,
394 4496 471 4556 ὧν
533 4504 625 4556 καί
654 4504 814 4566 αὐτὸς
870 4503 1197 4573 μόνοςὸδιὰ
1259 4503 1354 4557 τοὖ
1422 4505 1579 4575 ἀέρος
1648 4509 1994 4583 ὲγγινόμενος
2055 4513 2231 4586 ῥοῖζος
2291 4514 2551 4570 ἔκστασιν
2616 4517 2728 4577 τοῖς
2800 4511 3094 4582 βαρϐάροις
3156 4508 3485 4579 ἀναπειργῷ

204 4589 356 4653 ζετο.

282 4689 394 4754 κζ’.
422 4690 563 4759 Ἤδη
598 4690 707 4761 γὰρ
736 4691 830 4743 καὶ
855 4690 884 4742 6
912 4689 1123 4761 λεχθεὶς
1163 4692 1430 4764 Νικήτας,
1471 4698 1501 4749 6
1533 4698 1671 4770 πρὸς
1702 4699 1784 4753 τοῐ

1973 4700 2063 4753 27.
2092 4698 2212 4752 Jam
2245 4698 2527 4751 enimvero
2558 4706 2613 4751 et
2643 4709 2813 4764 supra
2846 4693 3101 4747 laudatus
3141 4687 3381 4756 Ni’cetas,
3415 4689 3487 4745 ab

211 4786 486 4856 βασιλέως
511 4786 746 4847 σταλεὶς.
777 4785 837 4837 τὺ
863 4788 1041 4856 τεῖχος
1062 4785 1208 4840 ἅπαν
1233 4788 1474 4860 διέτρεχε
1503 4793 1597 4846 τὸν
1629 4793 1801 4863 δῆμον

208 4876 661 4949 παραθαρρύνων
682 4917 697 4942 ,
734 4877 1025 4945 'Ardpec,
1058 4878 1253 4946 λέγων,
1311 4883 1799 4951 Θεσσαλονικεῖς,

209 4968 416 5034 ἄλλως
436 4968 556 5036 μὲν
581 4964 751 5036 εἶχον
772 4969 886 5037 πρὸ
914 4969 1093 5024 τοῦδε
1120 4972 1251 5040 περὶ
1275 4973 1443 5042 ὑμῶν
1460 4975 1804 5045 ὑπολήψεις

212 5061 314 5113 καὶ
347 5062 465 5113 οὐκ
487 5057 562 5111 ἂν
587 5060 741 5113 οὕτω
764 5063 1080 5128 γενναίους
1102 5062 1367 5131 καὶπρὸς
1396 5066 1461 5118 τὸ
1496 5065 1673 5134 ἔργον
1696 5064 1802 5122 τοῦ

211 5152 493 5220 πολέμου
524 5154 863 5222 τολμηροὺς
889 5158 1129 5223 ἔκρινον
1168 5153 1344 5220 εἶναι,
1387 5157 1579 5227 μηδὲν
1611 5160 1804 5214 τοιοῦ-

212 5260 327 5296 τον
343 5242 502 5311 μήτε
528 5244 915 5311 πειραθέντας
933 5244 1120 5299 πάλαι
1144 5246 1299 5314 μήτε
1324 5248 1807 5317 κατενεργήσαν-

213 5353 330 5401 τας
352 5351 370 5367 ο
407 5335 545 5387 νυνί
572 5333 641 5387 δὲ
686 5334 793 5389 τοῦ
821 5336 1165 5405 πράγματος
1195 5338 1234 5405 ἠ
1268 5338 1431 5407 ἀκμὴ
1467 5342 1579 5393 οὐκ
1630 5340 1806 5409 ἀγεν-

211 5429 350 5491 γεῖς
401 5428 567 5495 ἔχειν
619 5429 725 5494 τὰς
769 5429 902 5497 περὶ
953 5430 1119 5498 ὑμῶν
1170 5431 1483 5501 παρέσχεν
1528 5433 1803 5501 ἐλπίδας.

230 5518 379 5588 ’οριῦ
406 5520 516 5588 τὰρ
538 5519 768 5586 πάντας
794 5520 949 5590 ὑμᾶς
982 5522 1107 5589 τοῖς
1152 5539 1216 5577 τε
1242 5522 1483 5593 σώμασι
1509 5525 1807 5593 σφριγῶν-

218 5632 331 5681 τας
380 5616 480 5669 καὶ
530 5615 659 5683 ταῖς
690 5615 918 5685 ψυχαῖς
961 5616 1418 5687 ἀνδριζομένους
1475 5619 1572 5671 καὶ
1620 5616 1806 5686 ἅλωος

1902 4793 2231 4861 imperatore
2277 4788 2523 4851 missus,
2580 4802 2797 4840 murum
2849 4798 3069 4839 omnem
3105 4778 3483 4852 percurrebat,

1900 4884 2157 4954 populum
2190 4882 2444 4935 animans
2474 4897 2489 4933 :
2538 4876 2683 4944 Viri,
2716 4877 2929 4941 dicens,
2969 4872 3483 4933 Thessalonicenses.

1901 4977 2010 5031 alia
2042 4978 2104 5029 de
2130 4976 2271 5028 vobis
2297 4984 2456 5028 antea
2481 4973 2851 5027 existimabam
2880 5012 2895 5035 ,
2929 4986 3019 5023 nec
3045 4967 3178 5022 adeo
3207 4982 3487 5037 generosos

1900 5078 1947 5121 et
1992 5067 2059 5121 ad
2088 5066 2454 5121 sustinendum
2483 5064 2727 5132 prrelinm
2777 5059 3005 5115 audaces
3043 5057 3333 5128 putabam,
3367 5072 3487 5109 cum

1903 5161 2031 5214 nihil
2063 5160 2164 5212 tale
2206 5168 2366 5212 antea
2394 5158 2592 5223 experti
2618 5156 2735 5209 sitis
2777 5164 2870 5207 aut
2920 5151 3296 5221 prwstiteritis.
3332 5150 3489 5203 Nunc

1902 5267 2020 5307 tero
2046 5252 2217 5319 ipsum
2247 5259 2448 5305 vertens
2479 5264 2745 5302 summum
2773 5247 3058 5300 discrimen
3093 5243 3223 5296 nihil
3248 5240 3313 5294 de
3346 5240 3490 5295 vobis

1903 5344 2177 5413 degeneres
2211 5359 2328 5412 spes
2366 5342 2493 5396 sinit
2523 5341 2731 5393 habere.
2774 5339 2983 5392 Etenim
3017 5352 3105 5389 vos
3140 5350 3320 5388 omnes
3341 5332 3491 5387 video

1908 5445 2015 5489 tum
2033 5435 2343 5504 corporibus
2366 5443 2583 5503 vegetos,
2606 5444 2714 5485 tum
2748 5432 2909 5499 fortes
2928 5430 3122 5483 animis
3143 5443 3204 5481 ac
3226 5435 3491 5484 strenuos,

1912 5536 2149 5596 totosque
2179 5528 2233 5579 in
2262 5542 2370 5579 rem
2413 5526 2642 5578 intentos
2671 5540 2730 5574 ac
2763 5520 2989 5585 alacres,
3018 5521 3108 5590 qui
3140 5516 3376 5570 hostibus
3409 5515 3494 5567 in—

1914 5620 2122 5675 snltetis
2151 5636 2433 5691 eorumque
2465 5620 2735 5673 machinas
2768 5618 2981 5670 robusto
3010 5623 3200 5667 conatu
3227 5610 3496 5667 avertatis.

1490 5707 1727 5767 νΑιιιΑῖ
1762 5712 2170 5771 LECTIONES.

300 5806 347 5837 "
387 5822 439 5858 τι
479 5820 591 5858 om.
632 5805 691 5857 P.
770 5806 810 5835 ³⁷
851 5806 968 5868 τοῖς
998 5818 1106 5861 om.
1142 5805 1202 5860 Ρ,
1281 5805 1453 5874 ε’ὅτι]
1491 5806 1588 5858 ἔτι.
1627 5803 1682 5857 Ρ.
