4154 6450
735 349 841 421 563
1973 353 2315 414 JOANNES
2346 354 2786 416 CAMENIATA
3901 346 4006 410 564

740 475 816 523 Ac
845 481 969 520 sane
997 465 1129 517 nihil
1153 464 1383 518 alienum
1407 471 1470 516 ab
1500 463 1679 534 ofﬁcio
1708 464 1884 534 agitis.
1911 463 1986 518 De
2006 465 2145 519 vobis
2173 465 2312 520 enim

2433 465 2598 533 5ντας
2621 465 2738 520 τῶν
2764 463 3192 536 προκειμένων,
3241 463 3360 517 τῶν
3383 457 3730 518 ἀντιπάλων
3755 474 4009 528 κατατε-

737 563 865 626 ipsis
895 568 1160 612 certamen
1195 566 1294 617 est.
1329 556 1454 610 viris
1487 557 1684 610 scilicet
1724 557 2000 624 pra'claris
2032 567 2193 628 atque
2231 574 2320 612 or-

2433 558 2658 625 ιῶντας
2682 558 2782 613 καί
2819 558 2926 623 τὰς
2961 555 3242 626 μηχανὰς
3268 553 3467 611 αὐτῶν
3502 552 3788 622 γενναίως
3810 551 4013 618 biceps-

738 655 877 707 natis
927 662 1036 705 tum
1068 647 1302 716 corporis
1348 651 1465 717 ipsa
1507 649 1682 703 indole
1728 651 2161 721 praestantiaque,
2207 660 2318 704 tum

2433 650 2746 718 πομόνους.
2773 649 2884 703 Καὶ
2917 647 3101 703 οὐδὲν
3142 646 3227 719 [Ρ.
3253 641 3382 718 3w]
3407 645 3655 709 ἀπεικὸς
3684 642 3973 711 πράττετε
3995 659 4008 672 ο

737 747 1036 799 animorum
1077 743 1298 812 egregiis
1346 742 1580 806 dotibus,
1629 741 1792 811 deque
1834 742 2038 811 reliqua
2082 744 2318 807 civitate,

2433 742 2692 810 περὶγὰρ
2719 742 2889 811 ὑμῶν
2931 738 3133 794 αὐτῶν
3170 740 3345 820 ἐστιν
3374 740 3407 792 ό
3438 735 3620 806 ἁγὼν,
3648 733 3886 803 ἀνδρῶν
3931 751 4015 786 τι·

735 841 960 908 quacum
993 834 1128 888 nihil
1168 851 1350 887 earum
1383 850 1559 886 rerum
1591 850 1708 903 qua
1734 834 1904 903 pluris
1939 835 2125 888 merito
2158 837 2318 904 ﬁunt,

2433 838 2572 904 μίων
2586 835 2824 903 καὶτοῖς
2835 835 3026 890 albam
3039 834 3139 889 καί
3152 833 3276 900 τοῖς
3287 830 3570 902 ψυχικοῖς
3582 827 3989 898 προτερήμασι
3999 867 4014 890 ν

737 929 931 997 majori
1138 926 1412 995 splendore
1443 927 1742 980 certaverit.
1778 926 1950 982 Hocce
1973 928 2112 981 enim
2141 927 2320 983 oblato

2433 929 2522 1003 καί
2555 929 2688 998 περὶ
2741 927 2852 996 τῆς
2883 926 3105 996 λοιπῆς
3132 927 3387 991 πόλεως,
3436 920 3513 993 ἧς
3542 923 3586 954 ⁸⁸
3629 921 3812 975 οὐδὲν
3841 918 4017 987 ἐρίζει

735 1020 992 1088 periculo,
1019 1021 1066 1073 si
1093 1017 1248 1072 modo
1269 1019 1564 1086 superiores
1585 1020 1884 1084 evaseritis,
1915 1021 2154 1074 omnium
2177 1020 2320 1076 vobis

2433 1017 2905 1088 τῶν-,ἀξιολόγων
2942 1020 3030 1083 εις
3054 1015 3464 1084 περιφάνειαν.
3508 1009 3802 1078 ’Υπερὸνω
3829 1009 3952 1078 μὲν
3967 1008 4016 1039 ³⁸

737 1113 919 1183 ofﬁciis
948 1111 1124 1166 debita
1155 1112 1273 1165 laus
1313 1113 1485 1172 comes
1520 1111 1620 1165 erit
1653 1128 1670 1165 :
1716 1114 1801 1166 sin
1837 1122 2017 1166 autem
2044 1113 2321 1183 quidpiam

2433 1112 2537 1181 γὰρ
2561 1111 2908 1180 γενομένοις
2938 1111 3042 1163 τοῦ
3071 1100 3216 1176 τῇδε
3244 1105 3529 1160 κινδύνου
3565 1106 3597 1158 d
3627 1103 3786 1171 παρὰ
3822 1099 4020 1154 πᾶσιν

735 1211 914 1260 eorum
947 1221 1064 1274 qna
1094 1204 1263 1258 invisa
1294 1214 1414 1257 sunt
1441 1219 1503 1256 ac
1524 1216 1642 1272 quae
1673 1202 1906 1257 Barbari
1931 1205 2325 1260 comminantur

2433 1202 2572 1271 ὑμῖν
2599 1203 2847 1268 ἔπαινος
2874 1201 3254 1270 ἐποφειλεται
3274 1214 3288 1228 ·
3344 1196 3605 1251 παθοῦσι
3654 1193 3722 1248 δέ
3775 1211 3832 1246 τι
3894 1192 4018 1246 τῶν

735 1297 1009 1360 acciderit,
1035 1296 1167 1350 nihil
1194 1304 1274 1349 est
1304 1296 1388 1349 citi
1415 1305 1566 1349 tanta
1597 1290 1878 1349 calamitas
1899 1297 2182 1367 probrique
2209 1314 2324 1351 ma-

2433 1298 2810 1364 ἀσουλήτων,
2851 1299 2950 1351 καὶ
2984 1290 3073 1349 ὧν
3099 1298 3152 1349 οι
3192 1293 3485 1362 ,ϐάρϐαροι
3515 1290 4012 1357 κατηπειληνται,

740 1391 962 1459 gnitudo
1003 1388 1304 1441 assimilari
1345 1390 1536 1456 possit.
1573 1387 1928 1453 Quamobrem
1961 1390 2090 1458 forti
2145 1391 2325 1444 animo

2433 1393 2539 1446 οὐκ
2570 1390 2744 1444 ἐστιν
2771 1380 2924 1443 ὅπου
2959 1389 3075 1454 τὴν
3111 1385 3434 1455 συμφορὰν
3457 1382 3708 1441 εἰκάζειν
3729 1381 3767 1448 ἢ
3813 1381 3856 1412 ³⁸
3901 1379 4017 1445 τῆς

736 1491 896 1548 state,
933 1482 1022 1551 qui
1049 1492 1158 1534 tum
1196 1480 1388 1549 patria:
1418 1491 1524 1534 tum
1554 1480 1696 1535 vobis
1737 1483 1838 1550 ipsi
1868 1483 2143 1536 victoriam
2173 1499 2328 1552 paro-

2433 1487 2729 1554 αἰσχύνης
2760 1485 2827 1538 τὸ
2847 1485 3117 1553 μέγεθος.
3147 1481 3250 1534 Διὰ
3295 1478 3472 1534 τοῦτο
3509 1476 3693 1544 africa
3725 1476 4020 1543 γενναίως

738 1578 848 1639 tis;
881 1591 974 1629 nec
1005 1584 1149 1644 terga
1171 1574 1418 1628 dederitis
1447 1574 1682 1628 hostium
1705 1576 1972 1640 manibus,
1998 1583 2120 1631 neve
2137 1593 2328 1631 novum

2433 1577 2505 1646 τῇ
2543 1595 2606 1631 τε
2633 1576 2870 1645 πατρίδι
2900 1576 2997 1629 καὶ
3043 1573 3187 1642 ὑμῖν
3238 1571 3444 1636 αὐτοῖς
3478 1569 3594 1635 τὴν
3634 1571 3815 1634 νίκην
3849 1581 4017 1633 περι-

737 1667 936 1722 mundo
978 1667 1295 1736 esternplum,
1332 1682 1451 1719 cum
1490 1667 1682 1734 exigua
1713 1662 1958 1721 socordia
1996 1678 2144 1723 tanta
2189 1685 2331 1722 com-

737 1770 947 1815 mutato
972 1759 1230 1829 periculo,
1261 1759 1606 1829 reliqueritis.
1634 1759 1794 1814 Hisce
1824 1761 2189 1816 hortamentis
2206 1763 2328 1816 ani-

738 1859 890 1904 malo
922 1849 1144 1919 populo,
1178 1850 1536 1919 omniumque
1564 1851 1760 1904 animis
1797 1851 1941 1905 haud
1967 1852 2166 1920 exiguo
2189 1870 2327 1922 prm-

742 1940 800 1994 lii
835 1940 1032 1995 ardore
1063 1941 1332 2006 immisso,
1357 1941 1642 1996 audaciam
1666 1951 1930 2011 prastans
1962 1945 2069 1997 ritu
2103 1946 2322 2000 militari

738 2035 930 2090 urbem
963 2035 1254 2091 lustrabat.
1288 2035 1403 2090 Dux
1425 2046 1554 2092 vero
1577 2052 1639 2092 ac
1665 2044 1888 2107 p‘rmtor,
1915 2041 2061 2094 velut
2087 2040 2170 2094 sui
2197 2041 2322 2094 mali

738 2127 947 2182 oblitus
981 2126 1222 2196 (tametsi
1255 2127 1387 2182 illud
1421 2140 1584 2198 grave
1611 2138 1730 2183 erat
1779 2145 1844 2185 ex
1878 2145 1946 2184 co
1969 2146 2127 2201 quem
2163 2131 2322 2185 retuli

739 2233 896 2283 casu,
945 2233 1010 2273 ac
1062 2231 1225 2289 quam
1263 2234 1361 2289 pro
1421 2220 1595 2290 ipsius
1647 2222 1872 2286 virtute,
1921 2223 2129 2291 majore
2167 2223 2324 2277 dolor

739 2312 1073 2380 cruciaret).
1126 2310 1266 2364 mula
1303 2319 1508 2377 vectus,
1546 2327 1652 2366 non
1700 2313 2016 2368 divaricatis
2071 2315 2320 2384 pedibus,

739 2403 838 2456 Sed
902 2418 932 2456 e
989 2413 1304 2455 transverso
1359 2402 1437 2454 illi
1501 2403 1788 2468 insidens,
1843 2413 1900 2458 ut
1963 2413 2322 2460 contnsorum

741 2492 1114 2547 membrorum
1188 2490 1408 2545 dolores
1481 2493 1880 2556 concedebant,
1938 2495 2054 2564 ipse
2108 2511 2325 2564 quoque

743 2582 1036 2646 circuibat,
1071 2597 1165 2636 eos
1191 2581 1286 2651 qui
1320 2582 1620 2652 majorlbus
1650 2585 1849 2640 animis
1877 2584 2328 2656 dexterioresque

742 2675 1010 2744 sagittarii
1059 2685 1268 2738 essent,
1322 2675 1376 2728 in
1417 2678 1749 2732 necessariis
1803 2679 2133 2748 quibusdam
2182 2679 2325 2733 muri

743 2765 881 2820 locis
933 2770 1299 2829 constituens,
1322 2775 1380 2821 ut
1408 2776 1520 2822 tum
1551 2783 1646 2824 sua
1690 2769 1792 2839 ipsi
1830 2770 2053 2838 virtute,
2090 2779 2205 2827 tum
2231 2788 2329 2828 eos

742 2858 835 2927 qui
868 2873 898 2911 e
933 2858 1117 2912 vicino
1165 2867 1350 2912 essent
1403 2859 1726 2916 imitationis
1768 2863 1951 2919 studio
2001 2865 2326 2933 excitantes,

745 2966 858 3005 rem
882 2950 1008 3005 belli
1045 2950 1151 3006 rite
1178 2951 1561 3022 disponerent.

815 3125 906 3181 28.
949 3124 1145 3179 Verum
1192 3125 1417 3182 Barbari
1473 3141 1582 3182 non
1616 3129 1783 3185 semel
1814 3130 2096 3197 duntaxat,
2142 3132 2239 3188 sed
2274 3141 2328 3189 et

747 3219 949 3289 saepius
982 3234 1076 3287 per
1100 3231 1319 3272 omnem
1354 3218 1506 3272 illum
1545 3221 1688 3275 diem
1738 3222 2074 3292 ingeminata
2101 3225 2326 3296 impetu,

751 3313 925 3381 magis
955 3328 1120 3382 quam
1154 3320 1313 3367 antea
1351 3315 1551 3368 animis
1580 3315 1859 3384 perculsi,
1898 3319 2327 3383 retrocedentes,

747 3420 928 3474 pugna
958 3420 1078 3473 qua:
1106 3405 1242 3459 mari
1274 3414 1358 3460 est
1399 3422 1463 3460 ex
1508 3409 1810 3477 composito
1855 3409 2068 3475 relicta,
2099 3413 2332 3466 navibus

745 3513 867 3552 sese
905 3497 1276 3553 subducentes
1304 3498 1468 3571 526
1507 3501 1574 3554 ad
1613 3503 1899 3558 orientalis
1935 3504 2136 3559 littoris
2175 3520 2328 3558 oram

747 3588 1153 3658 applicuerunt.
1195 3587 1269 3644 lbi
1308 3593 1534 3646 navibus
1567 3593 1910 3656 desllientes,
1943 3596 2209 3650 adversus
2235 3611 2332 3650 eos

744 3679 838 3748 qui
863 3679 916 3734 in
942 3679 1133 3735 altiore
1156 3680 1297 3734 muri
1328 3691 1480 3750 parte
1497 3684 1787 3738 stationem
1814 3684 2108 3748 habebant,
2130 3685 2332 3755 jaculis

745 3787 943 3826 rursus
980 3773 1394 3835 conchrtabant,
1457 3787 1568 3842 quo
1623 3773 1746 3828 loco
1797 3779 1955 3844 parta
2010 3777 2330 3844 prominens

747 3865 887 3918 mari
947 3864 1183 3933 adjacet,
1225 3861 1404 3919 Roma
1457 3875 1787 3936 nuncupta;
1850 3866 1940 3922 ubi
1993 3868 2060 3922 ad
2106 3869 2330 3922 multam

747 3965 963 4009 noctem
1005 3961 1301 4023 pugnatum
1350 3959 1458 4009 est.
1490 3951 1629 4009 Tum
1665 3955 1814 4010 velut
1845 3954 2117 4010 .delassati
2154 3963 2334 4008 certa-

749 4047 894 4102 mine
925 4047 978 4100 in
1013 4044 1248 4101 navibus
1284 4061 1344 4101 se
1397 4047 1619 4102 silentio
1648 4047 2066 4112 continuerunt,
2108 4047 2162 4102 id
2195 4047 2334 4101 forte

747 4139 1434 4208 deliberantes,quomodo
1468 4139 1780 4211 insequenti
1810 4141 1900 4196 die
1926 4143 2191 4211 impetum
2237 4141 2334 4195 da-

748 4239 894 4297 rent,
927 4239 982 4286 et
1021 4231 1088 4286 ad
1128 4232 1264 4288 alias
1303 4232 1588 4288 machinas
1630 4248 1754 4288 sese
1801 4235 2171 4303 accingentes.
2211 4231 2331 4288 iam

748 4340 881 4380 vero
929 4337 1031 4380 nos
1070 4339 1291 4394 quoque
1336 4339 1630 4394 parumper
1663 4339 1857 4396 pugna
1895 4325 2082 4379 labore
2123 4326 2333 4380 levatus

748 4417 854 4470 alia
909 4431 1104 4472 rursus
1143 4416 1371 4471 incessit
1400 4430 1553 4480 cura,
1582 4425 1641 4469 ut
1687 4417 1895 4472 scilicet
1941 4418 2089 4471 omni
2122 4420 2331 4473 circum

2431 1671 2799 1738 ποιούμενοι,
2832 1667 2929 1721 καὶ
2964 1666 3052 1735 μὴ
3099 1665 3247 1718 δῶτε
3273 1664 3430 1717 νῶτα
3465 1661 3635 1730 χερσὶ
3687 1659 4017 1727 πολεμίων,

2428 1759 2583 1828 μηδὲ
2640 1761 2852 1813 καινόν
2901 1777 2956 1812 τι
3013 1759 3399 1811 καταλίποιτε
3447 1751 3528 1818 τῷ
3561 1753 3677 1816 βίῳ
3733 1749 4018 1818 διήγημα,

2427 1851 2642 1921 μικρᾶς
2665 1854 2966 1920 ῥᾳθυμίας
2996 1849 3289 1904 κίνδυνον
3314 1847 3608 1901 τοσοῦτον
3635 1841 4020 1905 ἀντηλλιιξὰο

2428 1961 2620 2012 μενοι.
2673 1931 2900 2006 Τούτοις
2929 1945 3043 2004 τοῖς
3095 1939 3527 2010 παρακλητικοῖς
3563 1935 3884 2004 ὑπαλείφων
3928 1935 4020 1986 τὸν

2431 2037 2606 2105 δῆμον
2632 2037 2723 2088 καὶ
2759 2035 2960 2104 Θάρσος
2990 2034 3091 2086 οὐκ
3124 2031 3306 2098 ὀλίγον
3345 2032 3466 2090 ταῖς
3516 2028 3772 2080 ἁπάντων
3814 2025 4021 2092 ψυχαῖς

2434 2127 2599 2189 ἐνιεὶς
2640 2127 2738 2197 τῆν
2779 2125 3026 2196 περίοδον
3082 2125 3338 2177 ἐποιεῖτο.
3388 2121 3444 2172 ’0
3497 2119 3554 2171 δέ
3582 2119 3646 2187 δὴ
3706 2114 4024 2200 στρατηγὸς

2435 2222 2626 2290 ὥσπερ
2645 2219 2739 2272 τοῦ
2771 2219 2974 2271 οἰκείου
3007 2215 3212 2278 πάθους
3245 2213 3661 2283 ἐκλελησμένος,
3691 2210 3898 2278 καίπερ
3933 2217 4024 2277 χαι

2435 2313 2602 2368 λεποῦ
2649 2329 2708 2366 τε
2759 2313 2910 2375 ὄντος
2965 2310 3026 2374 ἐξ
3081 2300 3505 2377 οὗπροείπομεν
3563 2302 3892 2370 πτώματος.
3926 2301 4023 2350 καὶ

2438 2409 2662 2479 μείζονα
2710 2407 2809 2474 τῆς
2863 2403 3146 2472 δυνάμεως
3202 2400 3306 2471 τὴν
3363 2397 3557 2466 ὀδύνην
3616 2392 4022 2464 παρεχομένου.

2434 2500 2642 2570 ήμιὸνῳ
2673 2499 2778 2551 τινὶ
2795 2496 3008 2560 ἐπιϐὰς,
3024 2495 3084 2547 οὐ
3107 2492 3432 2564 περιϐάδην,
3460 2489 3592 2543 ἀλλὰ
3611 2488 3754 2540 κατὰ
3775 2484 4025 2553 πλευρὰν

2430 2593 2526 2646 καὶ
2552 2591 2628 2654 ὡς
2667 2591 2724 2643 αι
2755 2589 2864 2642 τῶν
2892 2586 3237 2642 θλασθέντων
3270 2583 3448 2655 μελῶν
3477 2580 3768 2648 ἀλγηδόνες
3795 2575 4029 2645 ἐπέτρε-

2430 2701 2553 2746 πον,
2616 2683 2830 2753 περιῄει
2885 2681 2979 2733 καὶ
3031 2678 3216 2739 αὐτὸς,
3269 2678 3397 2738 τοὺς
3430 2670 3876 2743 προθυμοτέρους
3911 2667 4026 2719 τῶν

2429 2772 2662 2837 τοξοτῶν
2695 2771 2840 2823 κατά
2877 2785 3031 2831 τινας
3077 2764 3372 2836 χρειώδους
3419 2762 3618 2824 τόπους
3667 2759 3758 2812 τοῦ
3803 2758 4026 2825 τείχους

2433 2861 2798 2931 ἐγκαθιστῶν,
2834 2859 2909 2922 ώς
2930 2858 2996 2911 ἂν
3031 2858 3092 2910 τὸ
3124 2856 3244 2909 κατ’
3283 2855 3481 2915 αὐτοὺς
3517 2851 3700 2920 τυχὸν,
3761 2849 3859 2902 καὶ
3890 2848 4026 2907 τοὺς

2432 2956 2664 3026 πλησίον
2696 2955 2834 3024 πρὸς
2887 2952 3122 3022 μίμησιν
3150 2947 3511 3020 ἐρεθίζοντες,
3538 2945 3606 2997 τὰ
3631 2943 3766 3014 πρὸς
3798 2941 3892 2994 τὸν
3926 2942 4029 2992 πό-

2431 3049 2598 3118 λεμον
2626 3043 2960 3099 διατίθενται
2984 3042 3049 3098 ³⁸.

2505 3138 2612 3208 κη’.
2638 3139 2701 3190 Οί
2738 3136 3007 3206 βάρϐαροι
3067 3132 3125 3185 δέ
3179 3132 3275 3201 οὐχ
3333 3129 3483 3192 ἅπαξ
3527 3127 3709 3197 μόνον,
3748 3125 3889 3178 ἀλλὰ
3926 3123 4029 3176 καὶ

2433 3231 2696 3293 πολλάκις
2716 3230 2804 3283 διὰ
2827 3229 3011 3297 πάσης
3043 3227 3258 3295 ἐκείνης
3289 3223 3388 3292 τῆς
3419 3221 3632 3292 ἡμέρας
3667 3217 4027 3286 συνεφορμὴ-

2433 3340 2643 3386 σαντες,
2674 3321 2876 3391 μᾶλλον
2994 3319 3263 3390 πρότερον
3296 3313 3674 3382 πεπληγμένοι
3711 3309 3849 3378 πρὸς
3893 3307 4027 3358 τοὺ-

2435 3413 2580 3466 πίσω
2612 3409 3092 3482 χωρήσαντες,ὐφ’
3112 3395 3190 3461 ἐνὶ
3227 3404 3537 3474 συνθήματι
3568 3396 3871 3471 τὴνίπρδς]
3896 3393 4028 3448 καθ’

2435 3507 2603 3561 ὕδατα
2631 3505 2882 3565 λιπόντες
2920 3503 3110 3572 μάχην
3140 3499 3532 3568 ὑπανεχώρουν
3560 3498 3682 3557 ταῖς
3709 3494 3890 3556 ναυσὶ,
3929 3491 4030 3542 καὶ

2432 3600 2511 3670 τῷ
2531 3598 2666 3669 πρὸς
2696 3598 2740 3630 ⁸³
2770 3596 3035 3657 ἀνατολὰς
3063 3595 3177 3646 ὄντι
3217 3593 3314 3661 τῆς
3353 3591 3562 3653 πόλεως
3583 3587 3817 3657 αἰγιαλῷ
3849 3601 4030 3654 προσ-

2433 3692 2815 3763 ωρμίσθησαν.
2870 3685 3003 3741 Εἶτα
3043 3687 3151 3740 τῶν
3189 3686 3335 3755 νηῶν
3373 3683 3633 3744 ἐκϐάντες
3695 3681 3858 3736 πάλιν
3908 3682 4029 3738 τοῖς

2437 3786 2646 3857 βιλεσιν
2677 3783 2918 3853 ἐχρῶντο
2941 3781 3080 3834 κατὰ
3109 3780 3219 3832 τῶν
3253 3780 3430 3832 ἐκεῖσε
3463 3777 3736 3846 λαχόντων
3763 3773 3867 3840 τὴν
3895 3773 4030 3824 στά-

2438 3896 2523 3932 σιν
2554 3877 2706 3946 ἐντῷ
2738 3876 3000 3946 μετεώρῳ
3029 3874 3221 3943 τείχει,
3263 3873 3393 3924 ἔνθα
3435 3872 3527 3924 καὶ
3570 3869 3714 3935 πύλη
3750 3884 3833 3928 τις
3886 3865 4030 3928 διεξ-

2436 3973 2551 4042 ἐχει
2587 3969 2777 4039 Ῥώμη
2799 3969 2844 4000 ⁸⁸
2878 3967 3210 4034 καλουμένη.
3241 3963 3618 4032 γειτνιάζουσα
3652 3961 3717 4029 τῇ
3747 3957 4027 4027 θαλάσσῃ.

2437 4055 2513 4114 Ob
2561 4059 2627 4130 δὴ
2683 4060 2846 4128 μέχρι
2884 4056 3104 4127 βαθείας
3144 4054 3338 4116 νυκτὸς
3399 4051 3771 4122 μαχεσάμενοι
3802 4047 3873 4109 ³⁸,
3930 4047 4030 4097 καὶ

2436 4153 2627 4222 ῶσπερ
2661 4151 3003 4221 κεκμηκότες
3059 4151 3125 4219 τῇ
3166 4146 3398 4214 ἀγωνίᾳ,
3462 4142 3858 4210 καθησύχασαν
3888 4139 3947 4189 ἐν
3981 4137 4031 4168 ³⁸

2435 4247 2558 4310 ταῖς
2597 4245 2777 4307 ναυσὶ,
2828 4242 2970 4310 τάχα
3014 4239 3376 4308 σκεπτόμενοι
3428 4235 3547 4298 πῶς
3597 4231 3901 4287 ἐπιθῶνται
3955 4229 4028 4297 τῇ

2438 4339 2568 4405 ἑξῆς
2594 4337 2750 4405 ἡμῖν,
2775 4334 2870 4385 καὶ
2908 4333 3045 4401 πρὸς
3084 4331 3280 4400 ἑτέρας
3313 4328 3564 4399 μηχανὰς
3602 4323 4028 4392 σκευαζόμενοι.

2443 4429 2580 4498 Ἤδη
2612 4428 2669 4479 δέ
2733 4426 2826 4479 καὶ
2875 4425 3022 4493 ἡμᾶς
3049 4422 3144 4475 τοῦ
3192 4405 3430 4490 πολέμου
3472 4419 3668 4488 μικρὸν
3695 4453 3699 4456 -
3724 4415 4030 4473 ἁνεθέντας

746 4508 969 4564 civitate
993 4509 1087 4578 qui
1131 4509 1186 4562 in
1217 4509 1645 4578 propugnaculis
1681 4509 1968 4564 constituti
2001 4518 2210 4570 essent.
2249 4511 2328 4564 vi-

2436 4522 2567 4592 άλλη
2595 4520 2757 4572 πάλιν
2797 4517 3016 4586 φροντὶς
3060 4515 3442 4583 ἐπεισὴρχετο,
3471 4509 3846 4578 ἐπαγρυπνεῖν
3897 4507 4031 4565 τοὺς

745 4598 906 4667 gilias
927 4607 1152 4668 agerent
1185 4597 1563 4666 [iarbas-osque
1591 4598 1965 4665 observarent,
1993 4616 2060 4655 ne
2089 4601 2215 4655 ullis
2236 4619 2328 4671 per

2433 4618 2486 4668 ἐν
2518 4615 2634 4674 ταῖς
2665 4609 2926 4672 ἐπάλξεσι
2975 4607 3064 4660 διὰ
3100 4605 3283 4674 πάσης
3310 4602 3591 4656 κύκλωθεν
3644 4601 3745 4668 τῆς
3786 4599 4028 4661 πόλεως,

750 4700 964 4746 noctem
991 4691 1266 4745 cuniculis
1293 4706 1356 4745 ac
1390 4693 1604 4746 insidiis
1635 4693 1774 4746 clam
1810 4708 1966 4747 ltllll'O
2002 4695 2328 4764 obrepentes

2433 4707 2526 4758 καὶ
2587 4697 2989 4756 ὑποϐλέπεσθαι
3050 4697 3176 4759 τοὺς
3209 4695 3545 4766 βαρὸάρους,
3599 4693 3828 4762 μήτινα
3865 4689 4034 4756 λόχον

748 4782 980 4853 ejusque
998 4783 1149 4851 potiti
1181 4785 1401 4854 negotio
1427 4785 1574 4838 omni
1607 4785 1992 4841 liberarentur.
2027 4784 2164 4842 Sunt
2186 4789 2328 4842 enim

2434 4793 2746 4864 νυκτερινὸν
2779 4792 2812 4861 ἢ
2849 4790 3072 4859 ἐνέδραν
3108 4787 3315 4842 λάθωσι
3347 4785 3710 4853 πεποιηκότες
3735 4783 3827 4835 καὶ
3857 4784 3918 4834 ἐν
3946 4783 4032 4850 τῷ

749 4874 818 4928 ad
844 4874 958 4930 haec
976 4876 1208 4930 maxime
1230 4876 1522 4946 ingeniosi,
1549 4887 1602 4932 et
1627 4878 1719 4932 ubi
1741 4894 1863 4932 mox
1883 4879 2328 4945 deliberaverint.

2433 4888 2604 4958 τείχει
2642 4885 2926 4952 γενόμενοι
2973 4879 3060 4952 [Ρ.
3089 4879 3218 4952 3M]
3263 4879 3325 4932 τδ
3371 4881 3480 4932 πᾶν
3511 4876 3868 4940 ἐξανύσωσιν.
3904 4875 4030 4925 Εἰσὶ

747 4975 890 5039 opus
933 4968 1350 5039 aggrediuntur,
1395 4971 1546 5025 nullo
1579 4971 1810 5039 periculi
1859 4982 2004 5027 metu
2056 4972 2326 5040 deterriti,

2438 4981 2546 5050 γὰρ
2576 4979 2796 5046 εὐφυεῖς
2830 4974 2966 5044 πρὸς
3014 4972 3191 5027 ταῦτα
3227 4972 3488 5041 μάλιστα,
3527 4969 3621 5023 καὶ
3645 4969 3764 5037 ἅμα
3789 4967 3871 5036 τῷ
3911 4967 4034 5019 διας

747 5067 916 5130 atque
954 5077 1123 5115 unum
1177 5061 1282 5115 hoc
1333 5071 1668 5132 spectantes,
1722 5075 1779 5117 ut
1826 5066 1972 5133 quod
2014 5069 2327 5121 consultum

2437 5072 2698 5142 νοηθῆναι
2731 5070 2771 5100 ³⁷
2797 5068 2934 5137 πρὸς
2965 5067 3026 5119 τὸ
3055 5066 3213 5136 ἔργον
3247 5064 3574 5135 χωροῦντες,
3620 5063 3798 5116 πάντα
3837 5061 4028 5113 κίνδυ-

747 5154 926 5207 visum
950 5153 1132 5217 fuerit,
1160 5155 1260 5211 hoc
1285 5157 1628 5212 adoriantur.
1647 5160 1720 5212 Ac
1743 5159 1867 5212 licet
1891 5159 2027 5214 forte
2047 5163 2328 5215 contrario

2438 5172 2528 5218 νον
2554 5165 2634 5225 είς
2666 5163 2834 5233 μηδὲν
2879 5159 3179 5230 τιθέμενοι,
3206 5161 3288 5212 ἐνὶ
3317 5159 3376 5211 δὲ
3417 5157 3563 5228 μόνῳ
3587 5155 3632 5188 ⁸⁸
3655 5153 4026 5226 προσέχοντες

749 5264 841 5305 res
865 5249 1023 5304 'exitu
1061 5250 1242 5316 cedat,
1278 5267 1443 5322 quam
1477 5253 1952 5316 existimaveram,
1998 5255 2184 5325 gloria:
2221 5256 2326 5310 sibi

2435 5256 2514 5326 τῷ
2544 5253 2922 5325 κατάρξασθαι
2955 5252 3048 5306 τοῦ
3090 5251 3540 5322 βεσουλευμένου.
3589 5247 3706 5303 Κᾶν
3747 5246 3893 5317 τάχα
3928 5250 4029 5298 καὶ

749 5339 978 5405 ducunt,
996 5341 1142 5412 quod
1160 5341 1402 5413 proiecta
1422 5344 1728 5400 temeritate
1751 5359 1816 5399 ac
1838 5345 2088 5409 audacia,
2115 5346 2181 5400 ad
2212 5348 2327 5416 ipsa

2436 5347 2680 5400 ἐναντίον
2708 5346 2742 5416 ἢ
2766 5345 2839 5408 ώς
2869 5343 3165 5415 ἐφώρασαν
3205 5343 3268 5396 τὸ
3317 5344 3362 5376 ⁸⁹
3393 5341 3546 5402 τέλος
3580 5340 3716 5410 ἐκόῇ
3744 5339 3841 5391 τοῦ
3874 5341 4024 5406 πρά-

749 5440 967 5500 ιιυοιιιιε
995 5431 1360 5501 impossibilia
1395 5434 1641 5506 aggressi
1675 5435 1806 5490 siut.
1846 5435 2216 5499 Quamobrem
2246 5444 2328 5491 to-

2433 5454 2661 5507 γματος.
2708 5437 2865 5500 δόξαν
2929 5435 3074 5505 ἐχειν
3125 5434 3388 5507 ἡγοῦνται
3431 5434 3491 5486 τὸ
3546 5434 3688 5496 τέως
3732 5431 4030 5491 ἀδυνάτοις

750 5531 861 5574 tam
899 5522 1047 5577 illam
1092 5532 1306 5578 noctem
1351 5524 1663 5596 pervigiles,
1716 5537 1819 5579 nec
1855 5523 1923 5578 de
1973 5533 2170 5579 navata
2213 5519 2327 5595 jam

2433 5528 2726 5601 πειρᾶσθαι
2756 5527 3047 5599 τολμηρῶς
3076 5529 3398 5599 ἐπιχειρεῖν.
3432 5525 3640 5581 Τούτου
3685 5523 3883 5577 ἐνεκεν
3913 5521 4027 5576 πᾶ·

2057 5640 2293 5697 VAllIAS
2327 5641 2736 5698 LECTIO‘NES.

818 5726 866 5760 ”
895 5720 963 5799 ᾖῖ
1001 5726 1068 5804 _“
1092 5728 1192 5804 μέν
1218 5744 1337 5804 om.
1369 5727 1428 5784 P.
1458 5801 1467 5804 Α
1503 5729 1544 5760 ³⁸
1574 5731 1814 5804 εἰκάζειν
1847 5733 1993 5786 ἐστὶν
2027 5733 2058 5802 ἦ
2101 5733 2164 5789 Α.
2227 5734 2273 5804 '_'
2313 5734 2703 5789 Btaziﬂmvtat?
2757 5735 2803 5768 ³³
2839 5733 2930 5787 καί
2950 5750 3053 5786 τινι
3080 5732 3214 5804 πρὸς
3359 5729 3406 5766 ³⁸
3446 5729 3633 5801 Ῥώμα
3661 5728 3723 5785 Ρ.
3765 5730 3811 5762 ³⁸
3840 5743 4028 5800 μαχηό

749 5796 974 5870 σάμενοι
1001 5796 1058 5850 Ρ.
1096 5796 1104 5798 “
1138 5801 1181 5831 ³⁸
1213 5803 1270 5853 ἐν
1295 5818 1404 5858 om.
1444 5801 1506 5857 A.
1585 5803 1627 5834 ⁸’
1657 5796 2058 5875 περιωηθῆναί
2078 5806 2132 5860 Ρ.
2217 5800 2262 5838 ³⁸
2296 5806 2454 5876 μόνον
2489 5805 2548 5860 Ρ.
2629 5808 2673 5840 ⁸⁹
2701 5807 2762 5860 τὸ
2787 5815 2914 5862 ante
2936 5805 3086 5868 τέλος
3123 5796 3213 5859 but
3245 5802 3304 5859 Ρ.
