4154 6450
191 353 294 414 56:3

1295 360 1391 418 DE
1431 359 1744 420 EXCIDIO
1784 361 2399 426 'l'l’IESSALOVlt‘E.

3344 378 3447 438 δοῦ

186 476 281 512 σαν
310 458 524 530 εκείνην
547 461 1026 530 ὲπαγρυπνοῦντες
1065 465 1356 536 ὲτελοῦμεν
1377 469 1476 536 τὴν
1496 470 1540 499 ⁸⁵
1573 470 1762 533 νύκτα,
1793 519 1795 525 ,

1907 489 2034 542 pera
2066 483 2304 545 queruli,
2356 482 2422 535 ad
2456 490 2663 537 tantam
2705 485 3038 554 praeﬂdeutis
3085 488 3251 543 animi
3288 489 3451 545 deve-

185 551 332 603 ιῦδὲν
365 553 408 582 ⁸⁸
448 556 675 618 ἑαυτοὺς
705 554 813 607 τῶν
846 557 1348 626 προηγωνισμένων
1383 561 1724 631 μεμφόμενοι
1745 579 1759 593 ο

185 643 318 709 πρὸς
341 643 595 697 τοσοῦτον
628 646 736 713 γάρ
772 646 816 676 ⁴¹
851 646 1088 717 ῆλθομεν
1145 649 1344 719 θάρσος
1374 652 1448 713 ὡς
1483 654 1573 704 καὶ
1604 653 1765 706 αὑτὸν

184 734 274 784 τὸν
301 735 718 805 καθηγούμενον
747 737 859 791 τῶν
879 738 1174 809 βαρϐάρων
1201 742 1257 793 ὲν
1286 741 1526 810 θαύματι
1548 744 1768 811 γεγονὲ-

185 842 293 887 ναι.
331 827 427 879 καὶ
458 828 590 897 περὶ
636 829 833 883 πολλοῦ
881 833 1149 885 ποιεῖσθαι
1187 833 1382 901 μαθεῖν
1416 834 1642 906 ὓστερον
1671 838 1768 907 τὴν

186 916 389 982 αίτίαν,
408 915 526 980 πῶς
556 918 694 989 πρὸς
725 919 962 988 ἑκάστην
991 922 1297 992 προσϐολὴν
1312 923 1484 987 οὕτως
1512 926 1770 994 ἀνδρείως

185 1007 548 1078 ἀντέστημεν,
589 1010 683 1063 καὶ
714 1004 789 1063 ὧν
818 1012 949 1084 περὶ
988 1012 1150 1082 ἡμῶν
1182 1015 1399 1080 ἐλπίδος
1432 1017 1596 1070 αὑτοῦ
1623 1036 1772 1087 περι-

186 1103 510 1171 τραπείσης.

255 1193 359 1249 κθ’.
416 1194 554 1249 Ἀλλ’
589 1197 782 1268 ἐπειδὴ
814 1198 992 1269 κῆρυξ
1011 1196 1078 1268 ἦν
1117 1201 1349 1264 ἐπιστάς
1377 1204 1404 1254 ό
1434 1202 1633 1273 ὄρθρος
1673 1205 1775 1273 τῆς

185 1286 449 1355 δευτέρας
487 1288 583 1342 τοῦ
609 1283 850 1360 πολέμου
905 1291 1146 1363 ἡμέρας,
1187 1294 1280 1347 καὶ
1335 1296 1443 1348 τῶν
1500 1296 1775 1365 πραχθέν-

184 1396 297 1431 των
330 1380 432 1450 ήδη
470 1381 833 1452 χαλεπώτερα
859 1382 982 1437 καθ’
1011 1385 1166 1455 ἡμῶν
1197 1386 1300 1440 ὑπὸ
1333 1388 1441 1440 τῶν
1483 1388 1778 1460 βαρϐάρων

186 1477 527 1546 ὲπινενόητο,
566 1476 806 1545 ἔκαμνον
834 1480 996 1533 πάλιν
1022 1483 1072 1534 οί
1110 1485 1414 1554 στρατηγοὶ
1441 1491 1561 1548 ταῖς
1613 1503 1777 1557 φρον-

186 1569 298 1622 τίσι
345 1569 438 1622 τὸν
491 1564 721 1623 ἑκάστου
763 1571 934 1638 θυμὸν
977 1573 1338 1644 διεγείροντες
1397 1577 1492 1628 καὶ
1546 1577 1608 1628 τὸ
1659 1575 1779 1629 καθ’

187 1661 421 1720 ἑαυτοὺς
451 1661 731 1731 πρόθυμον
790 1656 1194 1735 εἰσηγούμενοι.
1232 1666 1343 1734 Τῆς
1405 1668 1634 1736 ἡλιακῆς
1691 1668 1784 1723 οὖν

1867 567 2053 622 nimus
2081 571 2363 626 audaciam
2394 616 2408 639 ,
2445 585 2503 629 ut
2531 586 2584 633 et
2623 578 2739 648 ipse
2775 578 3147 635 Barba‘rornm
3173 583 3366 637 ductor
3393 585 3448 639 in

1871 659 2291 717 admirationem
2337 667 2603 723 adductus
2635 671 2810 742 pluris
2837 672 2994 742 527
3029 674 3282 729 habuerit
3308 676 3450 730 scire

1873 763 2059 818 postea
2093 769 2318 809 causam
2359 773 2466 827 qua
2499 761 2578 815 sic
2607 772 2832 817 strenue
2872 763 3105 834 singulis
3142 765 3451 836 aggressio-

1873 844 2036 900 nibus
2087 849 2472 916 restiterimus,
2509 861 2564 905 et
2615 855 2789 910 multo
2816 857 3118 926 quamipsi
3167 866 3454 927 exspecta-

1875 947 2066 991 verant
2097 943 2445 1007 generosius.

1948 1203 2038 1258 9.9.
2074 1205 2142 1260 At
2167 1221 2290 1260 cum
2329 1225 2488 1266 mane
2519 1220 2813 1286 ortttmque
2839 1216 3143 1272 diluculum
3172 1221 3456 1291 sequentis

1879 1296 1985 1352 diei
2022 1299 2191 1367 praelii
2250 1314 2442 1369 praeor
2472 1307 2769 1374 astitisset,
2817 1308 3039 1381 jamque
3074 1309 3298 1366 Barbari
3332 1328 3458 1381 gra-

1883 1389 2034 1442 viora
2073 1390 2128 1444 in
2153 1406 2253 1446 nos
2279 1395 2547 1450 anteactis
2578 1396 3014 1467 adinvenissent,
3044 1419 3219 1458 novus
3253 1406 3458 1460 nostris

1882 1480 2115 1538 ducibus
2154 1484 2310 1540 labor
2338 1486 2714 1557 incumbebat,
2770 1500 2832 1545 ut
2863 1493 3206 1564 singulorum
3245 1497 3460 1552 animos

1884 1575 2195 1631 excitarent
2228 1589 2283 1633 et
2315 1580 2460 1646 quod
2493 1580 2548 1635 in
2604 1583 2739 1652 ipsis
2794 1595 2915 1639 erat
2957 1586 3139 1641 alacre
3179 1588 3457 1644 offerrent.

1885 1667 2025 1721 Aere
2073 1668 2261 1739 itaque
2318 1673 2600 1740 polarihus
2640 1675 2811 1732 radiis
2861 1678 3212 1745 collustralo,
3269 1695 3462 1734 rue-sus

186 1754 409 1816 ἀκτῖνος
458 1755 552 1806 τὸν
612 1756 752 1826 ἀέρα
814 1755 1244 1828 περιλαμψάσης
1301 1760 1640 1831 ἐφώρμησαν
1691 1762 1784 1814 καὶ

1901 1758 2118 1813 Barbari
2168 1762 2400 1818 navibus
2455 1768 2852 1824 exsceudcutes
2909 1770 3172 1840 impetum
3238 1772 3461 1835 dedere,

188 1844 351 1914 αὖθις
389 1850 498 1904 τῶν
529 1852 675 1923 νηῶν
701 1853 962 1913 ἐκϐάντες
981 1858 1041 1909 οί·
1058 1857 1325 1928 βάρϐαροι
1354 1859 1433 1929 τῷ
1454 1860 1643 1930 τείχει,
1674 1861 1779 1913 δια.

191 1942 501 2011 σπαρέντες
553 1949 649 1998 καὶ
705 1947 850 2000 κατά
902 1965 1055 2012 τινας
1101 1950 1302 2014 τόπους
1353 1953 1472 2015 ταῖς
1521 1953 1788 2022 φάλαγξιν

189 2036 424 2099 ἑαυτοὺς
451 2036 771 2105 διελόμενοι,
806 2041 947 2094 κατά
973 2041 1030 2094 δὲ
1057 2043 1152 2103 τὰς
1177 2041 1444 2108 διεξόδους
1474 2044 1583 2098 τῶν
1604 2048 1789 2100 πυλῶν

192 2128 403 2196 μᾶλλον
435 2131 839 2201 συρρεύσαντες
873 2131 999 2204 ὃλην
1028 2136 1243 2189 ἐκίνουν
1272 2137 1420 2210 [τὴν]
1452 2140 1572 2192 καθ’
1632 2143 1789 2210 ἡμῶν

187 2220 376 2273 αὐτῶν
433 2221 532 2292 τὴν
566 2222 611 2252 ⁸³
662 2225 989 2280 πανοπλίαν.
1047 2228 1109 2279 Ol
1174 2227 1273 2295 μὲν
1324 2230 1434 2300 γάρ
1468 2231 1650 2283 αὐτῶν
1679 2235 1790 2294 τοῖς

189 2309 392 2375 τόξοις,
427 2310 604 2381 ἕτεροι
637 2313 692 2366 δὲ
718 2314 1084 2386 χειροποιήτῳ
1111 2315 1310 2389 βροντῇ
1342 2319 1452 2372 τῶν
1472 2319 1636 2374 λίθων
1697 2323 1788 2375 ὲκ-

190 2401 432 2472 έχρηντο
461 2420 473 2431 ·
506 2402 652 2456 ἄλλοι
716 2408 830 2467 τοῖς
881 2408 1234 2479 πετροϐόλοις
1280 2412 1650 2483 ἐγκαθήμενοι
1692 2416 1791 2477 τὰς

193 2493 597 2563 ὑπερμεγέθεις
637 2499 849 2563 ὲκείνας
880 2500 988 2554 τῶν
1022 2503 1238 2571 πετρῶν
1265 2506 1506 2573 χαλάζας
1533 2508 1794 2578 μετεωρί-

190 2583 386 2651 (οντες
418 2588 682 2660 ἔπεμπον.
721 2594 826 2646 Καὶ
865 2595 1149 2666 πολυειδὴς
1180 2610 1262 2660 τις
1313 2593 1380 2668 ἦν
1422 2602 1448 2652 ὁ
1492 2602 1611 2652 καθ’
1649 2604 1794 2671 ἡμᾶς

191 2681 592 2750 ἀπειλούμενος
646 2686 842 2752 φόνος,
901 2688 998 2740 καὶ
1049 2691 1389 2760 πανταχόθεν
1437 2695 1795 2763 προσπίπτων

194 2770 444 2840 φοϐερὰν
471 2773 642 2826 ἐποίει
670 2773 765 2844 τὴν
791 2779 984 2846 πεῖραν
1005 2781 1115 2841 τοῖς
1151 2783 1644 2852 προστυγχάνουσι.
1683 2786 1796 2839 Καὶ

191 2864 311 2934 γάρ
342 2863 483 2915 κατά
511 2865 677 2935 μόνης
699 2868 798 2936 τῆς
835 2869 1095 2940 ρηθείσης
1123 2872 1299 2942 πύλης
1342 2876 1479 2928 ἑπτα
1517 2878 1796 2947 παρέστηο

197 2973 304 3007 σαν
341 2957 725 3025 πετροϐόλους,
761 2959 1026 3012 πάντοθεν
1065 2965 1645 3033 περιπεφραγμένους,
1704 2970 1798 3031 οὒς

194 3048 543 3118 διερχόμενοι
605 3052 704 3119 τὴν
757 3050 930 3104 Θάσον
986 3054 1120 3122 πρὸς
1163 3057 1261 3125 τὴν
1298 3057 1556 3126 τοιαύτην
1607 3061 1795 3130 χρείαν

197 3143 766 3211 προπαρεσκεύασαν.
824 3145 934 3196 Καὶ
999 3148 1108 3216 μὴν
1171 3147 1592 3213 ξυλοσυνθέτους
1643 3157 1864 3220 τινὰςσ

197 3231 487 3304 κλίμακας
522 3235 752 3305 ἀντικρὺ
782 3239 988 3290 τούτων
1042 3237 1120 3307 τῷ
1152 3238 1322 3308 τείχει
1381 3239 1795 3308 προσπελάσαν-

193 3337 293 3387 ⁸’τες
330 3325 542 3379 ἀνιέναι
587 3327 654 3379 δι’
681 3328 860 3381 αὐτῶν
885 3329 1205 3400 ἐπειρῶντο,
1232 3334 1341 3394 τοῖς
1373 3333 1480 3383 ἀπὸ
1533 3333 1642 3384 τῶν
1702 3351 1797 3384 πε-

196 3418 482 3489 τροϐόλων
513 3419 830 3488 ἀφιεμένοις
879 3420 1047 3485 λίθοις
1106 3421 1167 3474 τὸ
1211 3423 1454 3491 ἀσφαλὲς
1512 3425 1721 3486 ἑαυτοῖς
1751 3423 1798 3455 ⁸³

200 3508 642 3582 συντηρούμενοι
669 3530 682 3543 ’
723 3513 784 3566 ού
829 3515 937 3584 γάρ
968 3515 1400 3584 ιίωνένδελεχῶς
1448 3516 1798 3586 ἐνεργοῦντες

199 3603 412 3658 ἐκεῖνοι
447 3606 784 3673 προκύπτειν
823 3603 1080 3669 ἀϐλαϐῶς
1125 3605 1218 3659 τοῦ
1257 3605 1534 3676 μετεώρου
1585 3606 1798 3674 τείχους

198 3694 352 3747 τινά.
394 3694 505 3747 Καὶ
536 3693 600 3764 δὴ
628 3697 707 3758 είς
741 3693 902 3765 ἔργον
926 3697 1106 3759 αὐτοῖς
1138 3698 1379 3764 ἔφθασαν
1407 3697 1470 3750 ἂν
1496 3697 1560 3750 τά
1615 3696 1801 3766 βεϐου-

201 3788 470 3857 λευμένα,
500 3788 601 3858 ήδη
627 3791 726 3856 τὴν
757 3789 999 3858 κλίμακα
1024 3792 1143 3852 ταῖς
1173 3790 1429 3855 ἐπάλξεσι
1458 3789 1553 3842 τοῦ
1583 3806 1798 3858 προτει-

203 3880 480 3947 χίσματος
511 3879 896 3946 ἀνελκύσασιν,
931 3882 979 3932 εἰ
1017 3881 1092 3951 μὴ
1148 3879 1268 3934 θεία
1295 3898 1378 3941 τις
1433 3879 1659 3950 δύναμις
1709 3880 1802 3934 άν-

201 3971 350 4038 δρας
392 3972 548 4034 τινάς
584 3971 891 4041 τολμηροὺς
940 3973 1322 4043 καταπηδῆσαι
1379 3972 1458 4042 τῷ
1513 3973 1664 4042 τόπῳ
1713 3973 1799 4024 έν-

203 4064 460 4134 ίσχυσεν,
500 4064 550 4116 οῖ
600 4065 695 4118 καὶ
720 4065 910 4134 δόρασι
951 4064 1260 4134 τρώσαντες
1316 4066 1439 4129 τοὺς
1491 4063 1800 4135 βαρϐάρους

205 4157 354 4227 πρὸς
384 4157 627 4209 τούπίσω
690 4157 788 4209 σὺν
822 4160 889 4227 τῇ
925 4157 1156 4226 κλίμακι
1213 4157 1436 4220 τούτους
1489 4157 1800 4226 ὲναπεκρή-

207 4265 439 4319 μνισαν.
463 4247 622 4302 Οὕτω
647 4248 704 4301 δὲ
735 4248 831 4300 καὶ
854 4249 951 4318 τὴν
987 4249 1229 4302 ἐπίνοιαν
1254 4249 1460 4320 ταύτην
1505 4250 1584 4311 είς
1637 4247 1803 4318 μηδὲν

203 4340 502 4410 προϐᾶσαν
575 4341 884 4409 ἑωρακότες
929 4341 1014 4406 ⁸⁸,
1077 4343 1224 4410 φυγῇ
1293 4357 1352 4392 τε
1438 4341 1801 4410 χρησαμένων

207 4432 297 4503 [Ρ.
331 4430 466 4503 349]
511 4432 587 4494 ὡς
642 4432 738 4484 καὶ
777 4431 822 4463 ⁸⁸
864 4431 965 4501 τὴν
1022 4431 1265 4502 κλίμακα
1323 4432 1675 4496 καταλιπεῖν,
1719 4433 1799 4493 είς

1892 1867 2049 1906 muro
2074 1854 2394 1912 circumfusi
2423 1871 2438 1922 ;
2480 1859 2761 1930 certisque
2793 1863 3122 1932 quibusdam
3161 1864 3319 1929 locis,
3366 1879 3464 1919 co-

1892 1941 2141 1999 hortibus
2199 1946 2435 2014 divisis,
2491 1949 2558 2004 ad
2623 1961 2907 2020 portarum
2969 1956 3242 2025 praecipue
3282 1957 3465 2011 exitus

1891 2036 2253 2106 conﬂuentes,
2283 2056 2390 2110 qua
2435 2042 2655 2108 licebat,
2693 2046 2842 2098 omni
2874 2061 3152 2100 armorum
3187 2048 3237 2101 vi
3281 2047 3335 2101 in
3367 2063 3468 2102 nos

1891 2130 2308 2198 pra’liabantur.
2369 2132 2471 2187 Alii
2509 2150 2745 2205 namque
2789 2136 3007 2204 iaculis,
3057 2139 3149 2193 alii
3200 2139 3467 2209 lapidum.

1894 2238 2033 2291 quos
2063 2239 2228 2278 manu
2264 2225 2573 2292 mittebant,
2623 2229 2866 2283 tonitruo
2915 2230 3252 2297 utebantur;
3304 2233 3470 2300 pleri-

1894 2330 2000 2384 que
2029 2315 2240 2370 balistis
2270 2331 2334 2370 ac
2365 2319 2658 2387 catapultis
2690 2319 3010 2376 insistentes
3052 2320 3318 2377 immanes
3348 2322 3471 2377 illas

1896 2420 2153 2460 saxorum
2182 2406 2480 2476 grandines
2515 2408 2736 2462 sublimi
2771 2409 2977 2478 impetu
3003 2409 3306 2478 iactabant;
3329 2421 3471 2465 erat-

1896 2513 2022 2567 que.
2081 2499 2175 2567 qui
2231 2498 2300 2551 ab
2335 2499 2444 2554 illis
2485 2501 2655 2554 nobis
2704 2500 3082 2571 impendebat,
3116 2502 3472 2559 multiformis

1897 2589 2186 2654 interitus,
2226 2590 2608 2659 iugruensque
2665 2591 3030 2662 undequaque
3087 2593 3350 2664 impetus,
3416 2596 3470 2650 iu

1895 2696 2036 2748 quos
2088 2680 2375 2742 incideret,
2443 2682 2783 2736 tremendum
2815 2683 3251 2751 experimentum
3285 2683 3471 2741 dabat.

1897 2771 2108 2826 Etenim
2141 2771 2406 2825 adversus
2438 2786 2602 2824 unam
2635 2779 2942 2841 portarum,
2983 2789 3150 2839 quam
3201 2774 3473 2840 dicebam,

1898 2875 2104 2932 septem
2134 2862 2442 2932 catapultas
2468 2863 2713 2932 undique
2745 2865 3092 2934 Constipatas
3124 2880 3188 2920 ac
3229 2881 3478 2921 commu-

1899 2957 2042 3009 nitas
2070 2963 2380 3016 erexerant,
2420 2971 2561 3024 quas
2588 2952 2829 3010 Thasum
2861 2965 3248 3025 percurrentes
3271 2957 3339 3010 ad
3373 2957 3476 3011 hoc

1899 3047 2098 3114 negotii
2131 3054 2255 3100 ante
2289 3057 2639 3116 paraverant.
2675 3047 3054 3118 Praetereaque
3094 3049 3273 3103 scalas
3305 3064 3476 3118 quas-

1900 3137 2023 3187 dam
2081 3150 2145 3189 cx
2205 3137 2368 3204 lignis
2427 3137 2764 3206 compositas
2836 3138 2949 3193 illic
2994 3138 3254 3194 adversas
3318 3153 3478 3193 muro

1905 3227 2269 3295 applicantes,
2335 3244 2433 3296 pcr
2478 3243 2571 3284 eas
2616 3244 2907 3285 ascensum
2953 3230 3340 3297 moliebantur,
3391 3245 3481 3286 sa-

1907 3318 1989 3369 xis
2021 3333 2116 3385 per
2173 3319 2484 3388 catapultas
2539 3320 2764 3377 retortis
2808 3333 2933 3377 sese
2985 3327 3222 3386 tuentes,
3261 3330 3319 3375 ut
3362 3335 3480 3374 rem

1907 3408 2214 3465 incolumes
2263 3417 2610 3477 praestarent.
2666 3405 2787 3464 Non
2830 3409 2978 3466 enim
3011 3408 3290 3474 sinebant,
3316 3407 3490 3482 528.

1907 3499 1987 3552 sic
2038 3499 2297 3552 continua
2331 3513 2462 3553 saxa
2493 3495 2842 3568 ejaculando,
2899 3505 2958 3554 ut
2994 3512 3058 3556 ex
3097 3497 3280 3556 altiorl
3340 3499 3482 3552 muri

1907 3600 2060 3659 parte
2089 3590 2307 3643 innoxie
2331 3590 2620 3660 quisquam
2653 3590 3054 3660 procumberet.
3089 3592 3168 3645 Ac.
3191 3599 3340 3645 certe
3367 3590 3482 3660 jam

1911 3689 2038 3734 voto
2074 3681 2231 3750 potiti
2287 3689 2494 3743 essent,
2547 3682 2695 3736 scala
2757 3683 2928 3738 seruet
2984 3683 3280 3738 anterioris
3337 3683 3484 3738 muri

1911 3775 2339 3843 propugnaculis
2393 3775 2648 3840 admota,
2705 3775 2813 3830 nisi
2873 3775 3058 3830 divina
3115 3773 3361 3845 quaedam
3403 3774 3486 3828 vis

1906 3863 2057 3917 viros
2112 3863 2380 3932 quosdam
2437 3864 2664 3920 audacis
2714 3865 2904 3931 animi,
2946 3873 3005 3919 ut
3051 3865 3169 3920 loco
3210 3866 3486 3920 irruerent

1910 3954 2293 4025 Barbarosque
2352 3955 2530 4037 hastis
2596 3958 2907 4013 vulneratos
2969 3974 3075 4013 una
3133 3974 3258 4013 cum
3322 3959 3487 4017 scalis

1913 4058 2061 4103 retro
2091 4049 2397 4118 prarcipites
2426 4048 2640 4112 darent,
2685 4048 2913 4104 fortiore
2963 4051 3086 4103 nisu
3147 4051 3484 4104 roborasset.

1913 4139 2004 4195 Sic
2066 4155 2196 4195 vero
2259 4142 2402 4195 hanc
2455 4156 2676 4211 quoque
2736 4142 3074 4198 molitionem
3132 4143 3215 4197 eis
3275 4157 3488 4196 cassam

1912 4234 2180 4298 cessisse,
2200 4243 2526 4303 arreptaque
2555 4233 2688 4304 fuga
2715 4233 2920 4289 scalam
2952 4234 3264 4290 deseruisse
3297 4234 3491 4288 viden-

1914 4331 2018 4389 tes,
2072 4325 2210 4384 adeo
2264 4325 2482 4379 animos
2545 4326 2822 4391 auximus,
2874 4332 2939 4378 ut-
2976 4334 3029 4378 et
3090 4325 3260 4379 risum
3300 4326 3353 4379 iu
3392 4340 3491 4379 eos

1915 4430 2284 4478 moveremus,
2347 4425 2400 4468 et
2453 4415 2649 4485 majori
2714 4431 2826 4486 prae
2873 4415 3133 4471 hesterna
3172 4415 3260 4469 die
3288 4417 3486 4471 alacri-

204 4520 472 4576 τοσοῦτον
499 4523 660 4592 ἡμεῖς
692 4521 928 4592 ἤλθομεν
964 4522 1164 4591 θάρσος
1190 4522 1266 4584 ὡς
1305 4523 1398 4575 καὶ
1452 4522 1622 4592 γελᾷν
1680 4523 1795 4574 κατ¹

1912 4515 2022 4562 tate
2063 4507 2246 4578 jacula
2297 4506 2767 4576 iutorqueremus,
2831 4515 2892 4562 et
2935 4523 3006 4562 ex-
3045 4509 3317 4563 machinis
3358 4524 3492 4563 saxa

206 4614 422 4679 αὐτῶν,
452 4615 547 4667 καὶ
575 4615 983 4685 προθυμότερον
1005 4614 1106 4684 τῆς
1131 4614 1299 4684 άλλης
1327 4617 1540 4686 ἡμέρας
1571 4617 1684 4678 τοῖς
1744 4631 1804 4668 τε

210 4707 397 4774 βέλεσι
429 4705 673 4775 χρῆσθαι·
709 4708 932 4767 καὶτοῖς
957 4705 1063 4759 ἀπὸ
1087 4705 1198 4758 τῶν
1225 4707 1483 4776 πετροϐό)
1495 4725 1570 4760 ων
1612 4707 1804 4771 λίθοις,

211 4800 307 4851 καὶ
372 4798 573 4867 μηκέτι
650 4800 955 4868 συγχωρεῖν
1020 4797 1207 4861 αὐτοῖς
1263 4798 1368 4852 κᾶν
1418 4798 1553 4868 πρὸς
1631 4797 1805 4868 βραχὺ

211 4892 509 4961 προσιέναι
539 4889 617 4959 τῷ
649 4891 841 4960 τείχει,
875 4889 978 4943 κᾶν
1001 4893 1083 4944 ὅτι
1116 4890 1253 4960 πρὸς
1285 4889 1660 4961 μανικώτερον
1725 4890 1809 4953 ἐξ·

213 4983 488 5050 α’ρθέντες
517 4983 609 5034 καὶ
636 4982 788 5034 αὐτοὶ
815 4983 971 5050 δίκην
1002 4981 1144 5034 συῶν
1169 4981 1379 5052 ἀγρίων
1406 4983 1531 5044 τοὺς
1592 4981 1811 5046 ὀδόντας

215 5072 674 5141 ταρέθηγον,καὶ
705 5071 758 5123 εί
789 5088 904 5134 πως
934 5072 1083 5140 ἐνῆν,
1140 5072 1349 5135 ζῶντας
1406 5072 1613 5126 ἐθέλειν
1665 5072 1814 5144 ἡμᾶς

219 5167 278 5218 ὲν
302 5164 494 5226 αὐτοῖς
522 5163 936 5234 διαρρήξασθαι.
966 5161 1095 5219 Οἷον
1127 5167 1234 5237 γὰρ
1255 5161 1323 5237 ἦν
1356 5167 1536 5220 αὐτῶν
1586 5165 1818 5237 φοϐερὸν

212 5259 446 5312 ἀκούειν
482 5258 526 5289 δ’
551 5257 672 5311 καθ’
698 5259 858 5329 ἡμῶν
889 5259 1254 5329 μεμηνότωνί
1309 5258 1428 5321 πῶς
1484 5259 1583 5327 τῆς
1635 5258 1813 5330 ὑπερ-

215 5351 531 5422 ϐαλλούσης
551 5353 720 5422 ὀργῆς
753 5351 1038 5406 ἐποιοῦντο
1057 5353 1158 5423 τὴν
1181 5350 1431 5418 ἔνδειξιν,
1495 5352 1660 5406 ὁπότε
1722 5350 1818 5422 βύ-

215 5442 339 5495 θιον
371 5440 602 5512 ἔϐρυχον
634 5443 868 5506 καὶτοῖς
905 5445 967 5496 ὲκ
995 5441 1088 5496 τοῦ
1118 5442 1386 5512 στόματος
1434 5440 1816 5511 πεμπομένοις

215 5532 422 5606 ἀφροῖς
450 5535 511 5587 τὸ
532 5536 887 5605 δαιμονιῶδες
920 5535 1103 5593 αὐτῶν
1130 5535 1558 5606 παρεδείκνυντο
1578 5535 1644 5598 ⁸⁸,
1695 5534 1816 5589 οὐδὲ

1915 4603 2342 4666 revolveremus,
2388 4616 2454 4656 ac
2504 4617 2573 4655 ne
2618 4601 2908 4657 minimum
2940 4603 3161 4671 quidem
3203 4600 3270 4655 ad
3303 4615 3492 4657 muros

1917 4694 2178 4747 accedere
2213 4691 2322 4744 Illis
2372 4691 2850 4761 permitteremus,
2903 4691 3031 4746 licet
3061 4700 3115 4747 et
3146 4691 3248 4762 ipsi
3280 4691 3492 4746 sazviori

1916 4786 2070 4840 rabie
2102 4784 2305 4839 conciti
2357 4797 2518 4838 suum
2571 4784 2869 4853 agrestium
2898 4799 3048 4841 more
3084 4784 3276 4838 dentes
3325 4798 3492 4838 acue-

1916 4885 2060 4941 rent,
2092 4877 2220 4933 etsi
2257 4877 2370 4932 ﬁeri
2404 4885 2611 4948 posset,
2657 4891 2760 4930 nos
2815 4876 3066 4931 viventes
3111 4876 3179 4930 iis
3222 4874 3495 4930 dilaniare

1920 4969 2140 5022 vellent.
2195 4967 2474 5033 Quantum
2505 4968 2659 5021 enim
2686 4967 2905 5021 illorum
2940 4965 2994 5019 in
3038 4982 3140 5022 nos
3175 4965 3496 5022 tremendus

1920 5061 2118 5117 furor?
2183 5060 2474 5128 Quomodo
2505 5068 2927 5129 exsuperantem
2962 5061 3168 5114 irarum
3219 5060 3326 5113 vim
3373 5074 3498 5130 pro-

1922 5153 2168 5210 debant?
2219 5169 2418 5224 nempe
2447 5153 2637 5208 intime
2666 5151 2874 5209 animis-
2898 5152 3228 5219 fremebant,
3279 5160 3334 5207 et
3361 5153 3502 5208 actis

1924 5265 1992 5307 cx
2040 5264 2137 5304 ore
2176 5249 2394 5320 spumis
2437 5249 2491 5303 lu
2525 5262 2586 5303 se
2630 5245 2891 5304 latentem
2927 5246 3232 5304 damonem
3289 5245 3502 5300 indica-

1922 5345 2076 5408 bant,
2117 5356 2185 5399 ne
2216 5331 2402 5398 Cibum
2431 5339 2656 5412 quidem
2705 5342 2816 5394 tota
2869 5337 2963 5396 illa
3003 5340 3094 5396 die
3152 5339 3256 5395 sibi
3312 5338 3502 5394 indut-

1924 5444 2134 5511 gentes,
2185 5433 2282 5489 sed
2337 5429 2638 5487 insatiale
2698 5443 2896 5502 pugna
2955 5429 3173 5494 ardore,
3215 5437 3351 5483 metu
3410 5429 3504 5482 illo

1925 5530 2276 5620 gravissimo,
2313 5541 2381 5583 ne
2411 5526 2714 5583 sentientes
2769 5523 2989 5596 quidem
3037 5537 3106 5578 an
3150 5537 3384 5596 corpora
3418 5521 3505 5576 in-

1554 5644 1786 5703 VARIJE
1823 5639 2227 5700 LECTIONES.

294 5740 344 5773 “
370 5741 664 5812 ἐτελοῢμεν
692 5743 790 5813 τὴν
824 5759 936 5798 om.
973 5743 1030 5799 P.
1107 5746 1148 5776 “
1181 5745 1300 5797 οὐδὲ
1326 5745 1386 5798 Ρ.
1430 5745 1474 5774 δ’
1507 5741 1614 5811 γὰρ
1642 5755 1753 5813 o_m.
1779 5741 1838 5797 Ρ.

213 5829 337 5867 0m.
370 5813 432 5868 P.
511 5811 800 5869 ⁸⁷ίάκούε⁷ιν
831 5831 939 5870 om.
975 5813 1034 5870 Ρ.
1112 5815 1156 5848 ³⁸
1189 5816 1574 5885 παρεδείκνυτο
1618 5811 1724 5866 AP.

1919 5739 1961 5773 ⁵⁸
1983 5738 2080 5809 τὴν
2105 5752 2214 5794 om.
2248 5735 2314 5788 Δ.
2371 5731 2414 5764 ⁸⁸
2444 5729 2627 5794 αὐτοῖς
2659 5728 2718 5785 Ρ.
2772 5730 2812 5760 λδ
2849 5727 3173 5798 ἑωρακότων
3206 5728 3266 5781 Α.
3335 5725 3380 5759 δ’
3412 5720 3506 5778 καὶ
