4154 6450
214 412 326 478 569

1336 402 1433 461 DE
1459 401 1772 460 EXCIDIO
1812 400 2424 461 'l'llESSALONlC.E.

3385 413 3491 476 570

215 523 314 575 καὶ
332 521 470 590 πρὸς
501 517 560 572 τὸ
595 518 727 571 είσω
766 513 1162 587 μιτοχετεῦσαυ
1200 512 1504 583 ἐξαφθῆναι
1553 513 1632 565 δι’
1683 514 1799 566 ὅλου

1910 513 2239 577 combussit,
2293 514 2432 568 adeo
2486 521 2544 568 ut
2593 515 2756 584 paulo
2815 523 2939 585 post
2997 519 3336 586 corruet-int,
3393 535 3495 578 nec

213 614 314 676 τὰς
345 612 525 675 πύλας
549 612 884 681 ἠνάγκασεν,
911 608 988 672 ὼς
1032 607 1171 677 μετὰ
1201 605 1376 682 βραχὺ
1409 605 1616 668 ταύτας
1639 622 1808 659 κατα-

217 705 410 757 πεσεῖν
429 704 524 756 καὶ
552 701 756 754 δειλίαν
791 699 852 752 οὐ
871 699 971 768 τὴν
993 697 1266 768 τυχοῦσαν
1287 696 1496 750 ἅπασιν
1528 696 1805 766 ἐμϐαλεῖν.

216 795 399 847 Μόνον
423 793 532 861 γὰρ
563 793 646 844 ὅτι
675 790 798 843 καθ’
819 789 948 859 ὅλης
980 787 1260 860 ἐκηρύχθη
1301 787 1398 856 τῆς
1428 787 1475 818 ⁸⁸
1511 788 1720 851 πόλεως
1776 789 1808 858 ἡ

215 886 328 938 τῶν
351 885 536 938 πυλῶν
565 884 851 944 ἔκκαυσις,
881 881 978 934 καὶ
1004 879 1258 949 καθάπερ
1288 879 1435 941 τινὸς
1457 877 1643 948 ξίφους
1680 881 1809 933 ὑπο-

214 979 519 1050 δραμόντος
550 977 650 1040 τὰς
681 976 937 1030 ἁπάντων
963 971 1209 1044 καρδίας,
1258 972 1431 1035 οὕτως
1481 971 1808 1038 ἐναγωνίους

215 1073 314 1125 καὶ
335 1069 640 1140 τρομὼδεις
666 1070 801 1131 τοὺς
830 1065 1154 1136 ἀνθρώπους
1183 1064 1477 1133 πεποίηκε,
1535 1062 1633 1125 τὰς
1672 1079 1806 1132 μορ-

215 1163 325 1231 φὰς
366 1161 773 1224 ἁλλοιώσαντας
843 1161 937 1213 καὶ
969 1159 1150 1211 πᾶσαν
1179 1156 1425 1226 χρηστὴν
1453 1155 1647 1224 ἀθρόον
1673 1173 1807 1226 προ-

213 1255 523 1318 δεδωκότας
580 1253 794 1307 ἐλπίδα.
845 1251 958 1305 Καὶ
1015 1250 1124 1318 γὰρ
1167 1249 1218 1301 oi.
1262 1247 1368 1318 πρὸ
1424 1245 1654 1317 βραχέος
1696 1249 1807 1310 τοῖς

212 1346 454 1417 τείχεσιν
483 1345 830 1414 ἐξαλλόμενοι
859 1342 954 1395 καὶ
1004 1341 1140 1412 πρὸς
1162 1341 1252 1393 τὸν
1275 1340 1362 1394 διὰ
1393 1340 1574 1410 μάχης
1617 1339 1806 1407 ἀγῶνα

211 1439 484 1508 ἀλλήλους
520 1436 936 1504 ἐγκιλευὸμενοι
981 1433 1212 1486 πτωκῶν
1249 1432 1634 1502 ἀδρανέστεροι
1688 1430 1806 1492 ταῖς

210 1531 505 1601 ἀληθείαις
541 1529 868 1583 ἐδείκνυντο.
897 1526 1041 1580 Αὐτὸ
1072 1527 1181 1598 γὰρ
1226 1525 1404 1590 τοῦτο,
1456 1524 1518 1577 τὺ
1554 1509 1653 1594 τὴν
1708 1539 1808 1594 μη-

211 1624 389 1694 γανὴν
446 1622 666 1692 ἐκείνην
717 1621 798 1682 είς
876 1617 1036 1690 ἔργον
1100 1617 1370 1689 ἐκϐῆναι,
1443 1602 1802 1686 μαντεύεσθαι

211 1714 309 1769 τοῦ
355 1715 543 1777 τέλους
571 1715 694 1776 ταῖς
741 1713 997 1783 ἁπᾲντων
1024 1711 1197 1764 ἐδίδου
1241 1711 1456 1781 ψυχαῖς.
1516 1709 1665 1778 Πλὴν
1720 1709 1802 1762 ὅτι

211 1806 324 1859 τῶν
369 1806 474 1870 ἔξω
525 1803 710 1859 πυλῶν
769 1801 1220 1871 πυρποληθεισῶν
1272 1802 1371 1863 τὰς
1433 1799 1581 1853 ἔνδον
1645 1801 1803 1869 ἡμεῖς

208 1897 402 1966 τειχίῳ
464 1898 571 1950 τινὶ
639 1895 948 1965 νεοδομήτῳ
1029 1893 1222 1946 θᾶττον
1297 1890 1798 1963 περιφραξάμενοι,

210 1989 388 2044 ὓδατά
412 2005 470 2041 τε
499 1991 618 2052 ταῖς
644 1986 932 2051 ἐπάλξεσιν
963 1985 1020 2038 ἐν
1045 1982 1153 2038 τισι
1182 1983 1459 2055 προαποθέ
1470 2001 1620 2055 μενοι
1643 1984 1800 2038 σκεύ-

209 2100 352 2147 εσιν,
410 2080 826 2151 ἐφυλαττὸμεθα
873 2080 1003 2132 πότε
1047 2080 1139 2132 καὶ
1199 2078 1334 2147 πρὸς
1384 2077 1588 2140 ταύτας
1614 2066 1802 2147 ῗῦχον

209 2175 623 2244 ἐφορμήσουσιν
649 2174 696 2224 οί
735 2171 1006 2240 πολέμιοι,
1041 2171 1120 2221 ἵν’
1181 2171 1268 2223 ὅτε
1315 2168 1415 2237 τῆς
1463 2171 1801 2238 κακουργίας

209 2267 310 2318 καὶ
329 2263 484 2326 αὖθις
512 2263 962 2333 ἐπιχειρήσωσιν.
1014 2260 1226 2329 ἔχωμεν
1271 2263 1418 2323 ὅπως
1463 2261 1560 2330 τῆς
1605 2261 1800 2328 φλογὸς

206 2354 684 2425 ἀντιποιησόμεθα
710 2352 806 2406 καὶΙ
837 2355 934 2422 τῆς
972 2352 1264 2422 έπιὸουλῆς
1323 2352 1654 2422 ἀπειράτους
1701 2354 1800 2416 τὰς

205 2447 389 2511 πύλας
412 2448 841 2517 διατηρήσομεν.
874 2447 937 2500 Ὃ
960 2446 1023 2514 δὴ
1067 2447 1159 2498 καὶ
1180 2445 1398 2514 γνόντες
1449 2447 1646 2498 ἐκεῖνοι
1673 2446 1799 2499 οὐκ·

205 2543 295 2593 ἐτι
327 2529 758 2602 ταίςλτοιαύταις
801 2537 1182 2599 κακοϐουλίαις
1216 2537 1538 2608 ἐχρήσαντο,
1585 2538 1800 2606 ἑτέραις

199 2632 263 2687 δέ
310 2649 453 2686 τισιν
483 2631 710 2702 ἔμελλον
731 2630 1065 2699 δεινοτέραις
1094 2630 1237 2682 Eu"
1270 2631 1365 2684 καὶ
1406 2629 1802 2702 σφοδροτέραις

200 2726 300 2777 τὸν
360 2725 486 2778 καθ’
555 2724 712 2794 ἡμῶν
767 2723 1107 2793 ἐπιτηδεύειν
1154 2723 1396 2790 δλεθρον,
1456 2723 1514 2776 δν
1577 2724 1802 2794 οὐδεμιᾷ

205 2815 424 2885 μεθόδῳ
456 2815 548 2869 τοῦ
580 2814 769 2868 λοιποῦ
799 2815 1027 2868 δυνατὸν
1049 2811 1117 2884 ἦν
1149 2815 1578 2885 διακρούσασθαι
1603 2817 1799 2885 ὲνεργῆ

197 2925 261 2961 τε
293 2909 340 2940 ⁸⁵
370 2908 502 2962 sm
540 2909 637 2961 καὶ
673 2910 857 2961 πᾶσαν
886 2908 1136 2978 μηχανὴν
1186 2907 1604 2977 ύπερὸαίνοντα.
1652 2907 1798 2977 Πλὴν

197 3001 347 3053 οὕτω
367 2999 461 3053 τοῦ
486 3000 660 3070 πυρὸς
686 2999 1044 3068 παυσαμένου
1075 2999 1136 3051 τὸ
1187 2998 1373 3050 λοιπὸν
1423 2999 1522 3068 τῆς
1583 2998 1797 3070 ἡμέρας

196 3094 316 3154 τοῖς
349 3090 699 3164 Ιιεετροῦόλοις
725 3089 967 3159 ἐχρῶντο
991 3087 1115 3145 καθ’
1137 3089 1293 3158 ήμῶν
1328 3091 1423 3142 καδ-
1447 3092 1560 3153 τοῖς
1597 3089 1794 3153 τόξοις,

1916 605 2087 661 levem
2121 606 2470 662 formidinem
2500 609 2716 662 cunctis
2766 608 3078 677 injecerint.
3138 609 3239 665 Per
3269 628 3492 670 omnem

1913 698 2062 752 enim
2106 711 2275 767 prope
2297 700 2574 753 civitatein
2609 688 2888 769 publicato
2925 701 3200 768 incendio,
3246 720 3311 758 ac
3349 709 3494 760 velut

1913 790 2092 858 gladio
2131 790 2379 844 omnium
2418 792 2679 847 cordibus
2737 791 2929 858 infixo,
2974 795 3053 848 sic
3099 811 3299 862 pavore
3342 800 3491 850 anxii

1912 885 2131 950 actique
2163 892 2398 938 tremore
2429 883 2580 939 cives
2610 901 2674 940 ac
2709 886 2862 940 vultu
2901 886 3174 940 immutati
3219 888 3492 942 mitiorem

1912 989 2064 1043 spem
2094 990 2315 1030 onmem
2354 986 2575 1045 repente
2615 977 2957 1044 abjeceruut.
3016 977 3120 1043 Qui
3157 981 3300 1032 enim
3329 981 3492 1049 paulo

1910 1077 2034 1120 ante
2078 1067 2252 1122 muris
2283 1067 2439 1138 53],
2488 1069 2812 1122 assiliebant
2843 1085 3012 1138 seque
3065 1080 3256 1124 mutuo
3289 1072 3355 1124 ad
3396 1088 3494 1140 pu-

1910 1174 2027 1227 gna.-
2067 1167 2346 1214 certamen
2382 1159 2726 1223 animabant,
2781 1160 3061 1230 leporibus
3091 1163 3399 1218 timidiores
3435 1179 3492 1218 re

1911 1250 2031 1318 ipsa
2058 1250 2338 1305 exstitere.
2386 1251 2566 1321 Ipsum
2599 1252 2746 1306 enim
2784 1253 2910 1318 hoc,
2939 1253 3088 1322 quod
3121 1255 3202 1307 sic
3229 1255 3490 1310 machina

1909 1340 2259 1395 commodum
2312 1341 2520 1396 exitum
2569 1343 2873 1409 habuisset,
2923 1353 3249 1398 cunctorum
3292 1346 3490 1401 animis

1910 1432 2052 1486 haud
2087 1433 2297 1488 incerta
2323 1433 2640 1502 conjectura
2668 1433 2736 1489 de
2769 1437 2875 1490 fine
2899 1437 3157 1507 augurari
3193 1438 3488 1506 praebebat.

1908 1521 2019 1578 Nos
2049 1525 2338 1579 enimvero
2371 1526 2742 1581 exterioribus
2795 1529 2972 1597 portis
3011 1529 3133 1598 igne
3164 1530 3488 1600 absumptis,

1909 1616 2202 1670 interiores
2251 1631 2410 1671 muro
2462 1617 2528 1672 de
2574 1631 2716 1672 novo
2777 1626 3067 1673 exstructo
3117 1621 3487 1687 conteximus,

1908 1724 2176 1778 aquarum
2220 1710 2329 1763 vim
2374 1709 2427 1763 in
2463 1711 2607 1765 vasis
2641 1712 2938 1780 repositam
2975 1711 3029 1766 in
3065 1716 3490 1781 propugnaculis

1908 1809 2211 1864 servantes,
2249 1802 2298 1856 si
2356 1801 2578 1868 quando
2622 1810 2677 1857 et
2717 1803 2838 1858 illas
2883 1802 3184 1858 adversarii
3241 1805 3487 1861 incesse-

1909 1903 2052 1956 rent,
2108 1903 2164 1948 ut
2192 1893 2468 1962 siquidem
2528 1894 2678 1948 istud
2716 1895 2966 1949 maleficii
3007 1895 3189 1950 denuo
3226 1896 3492 1968 aggrede-

1910 1996 2124 2052 rentur,
2166 1987 2218 2040 in
2252 1994 2510 2056 promptu
2546 1993 2694 2040 esset
2739 2001 2849 2056 quo
2890 1987 3362 2054 restingueremus
3400 1988 3490 2042 in-

1907 2078 2102 2132 cendia
2129 2089 2293 2146 atque
2328 2076 2395 2130 ab
2428 2076 2648 2131 insidiis
2680 2077 2885 2132 liberas
2941 2078 3190 2148 labisque
3219 2079 3489 2135 immunes

1909 2178 2095 2241 portas
2132 2183 2498 2222 servaremus.
2552 2167 2707 2234 Quod
2749 2169 2826 2222 illi
2860 2185 3080 2238 quoque
3100 2171 3488 2241 intelligentes

1911 2263 2046 2317 nihil
2078 2263 2221 2315 ultra
2257 2262 2562 2316 maleficum
2622 2257 2769 2316 istud
2824 2274 3194 2318 commentum
3253 2279 3485 2333 usurpa-

1909 2363 2082 2408 runt:
2143 2355 2264 2409 aliis
2295 2362 2476 2408 tamen
2516 2354 2848 2423 quibusdam
2901 2353 3204 2408 dirioribus
3258 2353 3488 2407 validio-

1908 2448 2170 2518 ribusque
2213 2448 2442 2503 exitium
2490 2458 2737 2503 nostrum
2783 2456 2940 2501 erant
2984 2449 3266 2511 molituri,
3329 2445 3490 2516 cujus

1907 2540 2216 2610 depellendi
2263 2541 2408 2595 nulla
2440 2541 2702 2610 deinceps
2749 2541 2834 2594 via
2867 2541 3023 2595 nobis
3068 2541 3278 2610 reliqua
3311 2547 3483 2602 esset,

1903 2643 2057 2688 tanta
2106 2634 2322 2687 illorum
2364 2634 2436 2700 vi,
2487 2635 2658 2690 tantis
2704 2635 2887 2688 nervis
2941 2645 3105 2702 atque
3156 2642 3382 2696 conatu,
3428 2640 3490 2686 ut

1901 2727 2006 2780 vim
2039 2741 2256 2780 omnem
2291 2727 2671 2781 machinarum
2719 2726 3071 2781 excederent.
3135 2725 3248 2780 Hoc
3298 2725 3487 2794 itaque

1901 2816 2062 2870 modo
2118 2831 2240 2870 cum
2304 2819 2448 2888 ignis
2507 2832 2801 2883 cessasset,
2847 2820 2990 2888 quod
3044 2819 3314 2888 reliquum
3355 2829 3482 2872 erat

1900 2908 2045 2971 diei,
2083 2911 2372 2976 catapultis
2429 2909 2742 2979 jacnlisque
2800 2920 3085 2979 peractum
3137 2919 3256 2974 est,
3313 2911 3490 2965 donec

1902 3001 2194 3053 nocturnis
2225 3001 2465 3055 tenebris
2519 3000 2610 3054 lux
2645 3001 2833 3062 cessit.
2893 2999 3176 3071 effusaque
3218 3000 3400 3070 caligo
3432 3011 3488 3053 et
3589 3062 3594 3068 ,

1903 3091 2104 3145 invitos
2131 3108 2158 3144 a
2194 3108 2388 3161 pugna:
2420 3092 2725 3146 certamine
2763 3092 3015 3146 retraxit.

199 3185 401 3256 μέχρις
425 3184 567 3238 ἂντδ
592 3183 904 3253 νυκτερινὸν
930 3184 1121 3248 σκότος
1148 3184 1210 3235 τὸ
1265 3183 1380 3253 φῶς
1441 3183 1713 3248 διεδέξατο
1765 3184 1858 3236 καὶ
1897 3185 1993 3254 τῆς
2052 3187 2292 3253 ἀγωνίας
2359 3185 2628 3237 παύεσθαι
2683 3184 2816 3254 μηδὲ
2877 3184 3236 3255 βουλομένους
3284 3185 3488 3241 αὐτοὺς

197 3277 587 3347 κατηνάγκασε
598 3319 612 3332 .

270 3372 374 3442 λβκ
432 3367 563 3425 Εἶτα
620 3370 809 3440 ἐπειδὴ
866 3371 958 3424 τοῦ
998 3371 1252 3440 πολεμεῖν
1291 3371 1617 3436 ἐπαύσαντο,
1670 3372 1788 3434 ταῖς

1962 3367 2051 3420 52.
2085 3366 2244 3427 Tum,
2279 3381 2404 3418 cum
2445 3379 2638 3434 pugnae
2656 3363 2818 3418 linem
2850 3362 3133 3426 fecissent,
3164 3364 3486 3422 conscensis

196 3467 401 3520 ναυσὶν
435 3463 518 3535 [Ρ.
546 3463 676 3533 3H]
710 3464 980 3533 ἐμσάντες
1006 3465 1100 3516 καί
1139 3480 1192 3515 τι
1216 3461 1431 3532 μικρὸν
1487 3462 1796 3533 ¹ησυχέισαν-

195 3575 297 3620 τες
326 3557 560 3628 ἧρχοντο
587 3555 680 3607 τοῦ
699 3554 973 3625 δράματος
996 3555 1131 3624 ὅπερ
1161 3549 1301 3625 ἦσαν
1323 3556 1444 3616 ταῖς
1467 3553 1670 3606 ἑαυτῶν
1690 3553 1799 3605 δει-

194 3652 394 3718 νότησι
422 3646 912 3718 προεξευρημένοι.
948 3647 1022 3699 Τὸ
1077 3647 1134 3699 δὲ
1171 3643 1240 3717 ἦν
1295 3647 1557 3717 τοιαύτην
1615 3648 1799 3710 αὐτοῖς

193 3741 514 3810 ἀπόπειραν
543 3737 826 3809 ἐμποιοῦν,
856 3739 931 3802 ὼς
965 3739 1012 3790 εί
1047 3738 1145 3808 μέν
1167 3739 1232 3790 δι’
1266 3739 1430 3792 αὑτοῦ
1455 3740 1498 3772 ⁸⁹
1521 3738 1798 3808 δυνηθεῖεν

191 3835 301 3902 τὴν
338 3833 492 3884 πόλιν
516 3827 835 3901 πορθήσειν,
871 3826 928 3882 εὖ
964 3831 1030 3883 ἂν
1073 3830 1217 3898 ἔχειν
1246 3832 1314 3894 ⁸⁸,
1371 3829 1462 3884 διὰ
1513 3831 1574 3905 τὸ
1632 3829 1798 3898 μηδὲν

192 3926 332 3982 ἄλλο
357 3923 464 3976 τῶν
489 3925 568 3985 είς
598 3923 916 3993 πολιορκίαν
950 3923 1338 3975 συντεινόντων
1388 3921 1476 3974 ἴσα
1539 3921 1796 3974 δύνασθαι

193 4017 414 4080 τούτου,
445 4016 540 4067 καὶ
576 4013 792 4084 μάλισθ’
827 4015 956 4067 ὅταν
986 4013 1081 4082 ἀφ’
1135 4014 1343 4066 ὑδάτων
1379 4015 1525 4065 ἐστὶν
1572 4014 1604 4081 ὴ
1649 4012 1796 4083 μάχη

197 4112 299 4164 καὶ
329 4110 406 4180 μὴ
436 4106 712 4179 μεσιτεύει
747 4106 938 4177 χέρσος
968 4106 1066 4177 τὴν
1086 4105 1379 4176 ἐπιϐουλὴν
1410 4107 1794 4160 διακόπτουσα·

195 4203 248 4255 εί
277 4200 334 4254 δέ
358 4217 418 4266 γε
449 4199 590 4271 μετά
611 4197 721 4252 τῶν
755 4195 932 4252 ἄλλων
960 4185 1034 4248 ὧν
1064 4196 1483 4266 προενήργησαν
1513 4194 1605 4245 καὶ
1638 4192 1798 4244 τοῦτο

192 4296 278 4356 είς
313 4292 480 4364 μηδέν
505 4292 689 4353 αὐτοῖς
723 4288 766 4320 ⁶¹
800 4287 1163 4351 συντελέσειε,
1189 4286 1316 4347 τοὺς
1335 4289 1413 4348 εἰς
1448 4285 1604 4337 τοῦτο
1653 4285 1795 4350 παρ-

191 4388 555 4458 ορμήσαντας
589 4382 790 4447 αὐτοὺς
826 4381 921 4434 καὶ
943 4378 1197 4433 τοσοῦτον
1217 4376 1384 4429 πλοῦν
1413 4376 1661 4428 διανῦσαι
1691 4373 1795 4444 μά-

189 4498 301 4551 την
356 4477 854 4545 ἀποπλανήσαντας
915 4477 1026 4534 τοίς
1086 4470 1271 4531 ὅπλοις
1338 4467 1796 4547 διαχειρίσασθαι,

190 4577 294 4627 καὶ
328 4571 504 4633 οὕτως
539 4572 595 4621 ὲν
623 4570 735 4631 τοῖς
768 4566 917 4627 ἰδίοις
948 4562 1233 4635 ἀπαίρειν.
1277 4561 1494 4630 Ταύτην
1525 4555 1617 4612 οὖν
1663 4558 1797 4628 παρ’

192 4666 414 4727 ἑαυτοῖς
441 4664 660 4731 θέμενοι
679 4661 780 4731 τὴν
820 4657 1036 4729 βουλὴν,
1084 4655 1165 4708 ἔτι
1215 4655 1347 4707 κατ’
1393 4653 1565 4723 ἀρχὰς
1632 4651 1796 4721 οὔσης

189 4760 298 4828 τῆς
341 4757 558 4819 νυκτὸς,
625 4753 720 4806 τοῦ
778 4751 1030 4804 ποικίλου
1083 4749 1175 4801 καὶ
1214 4744 1528 4808 πολυειδοῦς
1583 4745 1793 4796 ἐκείνου

192 4848 516 4918 ἀπήρξαντο
551 4846 964 4916 μηχανήματος.
1034 4837 1434 4906 Ἐξὰψαντες⁶²
1484 4837 1595 4905 γὰρ
1659 4852 1796 4888 παν·

192 4941 366 5011 τοιχοῦ
402 4941 574 5007 φῶτα,
598 4941 694 4992 καὶ
756 4938 934 4999 πάσας
975 4935 1154 4988 αὐτῶν
1195 4933 1294 4996 τὰς
1339 4931 1472 5000 νῆας
1525 4927 1665 4982 κατὰ
1703 4928 1795 4981 δύο

196 5033 559 5098 συζεύξαντες
588 5032 785 5100 ἑτέραν
820 5030 919 5097 τῆς
948 5028 1141 5095 έτέρας
1181 5025 1472 5094 ἐχομένην,
1535 5021 1628 5076 καί
1682 5037 1794 5074 τισι

195 5124 388 5184 stilos;
425 5120 705 5190 στιϐαροῖς
733 5121 829 5171 καὶ
866 5118 1112 5187 σιδηραῖς
1143 5103 1368 5169 ἁλύσεσι
1397 5113 1496 5176 τὰς
1520 5108 1795 5182 ἑκατέρων

195 5217 441 5285 πλευρὰς
467 5215 860 5283 συσφίγξαντες
892 5214 1026 5284 πρὸς
1090 5213 1151 5264 τὸ
1202 5211 1276 5280 μὴ
1328 5209 1522 5282 ῥαδίως
1564 5209 1796 5276 ἀφίστα-

195 5311 348 5374 σθαι,
379 5307 704 5362 ἀνείλκυσαν
734 5306 825 5361 διὰ
866 5307 973 5359 τῶν
1003 5304 1147 5358 κατὰ
1179 5304 1408 5374 πρῶραν
1452 5300 1795 5373 ἀπῃωρημέ-

193 5423 305 5460 νων
335 5403 602 5473 ἐξαρτίων
624 5386 669 5433 ⁸⁵
718 5402 788 5454 τὰ
833 5401 922 5454 διὰ
949 5401 1116 5471 μέσου
1165 5396 1585 5470 προδεδλημένα
1637 5391 1790 5458 ξύλα,

191 5495 228 5549 ἃ
261 5497 379 5557 τοῖς
414 5490 860 5561 ναυτιλλομένοις
921 5492 1192 5562 κατάρτια
1232 5489 1417 5542 καλεῖν
1463 5487 1606 5550 ἔθος.
1657 5482 1794 5538 Είτα

190 5586 326 5648 τοὺς
353 5585 460 5639 τῶν
490 5583 769 5656 ἑκατέρων
796 5584 942 5655 νηῶν
961 5584 1198 5651 αὖγένας
1222 5585 1278 5636 ἐν
1316 5582 1528 5643 τούτοις
1570 5579 1659 5634 διὰ
1684 5579 1794 5634 τῶν

1899 3459 2133 3514 navibus
2172 3472 2417 3524 curaque
2468 3457 2640 3510 animi
2694 3472 2994 3528 parumper
3049 3457 3287 3513 remissa
3328 3461 3488 3515 moli-

1899 3550 2068 3604 tionis
2103 3565 2241 3618 opus
2273 3549 2516 3618 aggressi
2555 3555 2721 3614 sunt,
2771 3548 2932 3618 cujus
2968 3551 3070 3605 sibi
3121 3549 3224 3619 ipsi
3264 3549 3487 3606 solertia

1899 3657 1996 3695 sua
2035 3641 2356 3710 ingeniique
2411 3640 2735 3695 dexteritate
2775 3640 3089 3696 inventores
3123 3652 3490 3713 auctoresque

1898 3735 2242 3788 exstiterant.
2279 3733 2438 3803 532
2495 3733 2703 3801 Nempe
2760 3733 2864 3786 hoc
2915 3734 3026 3789 illis
3078 3735 3393 3800 consilium,
3441 3736 3488 3791 is

1899 3840 2120 3895 scapus,
2156 3834 2212 3877 ιιι
2247 3826 2682 3893 experimentum
2714 3824 2986 3894 ejusmodi
3045 3825 3312 3894 facerent,
3349 3834 3409 3881 ut
3438 3828 3488 3882 si

1898 3932 1964 3972 eo
2006 3918 2307 3987 expugnari
2374 3917 2652 3972 civitatem
2707 3922 3080 3989 contingeret,
3137 3921 3274 3975 bene
3316 3929 3486 3983 esset,

1899 4012 2043 4079 quod
2094 4011 2303 4064 nullum
2351 4010 2500 4065 aliud
2538 4011 2606 4065 ad
2647 4011 2985 4068 obsidendas
3016 4013 3182 4066 urbes
3227 4013 3487 4069 conduci-

1899 4103 2066 4158 bilius
2123 4103 2403 4157 videretur
2450 4111 2546 4156 aut
2596 4103 2855 4169 validius,
2890 4113 2946 4158 et
2988 4104 3337 4173 potissimum
3361 4119 3486 4158 cum

1897 4211 1961 4250 ex
2011 4195 2171 4264 aquis
2210 4211 2390 4264 pugna
2439 4197 2778 4258 conseritur,
2831 4212 2932 4250 nec
2977 4197 3267 4265 interiecta
3310 4199 3490 4251 couti-

1900 4304 2038 4342 uens
2073 4289 2374 4342 molitiouis
2424 4304 2563 4356 opus
2610 4290 3004 4359 interrumpit:
3056 4291 3141 4344 sin
3197 4305 3324 4345 vero
3363 4305 3487 4345 cum

1901 4381 2044 4441 aliis,
2093 4395 2214 4448 qua:
2260 4390 2419 4432 antea
2465 4380 2568 4449 ipsi
2618 4381 2791 4434 moliti
2841 4391 3051 4441 essent.
3113 4383 3226 4435 haec
3267 4397 3491 4456 quoque

1901 4473 1968 4525 iis
1990 4487 2157 4539 opera
2187 4487 2343 4526 cassa
2381 4472 2542 4535 foret,
2575 4487 2670 4528 eos
2700 4473 2792 4541 qui
2824 4472 2890 4525 ad
2921 4489 3033 4527 rem
3062 4474 3488 4544 aggretlientlam

1903 4574 2325 4631 provocassem.
2376 4573 2431 4615 et
2473 4573 2532 4617 ttt
2590 4573 2740 4616 tanta
2779 4566 3053 4634 navigatio
3108 4567 3490 4634 susciperetur

1903 4659 2029 4709 fuco
2076 4656 2158 4709 eis
2208 4665 2468 4710 auctores
2521 4657 2886 4722 exstitissent,
2933 4656 3077 4711 ferro
3123 4658 3488 4720 trucidarent,

1903 4757 2132 4810 tumque
2174 4749 2239 4800 ad
2282 4749 2498 4816 propria
2535 4749 2799 4804 redirent.
2846 4747 2959 4804 Hoc
3004 4751 3172 4819 igitur
3215 4751 3357 4803 inter
3392 4765 3489 4805 eos

1904 4842 2206 4895 deliberata
2238 4842 2468 4906 consilio
2506 4842 2624 4908 ipso
2659 4843 2838 4896 noctis
2871 4843 3068 4896 obortu
3106 4842 3320 4896 varium
3356 4841 3491 4895 illttd

1903 4941 1957 4987 et
2006 4931 2342 4987 multiforme
2396 4934 2898 4987 machinamentum
2953 4934 3131 4988 adorti
3176 4942 3325 4988 sunt.
3379 4934 3489 4988 Ac-

1903 5026 2086 5081 censis
2127 5026 2273 5079 enim
2320 5025 2526 5094 ubique
2587 5026 2930 5087 luminibus.
2989 5027 3315 5094 cunctisque
3353 5040 3490 5095 quas

1904 5117 2282 5173 conduxerant
2324 5118 2556 5172 navibus
2593 5118 2740 5172 binis
2766 5119 3100 5188 conjugatis,
3143 5126 3196 5170 et
3230 5125 3290 5170 ut
3319 5117 3490 5172 altera

1905 5210 2061 5265 alteri
2117 5210 2538 5273 colmresccret,
2587 5211 2887 5279 densisque
2924 5209 3246 5264 retinaculis
3287 5216 3340 5261 et
3391 5224 3489 5262 ca-

1904 5301 2046 5354 tenis
2100 5299 2296 5354 ferreis
2331 5315 2518 5355 earum
2574 5301 2743 5354 latera
2780 5301 3128 5369 colligantes,
3173 5315 3239 5352 ne
3287 5313 3314 5349 a
3365 5313 3490 5352 sese

1900 5390 2059 5446 facile
2089 5391 2504 5453 divellerentur,
2560 5407 2658 5461 per
2697 5391 2872 5446 malos
2919 5391 2970 5444 in
3016 5407 3174 5461 prora
3209 5403 3488 5458 appensus

1897 5484 2042 5554 ligna
2077 5485 2129 5538 in
2165 5485 2342 5539 medio
2372 5486 2690 5547 eminentia,
2737 5501 2858 5555 qua:
2899 5485 3061 5554 vulgo
3097 5484 3278 5538 nautis
3305 5491 3486 5537 catar-

1901 5577 1980 5631 ria
2015 5576 2184 5642 dicta,
2228 5592 2447 5632 sursum
2481 5584 2720 5632 traxere.
2772 5576 2912 5631 Tum
2946 5577 3231 5631 ambarum
3266 5574 3485 5630 navium

1485 5692 1718 5750 VARIA'I
1768 5691 2179 5749 LECTIONES.

268 5791 315 5824 "
332 5792 430 5859 τῆς
460 5793 648 5848 ιιιιι.Ρ.
753 5795 795 5824 ⁵⁷
824 5791 904 5844 ἔτι
933 5807 1040 5844 om.
1070 5789 1130 5844 Ρ.
1236 5791 1279 5821 ⁵⁸
1313 5807 1367 5842 τε
1393 5804 1500 5843 om.
1527 5787 1582 5840 Ρ.

199 5846 243 5892 ’δ
284 5846 593 5934 ὄτάξίαντες
767 5864 812 5895 ⁸³
836 5862 1122 5934 ἑξαρτύων
1163 5861 1264 5915 AP.

1687 5790 1726 5819 ⁵³
1763 5789 1948 5858 αὐτῆς.
1987 5787 2044 5840 Ρ.

2147 5790 2190 5817 ⁶⁰
2221 5788 2393 5856 ἔχειεν
2437 5786 2492 5853 Ρ,
2537 5786 2709 5856 ἔχοιεν
2745 5788 2806 5841 Α.
2886 5786 2926 5818 ⁶¹
2973 5783 3178 5855 αὐτοῖς]
3215 5783 3386 5856 αὐτὴν
3417 5785 3483 5837 Α.
