4154 6450
690 402 791 468 571

1913 400 2097 461 JOAN
2111 399 2252 457 NES
2293 397 2730 458 (ΣΑΜΕΝΙΑΤΛ

3859 395 3971 458 572

687 520 925 590 αὸχένας
952 532 1091 586 quos
1131 526 1327 572 vocant
1363 519 1450 586 (ac
1482 519 1526 573 si
1570 519 1697 587 juga
1729 519 1906 584 diras)
1938 522 2144 574 interea
2170 533 2262 587 per

2399 515 2446 575 ίς
2475 514 2574 584 τὴν
2605 512 2870 583 κεφαλίδα
2909 512 3300 583 στρεφομένων
3342 510 3592 580 σχοινίων
3650 507 3813 577 μέσον
3859 526 3973 564 που

693 614 854 666 funes
891 613 943 664 in
970 614 1151 682 capite
1176 613 1412 665 intortos
1441 612 1493 664 in
1519 613 1757 666 medium
1791 625 1972 665 aerem
2009 613 2272 677 levantes,

695 720 941 776 suosque
997 720 1159 760 enses
1210 720 1278 758 ει
1331 720 1509 775 prorae
1549 713 1704 773 parte
1745 716 2013 774 extraque
2051 707 2271 760 navium

691 798 1024 854 diametrum
1051 799 1489 867 exporrigentrs,
1534 799 1844 851 inauditum
1873 798 2146 868 iidemque
2177 816 2274 852 ex-

694 889 895 945 cedens
929 903 992 942 ac
1037 897 1425 958 portentosum
1460 887 1671 942 fraudis
1712 889 1892 944 omnis
1929 890 2278 958 solertiaque

697 983 976 1036 inventum
1027 981 1261 1035 artiﬁcio
1305 982 1397 1034 illo
1442 981 1736 1036 commenti
1783 989 1934 1036 sunt.
1999 981 2057 1034 ln
2109 982 2276 1036 altum

695 1074 867 1137 enim,
920 1075 996 1127 uti
1029 1074 1303 1138 dicebam,
1355 1076 1575 1127 navium
1608 1074 1758 1144 jugis
1790 1075 2087 1143 protensis,
2118 1076 2279 1144 longa

699 1166 860 1236 533
914 1167 1165 1236 quaedam
1218 1169 1363 1239 ligna
1412 1168 1692 1237 tignaque,
1744 1181 1914 1222 unum
1961 1176 2084 1240 post
2133 1170 2280 1224 aliud

697 1259 892 1314 ordine
923 1260 1279 1322 collocantes,
1319 1261 1387 1313 ils
1431 1259 1775 1327 iniecerant;
1830 1259 2062 1331 locaque
2109 1261 2282 1316 inter-

695 1351 843 1421 jecta
910 1363 1054 1407 terra
1123 1351 1408 1419 explentes
1470 1352 1526 1404 in
1597 1351 1786 1406 solerti
1845 1351 1944 1405 hac
2003 1352 2280 1416 machina,

701 1453 1060 1511 extremaque
1089 1443 1333 1512 undique
1369 1443 1648 1498 asseribus
1687 1445 2150 1507 communieutes,
2199 1454 2285 1500 at-

700 1549 809 1602 que
843 1534 1097 1602 iugorum
1127 1534 1308 1603 capita
1340 1534 1405 1587 ad
1454 1534 1653 1603 puppis
1693 1543 1880 1603 partes
1925 1537 2284 1590 validissimis

702 1626 940 1680 vinculis
983 1628 1351 1697 astringentes
1382 1670 1395 1687 .
1445 1642 1569 1696 quae
1618 1629 1670 1680 in
1715 1644 1828 1681 rem
1878 1631 2053 1698 magis
2099 1640 2287 1685 essent

703 1718 959 1788 belloque
986 1719 1350 1772 conducerent
1373 1733 1538 1788 quam
1566 1734 1690 1787 qua!
1722 1708 1783 1772 in.
1812 1737 1968 1774 muro
2013 1722 2078 1775 ad
2113 1723 2290 1776 conti-

705 1820 923 1866 nentem
958 1817 1138 1872 erant,
1186 1810 1374 1864 subtili
1407 1825 1474 1862 eo
1513 1810 1732 1862 invento
1777 1813 2022 1880 artisque
2067 1814 2284 1868 solertia

703 1911 886 1954 turres
921 1899 1183 1955 eﬂecere.
1227 1899 1320 1956 His
1385 1898 1752 1954 Barbarorum
1809 1903 2030 1972 quidam
2090 1907 2286 1960 armati

705 1991 976 2062 impositi,
1017 1992 1242 2046 robusto
1272 2007 1504 2060 corpore
1557 1994 1864 2062 audacique
1907 1996 2086 2050 indole
2122 2006 2287 2067 atque

705 2085 889 2154 genio.
925 2085 1018 2153 qui
1046 2093 1350 2138 extremum
1386 2086 1859 2155 novissimumque
1893 2089 2124 2142 militare
2152 2106 2287 2143 con-

710 2177 897 2231 silium
958 2178 1010 2229 in
1071 2192 1173 2232 nos
1225 2165 1687 2246 exsequerentur:
1729 2177 1786 2230 In
1835 2180 2106 2232 mandatis
2141 2182 2284 2235 enim

705 2277 1035 2336 acceperant
1083 2277 1141 2321 ut
1195 2268 1285 2321 alii
1339 2269 1542 2338 jaculis
1593 2270 1915 2338 impetereut
1949 2286 2044 2324 cos
2092 2274 2184 2340 qui
2232 2275 2286 2328 in

706 2359 953 2412 interiori
990 2374 1269 2415 murorum
1302 2369 1457 2428 parte
1493 2359 1828 2423 insederant,
1885 2362 1974 2414 alii
2012 2379 2142 2416 saxa
2181 2366 2284 2417 im-

707 2451 913 2515 mania,
951 2450 1044 2502 alii
1087 2450 1288 2520 ignem,
1325 2450 1613 2518 ipsumque
1638 2460 1756 2505 arte
1782 2453 2096 2507 confectum
2125 2466 2286 2524 atque

706 2543 761 2597 in
805 2545 1044 2597 vasculis
1101 2544 1360 2598 testaceis
1407 2554 1564 2598 antea
1598 2555 1872 2614 paratum,
1906 2547 1956 2600 in
1989 2564 2085 2602 eos
2119 2550 2286 2618 proji-

704 2643 891 2688 cerent
923 2650 1062 2704 quos
1095 2635 1195 2690 sibi
1256 2634 1545 2689 adversum
1605 2637 1954 2692 incursantes
2005 2641 2283 2694 baberent.

706 2725 878 2780 Erant
913 2743 1044 2781 vero
1079 2735 1276 2782 cuncta
1311 2729 1418 2783 illis
1459 2730 1610 2798 operi
1653 2739 1840 2799 parata
1875 2748 1937 2784 ac
1971 2734 2285 2800 peridonea,

705 2821 850 2889 quod
899 2836 1008 2875 non
1070 2822 1308 2890 amplius
1355 2822 1506 2874 humi
1563 2834 1865 2892 scrpcrent.
1899 2826 1990 2878 sed
2041 2827 2288 2881 malelico

707 2909 800 2962 illo
845 2911 982 2962 artis
1035 2920 1349 2964 commento
1403 2913 1518 2980 ipsa
1559 2928 1777 2982 quoque
1819 2915 1932 2980 jam
1967 2917 2105 2969 muri
2139 2925 2287 2970 strtt-

707 3009 863 3052 ctura
897 2999 1168 3070 superiori
1208 3001 1348 3054 mole
1385 3009 1686 3066 exstarent,
1719 3004 2014 3072 omnisque
2041 3007 2285 3074 ipsorum

712 3092 979 3145 machinae
1014 3092 1096 3146 vis
1143 3093 1290 3147 velut
1326 3108 1356 3147 e
1413 3095 1684 3163 superiori
1737 3097 1856 3150 loco
1891 3099 2178 3153 commode
2219 3099 2288 3155 iis

714 3185 955 3240 cederet.

778 3279 866 3333 33.
907 3280 1045 3344 Quia
1102 3279 1266 3349 igitur
1295 3287 1492 3333 cuncta
1528 3280 1642 3333 haac
1677 3297 1770 3350 per
1800 3297 1919 3335 eam
1967 3284 2138 3352 ipsam
2183 3301 2286 3340 no-

707 3385 850 3430 ctem
884 3375 951 3428 ab
984 3376 1166 3444 impiis
1199 3375 1267 3428 ad
1309 3392 1450 3444 opus
1487 3375 1720 3430 deducta
1749 3389 1928 3440 erant,
1963 3394 2063 3432 nec
2093 3394 2287 3434 eorum

709 3478 830 3532 qua;
885 3465 1130 3533 egissent
1191 3465 1460 3519 hactenus
1528 3481 1628 3519 nos
1681 3467 1980 3534 quidquam
2031 3468 2288 3534 latuerat,

708 3556 910 3624 quippe
939 3570 1064 3608 cum
1109 3556 1350 3625 ipsimet,
1383 3556 1458 3610 uti
1487 3557 1697 3610 dictum
1739 3567 1843 3620 est,
1877 3559 2046 3612 multa
2079 3561 2288 3615 lumina

709 3647 1116 3712 acceudissent,
1151 3664 1251 3702 nec
1306 3650 1458 3702 littus
1491 3649 1650 3719 longe
1679 3649 1931 3712 distaret.
1976 3653 2028 3705 in
2070 3668 2179 3722 quo
2208 3655 2285 3708 illi

713 3741 793 3794 sic
832 3741 912 3796 eis
941 3742 1057 3796 visa
1087 3743 1261 3796 moliti
1294 3752 1501 3804 essent,
1529 3758 1722 3796 omnes
1749 3744 1913 3797 timor
1944 3744 2106 3815 535
2141 3748 2292 3800 inva-

709 3838 862 3891 sitet
900 3838 1199 3907 trepidatio
1234 3839 1515 3908 animique
1573 3837 1832 3906 dejectio,
1885 3855 1983 3893 nec
2018 3841 2130 3909 jam
2173 3851 2292 3894 erat

707 3945 816 3997 qua
847 3943 906 3983 se
941 3930 1154 3984 ratione
1193 3938 1355 3985 tutos
1412 3945 1474 3983 ac
1524 3931 1831 3986 incolumes
1860 3941 2165 3987 servarent.
2205 3931 2293 3985 Vi-

707 4019 887 4076 disses
940 4021 1087 4074 enim
1137 4035 1356 4075 omnem
1389 4023 1576 4092 populi
1616 4022 2023 4076 multitudinem
2054 4024 2294 4076 tituban-

709 4124 814 4167 tem
845 4127 909 4167 ac
936 4113 1153 4166 consilii
1198 4113 1440 4184 inopem,
1479 4115 1758 4185 aliumque
1783 4115 1919 4169 alias
1944 4116 2189 4180 anxium,
2227 4133 2291 4171 ac

705 4206 873 4259 vitam
913 4205 1109 4276 ipsam,
1133 4205 1251 4273 ejus
1285 4208 1464 4274 palam
1495 4210 1637 4272 alea,
1667 4209 2077 4277 desperantem.
2105 4207 2293 4279 Neque

706 4300 854 4352 enim
892 4301 1176 4370 quomodo
1225 4298 1598 4357 imminentem
1624 4301 1862 4371 quisque
1906 4303 2290 4357 necessitatem

707 4389 1004 4460 depelleret
1061 4391 1261 4445 animis
1325 4391 1548 4445 solliciti
1621 4400 1801 4457 erant,
1855 4391 1952 4447 sed
2018 4393 2295 4462 quomodo

709 4489 1030 4551 quantoque
1060 4482 1310 4536 cruciatu
1343 4482 1548 4555 periret
1581 4482 2014 4552 cogitationibus
2051 4483 2296 4538 disseca-

2373 605 2469 658 τοῦ
2505 607 2667 677 ἀέρος
2702 606 3155 676 μετεωρίσαντες,
3191 603 3291 666 τὰς
3311 619 3371 657 τε
3426 602 3639 666 σπάθας
3681 603 3860 656 αὐτῶν
3911 607 3975 656 εκ

2377 699 2470 751 τοῦ
2509 700 2650 752 κατὰ
2679 699 2724 730 ⁸⁸
2749 699 2978 769 πρὼραν
3009 699 3208 767 μέρους
3244 697 3338 749 καὶ
3367 697 3510 765 πέρα
3539 695 3640 764 τῆς
3667 697 3779 748 τῶν
3826 697 3976 766 νηῶν

2377 790 2676 860 διαμέτρου
2715 790 3178 862 προϐεϐληκότες,
3213 788 3365 853 ξένον
3399 802 3454 840 τι
3498 788 3593 840 καὶ
3654 788 3977 856 παρηλλαγ-

2383 883 2544 951 μένον
2569 883 2966 954 πανούργευμα
3013 882 3102 935 διὰ
3146 881 3245 934 τοῦ
3307 879 3550 934 τοιούτου
3596 881 3979 949 τεχνάσματος

2381 978 2763 1049 ἑτεκτήναντο.
2813 979 2980 1048 ’Υψοῧ
3039 979 3170 1048 γὰρ,
3223 976 3300 1040 ὡς
3349 976 3508 1046 ἔφην,
3560 976 3670 1028 τῶν
3729 977 3979 1046 αὐχένων

2386 1071 2863 1143 μετεωρισθέντων
2890 1071 2958 1133 ⁸³,
2990 1070 3216 1125 ἔϐαλλον
3236 1072 3293 1123 ιν
3321 1072 3506 1133 αὐτοῖς
3527 1069 3815 1132 ἐπιθέντες
3866 1087 3977 1137 μαο

2383 1163 2495 1232 κρά
2523 1181 2647 1218 τινα
2676 1165 2813 1231 ξύλα
2838 1165 3093 1237 στιχηδδν
3123 1163 3259 1220 ἄλλο
3285 1159 3414 1218 κατἸ
3440 1165 3592 1228 ἄλλο,
3624 1163 3718 1217 καὶ
3758 1163 3853 1217 τὸν
3883 1163 3978 1216 διὰ

2388 1259 2558 1327 μέσου
2591 1261 2759 1313 τόπον
2790 1261 3098 1328 γεώσαντες
3131 1256 3198 1331 τῇ
3252 1258 3623 1328 σεσοφισμένῃ
3653 1257 3828 1326 ταύτῃ
3865 1274 3976 1325 μη·

2384 1353 2549 1423 χανῇ,
2573 1351 2640 1405 τὰ
2667 1351 2885 1421 πέρατα
2915 1361 2976 1405 τε
3010 1351 3279 1406 πάντοθεν
3315 1351 3493 1403 σανίσι
3543 1347 3978 1418 καταφμξάμε-

2386 1463 2488 1507 νοι,
2525 1443 2622 1498 καὶ
2652 1445 2720 1498 τὰ
2750 1445 2894 1514 ἂκρα
2923 1444 3033 1495 τῶν
3051 1443 3296 1513 αὐχένων
3315 1443 3374 1494 ὲν
3398 1445 3510 1504 τοῖς
3544 1439 3684 1493 κατὰ
3713 1438 3977 1508 πρύμναν

2391 1537 2618 1606 μέρεσιν
2643 1536 2830 1607 -ᾶλλοις
2864 1534 3293 1604 στιϐαρωτάτοις
3347 1534 3571 1600 δεσμοῖς
3603 1528 3976 1597 ὲνασφαλισὰ-

2391 1636 2566 1696 μενοι,
2587 1627 2834 1698 πύργους
2857 1628 3010 1689 τινὰς
3032 1626 3142 1678 τῶν
3180 1627 3256 1688 εἰς
3281 1624 3380 1693 τὴν
3399 1627 3593 1694 χέρσον
3620 1625 3675 1676 tv
3702 1622 3779 1693 τῷ
3807 1620 3978 1690 τείχει

2388 1720 2810 1790 καθισταμένων
2838 1716 3297 1788 χρειωδεστέρους
3329 1718 3392 1785 τῇ
3421 1710 3636 1785 ἐπινοίᾳ
3659 1713 3833 1784 ταύτῃ
3851 1724 3978 1765 κατ-

2390 1813 2769 1883 ετεχνάσαντο,
2819 1813 2878 1864 έν
2920 1805 3002 1872 οἷς
3033 1809 3288 1870 ἐνόπλους
3327 1808 3481 1869 τινὰς
3511 1806 3832 1877 Βαρϐἁρους
3877 1809 3980 1859 ἒπ-

2389 1905 2744 1970 ανεϐίϐασαν,
2784 1904 2946 1974 ῥώμῃ
2989 1903 3257 1972 σωμάτων
3292 1901 3387 1954 καὶ
3444 1899 3719 1970 τολμηρίᾳ
3757 1898 3979 1966 φύσεως

2389 2001 2827 2069 ἁνεσταλμένους
2863 2000 2931 2060 ⁸⁸,
2972 1998 3073 2064 τὴν
3113 1995 3240 2050 καθ’
3293 1995 3453 2065 ἡμῶν
3488 1993 3725 2060 ὑστάτην
3756 1993 3853 2045 καὶ
3885 2007 3977 2044 τε·

2389 2094 2647 2148 λευταίαν
2677 2090 2971 2161 ἐπιϐουλὴν
3025 2091 3448 2160 ὲνεργήσοντας.
3497 2086 3836 2154 Ἐπέτρεπον
3869 2083 3981 2152 γὰρ

2387 2191 2514 2251 τοὺς
2553 2186 2652 2256 μὲν
2677 2185 2856 2238 αὐτῶν
2883 2183 3096 2255 βάλλειν
3117 2184 3229 2243 τοῖς
3255 2180 3432 2244 τόξοις
3457 2178 3598 2231 κατὰ
3630 2177 3739 2229 τῶν
3767 2174 3980 2228 ἐνδοτέ-

2390 2301 2502 2353 ρων
2536 2282 2578 2313 ⁸⁷
2608 2280 2701 2334 τοῦ
2729 2278 2945 2349 τείχους
2985 2276 3258 2337 ἑστώτων,
3286 2275 3412 2335 τοὺς
3451 2272 3508 2325 δὲ
3539 2274 3652 2334 τοῖς
3682 2269 3979 2339 χειροπλη-

2390 2376 2507 2428 θέσι
2548 2374 2745 2436 λίθοιςο
2783 2372 2974 2432 ἄλλους
3022 2369 3156 2439 πυρί
3193 2382 3324 2428 τινι,
3367 2365 3551 2434 καύτῷ
3596 2361 3981 2431 τετεχνημένψ

2389 2470 2492 2523 κᾶν
2521 2484 2664 2521 τισιν
2695 2466 2740 2498 ⁸⁸
2765 2462 3112 2533 ὀστρακίνοις
3146 2462 3367 2514 σκεύεσι
3425 2456 3977 2528 προευτρεπισμένῳ,

2393 2560 2480 2635 [Ρ.
2536 2559 2664 2630 545]
2705 2556 3137 2616 καθοπλίσαντες
3188 2551 3329 2606 κατὰ
3394 2551 3503 2603 τῶν
3561 2550 3981 2618 ἀντιπρόσωπον

2389 2654 2572 2708 αὐτῶν
2599 2649 2914 2721 ἐρχομένων
2945 2646 3322 2718 προσέταττον
3353 2643 3684 2704 ἀκοντίζειν.
3711 2639 3898 2693 Ταῦτα
3922 2638 3980 2691 δὲ

2393 2748 2567 2800 πάντα
2600 2739 2668 2815 ἦν
2699 2742 2882 2800 αὐτοῖς
2940 2739 3138 2811 ὲνεργῆ
3169 2753 3229 2789 τε
3285 2737 3381 2788 καὶ
3426 2735 3710 2802 ἐπιτήδεια
3771 2732 3862 2784 διὰ
3922 2733 3982 2782 τὸ

2395 2835 2594 2906 μηκέτι
2641 2833 2770 2902 περὶ
2835 2831 2938 2901 γῆν
2975 2829 3174 2889 αὐτοὺς
3238 2823 3380 2879 εἶναι
3409 2827 3453 2857 ε’
3504 2827 3698 2888 ποιεῖν,
3735 2822 3872 2875 ἀλλὰ
3905 2821 3983 2889 τῷ

2391 2921 2746 2992 προλεχθέντι
2781 2915 3074 2988 κακουργῷ
3112 2915 3450 2984 τεχνάσματι
3484 2912 3849 2982 ὑψηλοτέρους
3881 2911 3983 2963 αύο

2390 3015 2520 3076 τοὺς
2549 3014 2642 3065 καὶ
2665 3011 2833 3076 αὐτῆς
2872 3011 2974 3080 τῆς
3010 3009 3054 3038 ⁷⁸
3099 3005 3397 3076 οίκοδομῆς
3444 3001 3822 3071 γενέσθαιτοῦ
3865 3002 3980 3053 τεί-

2396 3122 2526 3176 χους
2552 3105 2646 3158 καὶ
2684 3105 2865 3155 πᾶσαν
2905 3099 3086 3155 αὐτῶν
3110 3099 3403 3152 κακόνοιαν
3431 3097 3506 3159 ὡς
3560 3096 3668 3149 ἀπὸ
3698 3093 3983 3165 μετεώρου

2315 3205 2360 3266 C
2394 3198 2628 3272 χρειώδη
2660 3195 3000 3264 συμϐαίνειν.

2461 3291 2560 3360 λγ’.
2613 3290 2751 3342 Ἀλλ’
2783 3287 2971 3357 ἐπειδὴ
2993 3285 3167 3340 ταῦτα
3199 3285 3380 3338 πάντα
3405 3285 3526 3338 κατ’
3552 3283 3725 3354 αὐτὴν
3755 3283 3983 3350 εκείνην

2389 3383 2490 3453 τὴν
2521 3380 2695 3433 νύκτα
2758 3381 2834 3440 είς
2867 3379 3033 3447 ἔργον
3078 3376 3221 3446 ἢχθη
3254 3377 3367 3438 τοῖς
3414 3375 3687 3437 ἀσεϐέσιν,
3733 3373 3890 3425 οὐδὲν
3927 3373 3984 3426 δὲ

2389 3476 2500 3528 τῶν
2527 3472 2922 3543 πραττομένων
2949 3469 3088 3531 τέως
3141 3467 3436 3522 ἐλάνθανεν
3463 3469 3610 3536 ἡμᾶς
3654 3465 3742 3517 διὰ
3785 3467 3869 3526 τὸ,
3906 3467 3984 3527 ὡς

2391 3568 2632 3638 εἴρηται.
2668 3565 2823 3633 φῶτα
2848 3564 2994 3631 ἔχειν
3024 3562 3225 3624 αὐτοὺς
3255 3560 3427 3613 πολλὰ
3455 3562 3547 3612 καὶ
3581 3559 3811 3627 πλησίον
3838 3553 3985 3609 εἶναι

2393 3666 2486 3717 τὸν
2511 3661 2760 3729 αἰγιαλὸν
2792 3661 2870 3720 είς
2895 3652 2956 3710 ὃν
2985 3657 3169 3717 αὐτοῖς
3198 3655 3268 3706 τὰ
3301 3654 3532 3717 δόξαντα
3563 3651 3986 3715 διεσπούδαστο,

2393 3757 2553 3810 ἔλαϐε
2592 3757 2801 3815 πάντας
2853 3752 3016 3821 φόϐος
3073 3749 3168 3802 καὶ
3219 3747 3504 3814 ἔκπληξις,
3563 3746 3656 3796 καὶ
3705 3745 3805 3797 ούκ
3835 3742 3985 3814 εἶχον

2392 3841 2543 3914 ᾧτινι
2571 3845 2665 3900 τοῦ
2692 3844 2884 3897 λοιποῦ
2927 3841 3118 3911 τρόπῳ
3149 3839 3207 3890 τὺ
3242 3837 3482 3904 ἀσςαλὲς
3531 3830 3744 3897 ἑαυτοῖς
3783 3851 3984 3904 συντη-

2398 3943 2683 4013 ρήσονται.
2705 3932 2814 3990 Ἶὶν
2845 3935 2957 4004 γὰρ
2984 3934 3115 3986 ίδεῖν
3149 3931 3241 3983 τδν
3270 3929 3444 3999 δῆμον
3469 3929 3588 3980 ὅλον
3610 3928 3678 3980 δι’
3702 3928 3825 3980 ὅλου
3855 3926 3985 3979 κλοο

2395 4032 2659 4103 νούμενόν
2711 4047 2771 4082 τε
2807 4029 2902 4081 καὶ
2937 4023 3338 4095 ἀπορούμενον,
3386 4020 3576 4074 ἄλλοτε
3611 4019 3788 4082 ἄλλως
3843 4020 3988 4089 ἀμη-

2395 4129 2645 4200 χανῶν-τα
2672 4127 2765 4180 καὶ
2795 4127 2932 4194 πρὸς
2960 4124 3134 4191 αὐτὴν
3158 4119 3258 4187 τὴν
3289 4116 3434 4187 ζωὴν
3465 4115 3873 4169 κινδυνεύοντα.
3909 4115 3986 4167 Οὐ

2397 4222 2504 4291 γὰρ
2557 4221 2708 4281 ὅπως
2757 4218 2991 4275 ἕκαστος
3038 4209 3452 4278 ἀποκρούσηται
3509 4210 3608 4277 τὴν
3666 4205 3994 4274 ἐφεστῶσαν

2395 4315 2646 4382 ἀνάγκην
2679 4311 2769 4363 διὰ
2801 4307 3083 4379 φροντίδος
3117 4300 3284 4375 εἶχεν,
3313 4304 3450 4359 ἀλλὰ
3493 4301 3610 4364 πῶς
3639 4302 3672 4371 ἢ
3714 4300 3834 4370 μεθ’
3866 4302 3990 4363 οἵας

2397 4405 2692 4474 ἀλγηδόνος
2741 4401 2820 4471 τῷ
2869 4399 3086 4468 θανάτῳ
3112 4397 3507 4469 προσομιλήσει
3548 4396 3659 4456 τοῖς
3699 4393 3989 4462 λογισμοῖς

2399 4493 2784 4562 κατετέμνετο.
2811 4489 3009 4556 Φυγεῖν
3047 4487 3144 4554 μὲν
3184 4487 3294 4555 γὰρ
3319 4485 3503 4538 οὐκέτι
3537 4482 3663 4536 οὒτε
3695 4483 3996 4551 πρόχειρον

709 4575 932 4626 bantur.
964 4572 1111 4644 Fuga
1148 4573 1295 4626 enim
1329 4574 1569 4642 amplius
1600 4588 1777 4643 neque
1822 4574 1876 4628 in
1908 4584 2160 4645 promptu
2195 4591 2287 4630 nec

2401 4585 2525 4639 οὔτε
2551 4559 2791 4652 ἀσφαλὲς
2815 4576 2904 4649 ἦν,
2941 4579 3129 4648 κύκλῳ
3157 4577 3251 4629 τοῦ
3292 4577 3507 4645 τείχους
3541 4575 3651 4627 τῶν
3691 4573 3992 4641 βαρϐάρων

708 4673 826 4717 tuta
858 4673 999 4729 erat,
1030 4682 1153 4719 cum
1198 4680 1386 4719 muros
1432 4666 1651 4720 barbari
1692 4668 2211 4722 circumvallasseut
2243 4679 2297 4722 et

709 4756 887 4824 portis
915 4757 1266 4810 insisterent:
1291 4773 1489 4811 rursus
1522 4772 1650 4813 vero
1683 4774 1908 4814 manere
1938 4777 2044 4814 non
2080 4761 2300 4816 sinebat

709 4848 855 4917 quod
879 4850 949 4902 ob
983 4851 1178 4904 oculos
1204 4850 1503 4905 discrimen
1539 4853 1892 4912 versabatur.
1933 4854 2092 4908 Omni
2136 4857 2300 4926 igitur

710 4955 808 5009 spe
836 4943 1031 4996 salutis
1068 4943 1303 5011 abjeeta,
1340 4943 1490 4998 velut
1539 4946 1675 4999 tnuti
1711 4961 1930 4999 murum
1966 4949 2296 5014 circuibant,

714 5033 996 5087 infortunii
1051 5035 1393 5089 immanitate
1434 5037 1674 5090 attoniti.
1714 5037 1906 5091 Visum
1965 5048 2144 5094 tamen
2214 5055 2298 5097 est

713 5127 1015 5194 nonnullis,
1086 5129 1139 5180 in
1201 5129 1402 5198 quibus
1454 5130 1617 5184 fortis
1682 5131 1851 5183 animi
1898 5133 2136 5188 scintilla
2189 5153 2296 5191 noti

715 5234 948 5288 prorsus
973 5221 1244 5275 exstincta
1279 5228 1436 5284 erat,
1489 5221 1618 5275 dum
1661 5222 1841 5276 adhuc
1882 5223 2066 5279 hostes
2105 5245 2301 5296 exspe-

712 5321 1016 5374 ctarentur,
1077 5314 1143 5366 ad
1188 5328 1380 5368 eorum
1427 5315 1860 5384 propulsandum
1911 5316 2175 5385 impetum
2242 5322 2296 5375 in

714 5419 873 5458 muro
925 5404 1100 5473 picem
1152 5415 1203 5460 et
1233 5405 1402 5461 tadas
1452 5413 1506 5460 et
1530 5406 1735 5460 calcem
1777 5407 1994 5476 aliaque
2018 5412 2291 5478 quaedam,

711 5495 918 5565 quibus
944 5496 1174 5553 flamma:
1201 5497 1343 5569 ignis
1377 5498 1631 5554 celeriter
1666 5499 2075 5564 innutriuntur,
2108 5505 2161 5556 in
2196 5521 2294 5557 vn-

2399 4673 2815 4745 περιεστώντων
2848 4671 2942 4723 καὶ
2973 4671 3118 4722 κατὰ
3170 4667 3279 4720 τῶν
3316 4666 3502 4719 πυλῶν
3539 4665 3949 4736 ἐφεδρευόντων
3973 4680 3988 4692 ·

2398 4767 2737 4837 προσμένειν
2768 4763 2823 4815 δὲ
2859 4763 3021 4814 πάλιν
3067 4763 3096 4814 ὁ
3153 4759 3274 4812 κατ’
3307 4760 3620 4828 ὀφθαλμοὺς
3649 4758 3750 4810 οὐκ
3809 4757 3992 4809 έδίδου

2399 4860 2669 4921 κίνδυνος.
2728 4857 2924 4908 Πᾶσαν
2967 4847 3061 4905 οὖν
3109 4851 3302 4904 ἑλπίδα
3343 4851 3619 4920 σωτηρίας
3669 4848 3991 4918 «manu,

2399 4951 2658 5020 καθάπερ
2689 4949 2828 5000 ἐνεοί
2847 4962 2992 5008 τινες
3020 4943 3082 4997 τδ
3117 4946 3298 5013 τεῖχος
3329 4933 3635 5013 διήμειϐον,
3654 4941 3734 5010 τῷ
3759 4941 3993 5010 μεγέθει

2399 5044 2499 5113 τῆς
2540 5041 2831 5113 συμφορᾶς
2856 5037 3246 5109 ἀπορούμενοι.
3270 5037 3418 5106 Πλὴν
3447 5035 3592 5100 ἔδοξέ
3624 5051 3793 5098 τισιν,
3839 5035 3994 5098 ὅσοις

2399 5139 2462 5190 ού
2495 5134 2740 5203 κατέσϐη
2770 5132 2994 5192 τελείως
3016 5131 3118 5199 τῆς
3146 5129 3374 5201 ἀνδρίας
3407 5131 3440 5199 ἡ
3469 5128 3752 5198 θρυαλλὶς,
3777 5129 3993 5196 μεταξὺ

2397 5230 2498 5298 τῆς
2546 5225 2879 5296 προσδοκίας
2926 5222 3036 5275 τῶν
3072 5221 3349 5291 πολεμίων
3387 5221 3821 5289 προευτρεπίσαι
3866 5223 3994 5270 τινὰ

2400 5322 2479 5391 τῷ
2523 5319 2699 5387 τείχει
2731 5319 2811 5378 είς
2841 5312 3162 5385 ἀποτροπὴν
3199 5313 3310 5365 τῶν
3341 5313 3755 5384 ἐπερχομένων.
3811 5313 3894 5363 Τὰ
3938 5312 3994 5363 δὲ

2405 5411 2472 5482 ἦν
2497 5414 2669 5465 πίσσα
2692 5411 2787 5464 καὶ
2824 5408 2978 5479 δᾷδες
3006 5409 3102 5461 καὶ
3127 5407 3392 5469 ἄσϐεστος
3433 5406 3527 5458 καί
3559 5423 3685 5458 τινα
3717 5407 3880 5465 ἄλλα.
3913 5402 3994 5465 οἷς

2406 5509 2696 5578 τρέφονται
2718 5503 2838 5556 τὸτί
2869 5503 3030 5572 τάχος
3056 5501 3225 5572 πυρὸς
3259 5499 3478 5570 φλόγες,
3508 5499 3766 5553 σκεύεσιν
3793 5503 3995 5569 ὀστρα-

2025 5663 2262 5720 νΑΙίΙίΕ
2321 5665 2722 5723 LECTIONES.

796 5797 1008 5850 ’δκατὰ
1029 5811 1116 5850 om
1157 5799 1218 5852 Α.
1323 5800 1368 5830 ⁸⁸
1418 5817 1594 5868 μετεω

1673 5800 1874 5854 θέντων
1913 5804 1949 5855 Α
1963 5802 2017 5854 Ρ,

796 5820 842 5831 νιν
867 5820 1008 5850 κατα
1029 5820 1116 5850 0111
1157 5820 1218 5852 ἢ.
1323 5820 1368 5830 ’⁷
1418 5820 1666 5904 μετεωρη

735 5871 1065 5941 .σταλμένοι.
1143 5871 1184 5899 ⁸⁷
1219 5869 1511 5939 ἐνδοτέρωῖ
1613 5873 1666 5926 ηε

2137 5807 2179 5835 ⁸⁸
2241 5805 2702 5876 ἐνεσταλμένουςῖ
2791 5805 2882 5876 sed
2943 5802 3080 5876 infra
3123 5815 3364 5876 quoque,
3407 5819 3457 5856 ρ.
3514 5802 3603 5865 53,

1613 5873 1632 5902 ⁸
1660 5873 1752 5926 καὶ
1781 5875 1843 5926 Α.
1923 5876 1966 5905 θ’
2001 5875 2163 5930 εἶναιῖ
2208 5880 2364 5939 ὂντας
2384 5882 2406 5932 ’ἶ
2474 5873 2517 5911 7"
2555 5879 2648 5940 τῆς
2678 5896 2765 5929 om
2803 5875 2860 5929 1⁵.

2943 5803 3080 5856 infra
3123 5815 3364 5870 quoque,
3407 5819 3457 5856 ρ.
3514 5803 3603 5865 53,
3705 5803 3870 5872 ρὡῂ
3902 5803 3994 5858 ἄν·

2942 5875 2983 5904 “
3017 5875 3071 5927 τὸ
3103 5890 3214 5928 om.
3240 5872 3348 5932 Μ’.
