4154 6450
201 381 308 446 573

1300 393 1396 452 DE
1427 393 1741 454 EXCIDIO
1770 396 1923 457 THE
1936 398 2217 459 SSAl.0N
2233 396 2382 462 [ΟΕ.
3365 417 3425 478 57

202 492 378 556 κίνοις
410 493 904 566 ἐπιτετηδευμένα,
951 496 1028 562 ὡς
1079 495 1149 551 ἂν
1173 499 1282 552 τῶν
1325 499 1469 570 νηῶν
1495 502 1656 572 τυχὸν
1692 505 1769 572 ἐφη

1894 508 1971 562 sis
2008 511 2262 565 testaceis
2292 511 2563 580 disposita
2593 529 2926 586 praeparare,
2963 529 3022 577 ut
3045 523 3091 579 si
3126 523 3268 582 forte
3301 542 3468 586 naves

197 584 494 654 ορμουσῶν
551 583 764 650 τούτοις
816 587 1089 660 χρώμενοι
1126 591 1217 644 καὶ
1239 591 1328 646 διὰ
1369 592 1536 661 μέσου
1576 594 1784 649 τούτων

197 674 642 742 ἐξακοντίζοντες
677 680 996 749 ἀπράκτους
1025 682 1223 745 αὐτοὺς
1257 683 1416 754 τῆσδε
1449 685 1546 755 τῆς
1573 688 1784 757 ἐπιχει-

198 771 413 840 ρήσεως
439 771 822 836 ἀποδείξωσιν.

270 859 364 912 λδν.
411 859 499 922 Ὠς
529 859 585 913 δὲ
618 862 714 914 καὶ
744 862 920 916 ταῦτα
948 850 1259 935 ἀνθρώπων
1288 861 1357 937 ἦν
1388 868 1782 940 ἀπορουμένων

201 949 345 1020 ἔργα
377 951 471 1003 καὶ
506 950 805 1017 διασούλια,
839 952 941 1022 ἤδη
975 953 1030 1006 δὲ
1061 956 1156 1007 καὶ
1190 955 1290 1024 τῆς
1319 957 1536 1026 ἡμέρας
1576 960 1637 1012 τὸ
1667 962 1780 1029 φῶς

194 1044 290 1096 τὸν
315 1044 633 1114 νυκτερινὸν
669 1043 833 1116 ζόφον
863 1044 1094 1112 διέλυεν,
1156 1047 1266 1100 ίδοὺ
1306 1048 1370 1119 δὴ
1398 1050 1490 1102 καὶ
1532 1051 1588 1102 αί
1629 1051 1778 1120 νῆες,

194 1134 273 1197 ὡς
300 1131 448 1204 εῐχον
483 1135 706 1206 σκευῆς,
745 1135 886 1191 κατά
920 1137 1150 1201 πολλοὺς
1197 1139 1396 1203 τόπους
1425 1140 1781 1211 διαιρεθείσαι

193 1224 275 1296 τῷ
303 1227 476 1297 τείχει
505 1228 911 1300 προσέρρηξαν,
971 1231 1157 1284 καινόν
1195 1249 1248 1285 τι
1269 1233 1315 1264 ⁷³
1348 1232 1443 1286 καὶ
1472 1236 1779 1305 παράδοξον

195 1316 380 1388 θέαμα
407 1322 530 1383 ταῖς
566 1320 826 1375 ἁπάντων
861 1321 1019 1391 ὄψεσι
1048 1324 1505 1395 προδεικνύμεναι
1527 1344 1541 1358 ο
1570 1328 1777 1399 ἐκάστη

192 1410 304 1481 γὰρ
353 1410 536 1464 αὐτῶν
595 1412 830 1480 συζυγία
875 1415 1178 1484 ἐπεφέρετο
1221 1415 1320 1486 τὴν
1378 1420 1778 1490 σεσοφισμένην

193 1498 419 1568 ἐκείνην
479 1499 592 1552 τῶν
649 1501 1056 1566 ξυλοσυνθέτων
1111 1504 1338 1573 πύργων
1404 1508 1775 1578 κατασκευὴν,

191 1591 378 1661 πολλῷ
410 1591 489 1660 τῷ
523 1591 710 1663 μέτρῳ
736 1592 837 1664 τὴν
883 1594 979 1647 τοῦ
1010 1595 1226 1665 τείχους
1280 1597 1572 1668 οἰκοδομὴν
1604 1600 1776 1670 ὑπερ·-

193 1681 518 1749 6αίνουσαν,
551 1685 759 1739 ἄνωθέν
792 1702 852 1738 τε
878 1687 1006 1750 τοὺς
1044 1687 1358 1759 βαρὸάρους
1383 1690 1777 1762 ἐξαλλομένους

190 1775 451 1846 καθάπερ
514 1778 670 1841 τινὰς
729 1779 1185 1851 ἐξοιστρημένους
1229 1783 1486 1853 ταύρους,
1539 1787 1634 1838 καὶ
1685 1786 1777 1837 τὸν

1889 595 2302 666 adventassent,
2337 603 2444 659 illis
2477 607 2584 671 usi,
2617 606 2817 676 hisque
2847 613 3042 668 mediis
3074 615 3189 684 ipsa
3214 617 3327 673 hate
3348 619 3467 688 eja-

1887 690 2160 755 culantes,
2189 692 2259 747 ab
2290 693 2391 750 hac
2425 706 2644 766 qucque
2675 703 3028 770 aggressione
3063 709 3388 776 repellerent
3412 721 3467 766 e1

1887 795 2078 834 eorum
2115 792 2350 839 conatus
2381 787 2566 842 irritos
2603 790 2868 847 facerent.

1957 873 2047 929 54.
2090 875 2226 930 Cum
2263 893 2394 933 vero
2418 879 2533 936 ha:c
2558 896 2776 951 quoque
2799 884 3084 940 hominum
3111 889 3461 948 titubantium

1887 964 2027 1020 facta
2062 983 2126 1020 ac
2153 972 2384 1024 consilia
2415 974 2862 1044 essent,jamque
2895 978 3125 1035 illucens
3146 981 3264 1037 dies
3290 987 3466 1039 noctis

1885 1055 2143 1110 tenebras
2173 1058 2522 1130 dissolveret,
2556 1079 2624 1119 en
2650 1073 2702 1118 et
2727 1081 2918 1132 naves,
2952 1079 3009 1123 ut
3047 1080 3209 1125 erant
3253 1075 3460 1128 instru-
3512 1069 3514 1071 ί

1884 1161 2005 1214 cte,
2036 1167 2131 1220 per
2163 1153 2332 1206 multa
2369 1156 2485 1209 loca
2537 1157 2726 1212 divisae
2772 1158 2824 1211 in
2881 1175 3098 1216 murum
3130 1166 3463 1234 irrumpunt,

1885 1256 2199 1312 novumque
2228 1245 2505 1312 quoddam
2534 1263 2596 1303 ac
2627 1251 2951 1307 incredibile
2980 1264 3305 1310 cunctorum
3325 1273 3463 1312 ocu-

1885 1333 1952 1388 lis
1979 1336 2355 1403 speetaculhm
2392 1338 2667 1407 ingerunt.
2685 1339 3128 1413 Unumquodque
3143 1345 3304 1416 535
3316 1351 3461 1403 enim

1878 1422 2192 1494 jugatarum
2232 1427 2455 1480 navium
2494 1443 2593 1497 par
2633 1431 2866 1485 turrium
2898 1448 2963 1486 ex
2997 1435 3156 1503 lignis
3183 1439 3464 1506 ingeniose

1882 1525 2219 1571 structarum
2237 1517 2506 1573 fabricam
2524 1522 2885 1589 convellebat,
2913 1541 3195 1581 murorum
3227 1529 3461 1584 aedificio

1883 1610 2055 1664 multo
2079 1611 2402 1677 elatiorem;
2446 1629 2611 1682 supra
2644 1630 2784 1684 quas
2828 1627 2986 1672 erant
3019 1619 3238 1675 barbari
3275 1623 3461 1677 subsi-

1881 1701 2117 1768 lientes,
2159 1718 2313 1773 atque
2357 1720 2420 1759 ac
2470 1709 2610 1760 tauri
2663 1717 2837 1763 cestro
2878 1711 3096 1780 perciti,
3136 1713 3461 1783 cunctisque

1883 1793 2159 1848 interitum
2209 1798 2629 1852 comminantes.
2679 1799 2835 1856 Tune
2883 1818 3016 1858 sane
3060 1813 3334 1874 quotquot
3375 1806 3459 1859 ci-

187 1867 311 1918 ὗλεθ
323 1885 415 1936 ρον
435 1870 599 1922 πᾶσιν
626 1850 1127 1933 ἐπισείοντας.Τότε
1150 1874 1236 1941 δὴ,
1256 1850 1400 1938 τότε,
1419 1874 1636 1948 [Ρωο]
1659 1878 1769 1930 ὅσοι

2568 1850 2600 1852 ,_
2690 1850 2834 1856 η---
2884 1850 3014 1858 --ην
3063 1850 3334 1874 νην.--
3379 1850 3426 1859 ν.

1882 1885 2027 1938 vium
2077 1895 2257 1957 spreta
2287 1901 2482 1954 morte,
2533 1907 2653 1959 quae
2689 1894 3026 1950 inevitabilis
3055 1907 3317 1966 certaque
3360 1899 3462 1952 im-

186 1959 285 2013 τοῦ
316 1962 490 2029 δήμου
513 1963 612 2030 τῆς
645 1962 852 2026 πόλεως
882 1963 974 2018 τοῦ
1009 1965 1106 2034 μέν
1147 1964 1378 2020 θανάτου
1427 1971 1774 2040 καταφρονή-

187 2069 387 2115 σαντες
410 2055 657 2122 ἀφύκτου
688 2073 747 2108 τε
775 2047 926 2119 ὄντος
976 2058 1069 2110 καὶ
1107 2057 1250 2111 κατά
1280 2058 1534 2131 κόρηςη,
1577 2051 1653 2123 ὡς
1698 2064 1773 2114 εί-

188 2149 333 2208 πείν,
369 2147 664 2215 ἱσταμένου
704 2147 813 2202 ὅλοι
844 2148 944 2218 τῆς
990 2150 1234 2218 ἀγωνίας
1269 2152 1540 2220 ἐγένοντο,
1570 2155 1774 2207 ἐπίδει-

185 2236 272 2300 ξιν
305 2238 533 2307 ἀνδρίας
573 2239 666 2292 τοῦ
717 2240 965 2293 κινδύνου
1023 2242 1123 2312 τὴν
1173 2243 1358 2314 ἀκμὴν
1409 2247 1771 2316 ποιησάμενοι

182 2330 426 2399 ἔστησαν
456 2332 722 2400 γενναίως
755 2331 1050 2396 ἀθλοῦντες
1079 2335 1136 2386 ἐν
1173 2334 1253 2404 τῷ
1281 2336 1527 2406 πολέμῳ,
1580 2339 1673 2392 καὶ
1705 2340 1772 2393 τὰ

183 2422 322 2492 παρ’
357 2423 552 2476 ἐαυτοῦ
609 2425 842 2489 ἕκαστος
890 2426 1071 2479 αὐτῶν
1097 2414 1509 2482 ἐπεδείκνυτοτδ
1530 2449 1543 2462 ο
1577 2431 1636 2483 ού
1664 2430 1772 2500 γὰρ

181 2513 315 2568 εῐων
337 2516 522 2570 τέλεον
544 2517 868 2589 πλησιάζειν
898 2518 997 2581 τὰς
1028 2519 1184 2589 νῆας,
1202 2520 1351 2574 ἀλλὰ
1381 2522 1442 2575 τὸ
1475 2525 1573 2593 μὲν
1591 2527 1706 2587 τοῖς
1726 2524 1769 2555 ⁷⁸

185 2611 408 2678 συχνοῖς
443 2609 642 2680 βέλεσι,
672 2612 732 2664 τὺ
766 2599 820 2664 δέ
843 2615 954 2674 τοῖς
985 2611 1078 2666 τοῦ
1120 2615 1290 2684 πυρὸς
1347 2615 1770 2687 ὑπεκκαύμασιν

184 2700 456 2769 ἀπεῖργον
485 2699 655 2762 αὑτὰς
680 2699 774 2752 τοῦ
807 2700 1208 2774 προσπελάζειν
1235 2700 1311 2770 τῷ
1359 2703 1527 2772 τείχει
1576 2704 1669 2756 καὶ
1702 2705 1770 2756 τὰ

184 2787 321 2858 παρ’
353 2787 570 2841 ἑαυτῶν
603 2790 869 2860 ἐνεργεῖν.
902 2789 1061 2842 Ὀσοι
1091 2788 1146 2841 δὲ
1178 2792 1241 2860 τῇ
1268 2790 1439 2861 δειλίᾳ
1466 2790 1563 2861 τήν
1592 2791 1770 2861 ψυχὴν

183 2882 483 2955 βληθέντες
506 2882 627 2935 οὐδὲ
669 2882 1036 2952 προσϐλέπειν
1087 2881 1181 2934 τοῦ
1213 2881 1385 2934 κακοῦ
1430 2882 1528 2952 τὴν
1575 2887 1769 2952 πεῖραν

188 2976 298 3030 ὑπὸ
332 2975 431 3045 τῆς
453 2975 592 3043 ἄγαν
628 2973 942 3044 ἀμηχανίας
969 2971 1240 3042 ἐξίσχυον,
1270 2965 1500 3036 ἑαυτοὺς
1531 2972 1623 3026 τοῦ
1660 2975 1770 3027 τεί-

184 3075 316 3142 χους
371 3069 514 3122 κατὰ
567 3069 761 3140 μικρὸν
793 3067 1160 3137 ὐποσύροντες
1193 3066 1287 3120 ἐπὶ
1320 3066 1419 3128 τὰς
1456 3067 1769 3138 ἀκρωρείας

179 3164 282 3233 τῆς
321 3162 533 3226 πόλεως
592 3161 844 3230 ἔφευγον,
901 3162 995 3213 καὶ
1053 3159 1241 3212 λοιπὸν
1295 3161 1518 3230 θαρρείν
1565 3161 1767 3213 ἐδίδουν

179 3257 292 3317 τοῖς
325 3253 614 3316 ἐναντίοις.
656 3251 742 3315 Ὠς
799 3251 908 3322 γὰρ
940 3247 1079 3302 εἶδον
1129 3250 1272 3302 κατά
1324 3268 1446 3303 τινα
1478 3251 1640 3304 τόπον
1670 3250 1762 3304 τοῦ

177 3346 395 3416 τείχους
429 3347 528 3414 τὴν
549 3344 839 3415 οἰκοδομὴν
861 3343 1024 3395 πλέον
1053 3340 1160 3394 τῶν
1190 3341 1366 3395 ἄλλων
1389 3343 1764 3413 διαρρυεῖσαν,

178 3439 310 3493 ἔνθα
333 3439 432 3491 καὶ
483 3439 610 3500 τοὺς
638 3437 884 3500 ξυλίνους
919 3431 1060 3507 ἦμεν
1097 3434 1522 3505 προπεπηγότες
1563 3435 1768 3505 προϐό-

177 3532 328 3595 λους,
375 3531 548 3599 ἐγνων
575 3529 632 3582 δὲ
663 3529 762 3582 καὶ
793 3529 854 3582 τὸ
885 3528 983 3597 τῆς
1017 3527 1294 3596 Θαλάσσης
1330 3527 1477 3598 ὕδωρ
1528 3531 1585 3582 ἐν
1617 3527 1766 3599 αὐτῷ

181 3627 388 3696 μᾶλλον
416 3626 494 3695 τῷ
519 3625 668 3695 τόπῳ
699 3624 788 3678 διὰ
822 3624 1022 3694 βάθους
1042 3625 1241 3694 χωρεῖν
1259 3624 1326 3685 ⁷⁸,
1350 3623 1478 3692 μίαν
1506 3623 1765 3690 συζυγίαν

173 3721 286 3772 τῶν
341 3718 693 3788 ἐζευγμένων
713 3719 756 3749 ⁷⁷
817 3719 935 3770 ἐκεῖ
976 3717 1369 3778 συνελάσαντες
1419 3709 1592 3767 ὤθουν
1646 3718 1765 3778 ταῖς

175 3811 397 3874 κώπαις
437 3811 578 3865 κατά
614 3810 836 3881 μικρὸν,
874 3810 979 3873 ἕως
1024 3808 1269 3878 ἔφθασαν
1317 3808 1546 3878 πλησίον
1576 3810 1631 3860 ἐν
1663 3809 1763 3860 αύ-

173 3906 294 3967 ταϊς
320 3907 442 3964 ταῖς
471 3902 728 3966 ἐπάλξεσι
756 3903 820 3956 τὰ
850 3902 988 3956 κατὰ
1019 3901 1244 3971 πρῶραν
1272 3903 1379 3954 τῶν
1411 3900 1548 3953 νεῶν
1591 3917 1764 3970 προσ-

175 3997 538 4057 πελάσαντες.
570 3993 702 4047 Εἶτα
750 3996 824 4056 ὡς
865 3994 1187 4064 ἐπεχείρουν
1217 3995 1338 4046 κατ’
1363 3993 1545 4045 αὐτῶν
1582 3991 1764 4055 λίθους

175 4083 424 4159 βαλείν⁷⁸
480 4088 530 4140 οί
586 4090 700 4149 τοῖς
746 4086 978 4153 ξυλίνοις
1032 4085 1398 4155 ἐγκαθήμενοι
1453 4086 1760 4155 προϐόλοις,

177 4181 356 4251 μέγαν
386 4180 509 4233 τινὰ
540 4180 634 4232 καὶ
665 4179 868 4250 τραχὺν
891 4177 1207 4247 ἀλαλαγμὸν
1239 4179 1610 4247 ἐμόοήσαντες
1652 4177 1765 4230 ἀνω

172 4276 286 4328 τῶν
340 4274 621 4343 ῥηθέντων
673 4271 1085 4342 μηχανημάτων
1117 4270 1352 4332 ἑστῶτες
1382 4272 1430 4322 οἱ
1466 4269 1756 4340 βάρϐαροι,

171 4366 345 4428 λίθοις
383 4383 439 4416 τε
476 4365 731 4434 βαλόντες
779 4363 966 4416 οὐκέτι
1008 4362 1456 4432 χειροπληθέσιν,
1490 4361 1625 4413 ἀλλὰ
1669 4362 1764 4412 καὶ

171 4459 296 4511 λίαν
337 4457 727 4526 παμμεγέθεσι
763 4457 856 4508 καὶ
887 4449 962 4508 ὧν
988 4455 1162 4516 οὐδεὶς
1199 4454 1421 4506 ἐδύνατο
1450 4454 1548 4524 τὴν
1590 4453 1763 4522 φορὰν

1879 1978 2112 2033 mineret
2140 1989 2193 2034 et
2217 1981 2288 2035 ob
2317 1983 2530 2043 oculos.
2562 1993 2618 2038 ut
2642 1985 2819 2048 aiunt,
2845 1985 3012 2057 inque
3041 1990 3243 2058 pupilla
3283 1992 3457 2060 posita

1877 2079 2044 2132 esset,
2099 2073 2198 2126 toti
2262 2077 2586 2130 eertaniinis
2637 2079 2836 2134 ardore
2891 2091 3237 2146 exarserant,
3294 2083 3458 2140 fortis

1877 2162 2042 2215 animi
2088 2165 2365 2232 specimen
2419 2166 2593 2237 ipsam
2629 2170 2860 2238 periculi
2901 2174 3338 2244 magnitudinem
3374 2177 3459 2232 fa-

1877 2254 2109 2321 cientes,
2146 2255 2198 2308 hi
2231 2257 2489 2312 videlicet
2524 2272 2777 2316 conserta
2825 2280 3004 2334 pugna
3037 2277 3265 2322 strenue
3295 2269 3460 2324 dimi-

1875 2353 2092 2402 caVere.
2124 2342 2280 2403 Haud
2324 2351 2468 2404 enim
2500 2353 2728 2407 omnino
2757 2372 2923 2411 naves
2961 2361 3330 2429 propinquare
3381 2363 3461 2418 si-

1874 2439 2096 2505 nebant,
2125 2442 2220 2496 sed
2249 2445 2446 2512 partim
2472 2445 2704 2499 telorum
2731 2449 2908 2516 spissa
2939 2452 3227 2520 grandine,
3263 2455 3458 2524 partim

1874 2547 2004 2588 vero
2035 2534 2324 2602 ejaculatis
2363 2537 2582 2606 ignibus
2614 2554 2644 2593 a
2675 2556 2832 2596 muro
2863 2544 3126 2600 arcebant
3163 2561 3226 2600 ac
3258 2561 3458 2602 noxam

1874 2627 2261 2696 prohibebant.
2282 2629 2564 2702 Quotquot
2587 2649 2717 2687 vero
2744 2636 2934 2689 saucio
2959 2635 3251 2694 formidine
3273 2643 3460 2696 animo

1874 2719 2039 2788 atque
2074 2720 2272 2789 pavido
2295 2732 2476 2785 erant,
2521 2738 2742 2794 praeque
2779 2727 2984 2796 ingenti
3022 2729 3224 2786 mentis
3265 2731 3453 2802 inopia

1873 2823 1975 2864 nec
2002 2809 2178 2878 ipsum
2219 2811 2344 2864 mali
2400 2815 2682 2866 incursqu
2723 2814 2973 2869 adversis
3001 2816 3177 2870 oculis
3207 2825 3460 2885 poterant

1873 2902 2137 2970 aspicere.
2169 2918 2199 2958 e
2232 2903 2406 2958 muris
2440 2905 2645 2960 sensim
2694 2922 2820 2962 sese
2891 2907 3278 2964 subtrahentes
3308 2918 3364 2962 et
3393 2909 3460 2963 ad

1876 2994 2121 3051 tumulos
2145 2996 2493 3067 elatioraque
2534 2999 2778 3053 civitatis
2815 2999 2933 3054 loca
2969 3001 3323 3070 dilfugientes
3357 3002 3459 3057 ho-

1873 3090 1983 3141 stes
2016 3088 2278 3159 deinceps
2313 3091 2642 3146 audaciores
2688 3093 2887 3147 fecere.
2935 3091 3003 3148 Ut
3038 3095 3186 3147 enim
3221 3093 3457 3163 quodam

1795 3195 1838 3252 ς
1878 3180 2014 3232 muri
2068 3180 2188 3234 loco
2220 3193 2557 3236 structuram
2604 3201 2714 3253 prae
2744 3185 2868 3239 aliis
2923 3188 3100 3255 magis
3130 3185 3343 3240 ruinam
3382 3185 3460 3239 fa-

1873 3285 1999 3325 cere
2027 3272 2300 3335 viderunt,
2345 3276 2435 3328 ubi
2479 3277 2690 3330 scilicet
2728 3294 2828 3331 nos
2871 3278 2974 3346 ipsi
3019 3279 3193 3348 lignea
3257 3293 3462 3348 propu-

1871 3363 2103 3427 gnacula
2143 3368 2578 3432 prmlixeramus,
2615 3368 3211 3438 depreltenderuutque
3253 3386 3453 3437 aquam

1873 3455 2042 3508 maris
2083 3456 2280 3512 altiore
2313 3457 2435 3512 sinu
2478 3475 2544 3514 eo
2581 3459 2700 3513 loco
2745 3460 2931 3515 urbem
2968 3461 3196 3524 alluere,
3241 3460 3459 3530 juncta-

1873 3561 1990 3600 rum
2034 3550 2254 3602 navium
2308 3567 2405 3620 par
2463 3552 2558 3605 illo
2606 3553 2916 3607 inferentes
2967 3553 3229 3623 paulatim
3290 3555 3458 3610 remis

1869 3639 2226 3707 impulerunt,
2253 3641 2607 3714 536donec
2641 3645 2753 3714 ipsa
2785 3647 3194 3716 propugnacula
3225 3648 3447 3701 navium

1869 3744 2045 3801 prora:
2080 3734 2388 3804 contigere.
2416 3735 2669 3805 Tumque
2721 3738 2805 3793 bis
2858 3738 2950 3806 qui
3004 3739 3056 3791 in
3101 3738 3299 3808 ligneis
3333 3755 3460 3807 pro-

1868 3827 2194 3894 pugnaculis
2231 3829 2395 3895 positi
2425 3839 2584 3882 erant
2619 3831 2670 3883 in
2720 3846 2814 3885 eos
2846 3830 3054 3900 lapides
3081 3832 3269 3901 jacere
3308 3830 3452 3886 inci-

1867 3919 2164 3987 pientibus,
2199 3935 2395 3989 magno
2435 3920 2819 3990 horrendaque
2875 3923 3090 3976 sublato
3119 3923 3359 3978 clamore
3391 3938 3456 3976 ac

1869 4011 2102 4075 ululatu,
2136 4028 2302 4082 supra
2349 4029 2442 4067 eas
2471 4030 2605 4082 quas
2639 4014 2887 4069 dicebam
2922 4015 3209 4070 machinas
3237 4025 3456 4070 stantes

1873 4102 2123 4164 Barbari,
2163 4120 2260 4156 nec
2290 4106 2564 4157 manualia
2606 4106 2897 4170 duntaxat,
2931 4105 3024 4160 sed
3053 4121 3216 4175 quam
3264 4107 3458 4159 imma-

1869 4195 2125 4257 nissima,
2158 4204 2212 4249 et
2245 4211 2483 4264 quorum
2531 4196 2794 4265 impetum
2837 4199 3024 4252 nullus
3065 4201 3450 4263 sustinui~svt,

1872 4288 2268 4342 convolventes
2303 4305 2457 4348 saxa.
2491 4291 2786 4360 ignemque
2823 4291 3155 4360 siphonibus
3208 4291 3320 4344 acri
3373 4292 3457 4344 iu-

1870 4379 2177 4444 sumantcs,
2220 4390 2386 4450 atque
2421 4383 2526 4436 alia
2553 4398 2682 4437 vasa
2717 4383 2857 4454 (ipsa
2883 4400 3102 4453 quoque
3127 4383 3454 4455 igue‘plena)

1872 4472 2016 4526 intra
2049 4489 2270 4526 murum
2303 4474 2595 4542 jacientes,
2642 4487 2856 4528 tantum
2903 4484 3109 4528 metum
3162 4491 3224 4529 ac
3268 4484 3460 4544 stupo-

171 4552 497 4621 ὐπομεῐναι,
549 4551 661 4619 πῦρ
685 4567 741 4601 τε
769 4548 858 4601 διὰ
884 4549 987 4600 τῶν
1025 4546 1275 4616 σιφώνων
1309 4549 1385 4616 τῷ
1433 4547 1557 4616 ἀέρι
1588 4546 1764 4615 φυσήο

1874 4581 1984 4621 rem
2035 4566 2147 4620 illic
2182 4567 2502 4622 constitutis
2563 4569 2922 4638 praesidiariis
2969 4570 3346 4629 incusserunt,
3399 4580 3458 4622 ut

172 4659 392 4706 σαντες,
432 4642 524 4694 καί
563 4659 685 4695 τινα
725 4641 859 4694 ἀλλα
908 4640 1075 4709 σκεύη
1126 4641 1217 4693 καὶ
1245 4640 1381 4692 αὐτὰ
1420 4641 1589 4709 πυρὸς
1629 4640 1763 4692 ἀνά-

173 4754 354 4807 μεστα
379 4737 512 4788 εἴσω
539 4733 633 4787 τοῦ
665 4734 880 4803 τείχους
913 4732 1379 4796 ἐξακοντίσαντες,
1446 4735 1525 4794 είς
1563 4732 1763 4785 τοσαύο

168 4847 274 4904 την
316 4830 582 4899 ἔκπληξιν
641 4829 736 4880 καὶ⁵
789 4826 991 4881 δειλίαν
1043 4826 1169 4889 τοὺς
1210 4829 1266 4878 ἐν
1315 4827 1428 4890 τοίς
1479 4827 1764 4894 προϐόλοις

170 4925 336 4986 ὄντας
376 4922 633 4975 ἐνέϐαλον
663 4920 738 4984 ὡς
763 4919 1149 4989 καταπηδῆσαι
1177 4921 1237 4971 τὸ
1271 4920 1434 4988 τάχος
1482 4921 1576 4971 καὶ
1625 4921 1762 4988 πρὸς

171 5017 356 5088 φυγὴν
398 5017 741 5087 ἐκτραπῆναι
773 5014 868 5066 καὶ
893 5013 1048 5066 κενὸν
1091 5011 1310 5064 ἅπαντα
1337 5011 1428 5063 τὸν
1458 5013 1762 5080 περίπατον

171 5111 270 5168 τοῦ
308 5109 527 5180 τείχους
567 5108 914 5162 καταλιπεῖν.
961 5104 1180 5174 Ἐπειδὴ
1227 5103 1282 5157 δὲ
1336 5102 1396 5157 τὸ
1438 5104 1590 5166 τέλος
1628 5101 1768 5158 εἶδον

172 5204 287 5258 τῶν
321 5201 762 5272 βεὸουλευμένων
797 5198 1019 5271 (πάντες
1050 5201 1158 5268 γὰρ
1191 5199 1440 5269 καθάπερ
1472 5197 1529 5264 ἐξ
1561 5200 1766 5267 ἀνέμου

174 5297 354 5366 φύλλα
410 5295 547 5362 πρὸς
579 5293 680 5365 τὴν
710 5294 814 5359 γῆν
857 5293 1245 5362 κατεφέροντο,
1306 5293 1426 5345 οὖδέ
1462 5293 1601 5345 κατὰ
1653 5293 1763 5343 τῶν

174 5387 486 5454 κλιμάκων,
517 5381 633 5438 ἀλλ’
669 5383 747 5448 ὡς
779 5384 848 5437 ἂν
897 5383 1094 5446 αὐτοὺς
1129 5385 1157 5434 ὁ
1187 5382 1349 5450 φόϐος
1380 5382 1762 5453 κατήπειγεν),

174 5481 279 5534 ἕνα
310 5479 438 5532 τινὰ
475 5479 749 5550 τολμηρὸν
809 5478 1087 5549 βάρϐαρον
1129 5480 1222 5532 καὶ
1275 5479 1386 5531 τῶν
1440 5480 1638 5539 ἄλλων,
1691 5478 1767 5541 ὡς

177 5573 350 5640 εἰκὸς,
383 5571 780 5643 μανικώτερον,
836 5574 1069 5626 Αἰθιοπιι
1106 5575 1205 5641 τὴν
1235 5578 1449 5644 χροιάν,
1499 5577 1620 5635 ταῖς
1674 5574 1773 5624 ἐπ·

1872 4674 2035 4728 quam
2068 4659 2359 4713 celerrime
2411 4661 2735 4714 exsilientes
2785 4663 2837 4714 iu
2869 4660 3053 4731 fugam
3108 4670 3458 4715 verterentur

1874 4764 2207 4819 omnemque
2251 4751 2393 4803 muri
2452 4766 2638 4805 aream
2689 4767 2912 4806 vacuam
2950 4755 3288 4808 desererent.
3351 4753 3454 4809 [ΞΜ

1874 4849 2054 4894 autem
2116 4843 2223 4892 voti
2281 4857 2342 4895 se
2406 4853 2690 4910 compotes
2765 4843 2940 4898 factos
3003 4859 3126 4899 esse
3197 4846 3459 4898 viderunt

1877 4933 2093 5003 (omnes
2126 4935 2271 4988 enim
2304 4935 2455 4989 velut
2485 4950 2513 4988 a
2537 4945 2697 4992 vento
2733 4953 2966 4992 excussa
3002 4939 3132 4992 folia
3166 4938 3220 4991 in
3255 4949 3456 4991 terram

1878 5026 2237 5095 proruebaut,
2286 5043 2464 5096 neque
2517 5045 2611 5098 per
2661 5031 2876 5094 scalas,
2933 5032 3029 5085 sed
3071 5041 3128 5084 ut
3159 5047 3255 5085 eos
3290 5047 3461 5099 pavor

1880 5117 2209 5186 raptabat),
2253 5135 2421 5172 unum
2456 5121 2766 5189 quempiam
2803 5123 3028 5176 audacis
3059 5123 3226 5175 animi
3259 5122 3462 5176 Barba-

1878 5225 2020 5268 rum.
2056 5211 2386 5280 exterisque
2412 5253 2425 5275 ,
2478 5221 2534 5266 ut
2567 5215 2877 5276 videbatur,
2918 5215 3112 5284 majori
3150 5212 3345 5269 fretum
3377 5229 3463 5270 vc-

1873 5299 2054 5365 sania,
2112 5301 2297 5354 colore
2334 5303 2718 5372 nigerrimum,
2782 5309 2833 5358 in
2881 5308 3290 5376 propugnacula
3354 5308 3460 5360 im-

1877 5394 2122 5446 mittunt.
2197 5393 2245 5449 ls
2297 5411 2511 5458 ensem,
2569 5414 2731 5467 quem
2783 5399 2839 5454 in
2884 5400 3139 5454 manibus
3186 5401 3458 5470 gestabat,

1878 5490 2088 5549 rotans,
2124 5486 2288 5555 inque
2322 5504 2538 5542 murum
2598 5490 2872 5558 insiliens,
2931 5506 2996 5545 ac
3050 5507 3231 5546 moras
3285 5493 3342 5544 iu
3393 5506 3460 5544 co

1878 5575 2124 5638 trahens,
2183 5578 2553 5634 multitudinis
2599 5580 2860 5651 impetum
2918 5582 3272 5646 observabat,
3326 5596 3458 5635 num

1470 5691 1698 5745 VAlllzﬁ
1738 5689 2139 5747 LECTIONES.

243 5786 290 5815 "
321 5801 381 5838 τε
422 5784 494 5856 P.
561 5784 604 5856 ’ἕ
642 5784 882 5856 κόρρηςῖ
955 5788 997 5819 ⁷⁸
1040 5789 1129 5841 καὶ
1158 5788 1644 5842 τᾶ-ὲπεδείκνυτο
1675 5803 1783 5842 om.
1806 5787 1862 5841 Ρ.
1942 5787 1986 5818 ⁷³
2009 5790 2120 5853 τοῖς
2149 5806 2261 5846 0111.
2294 5791 2350 5847 Ρ.

177 5871 283 5909 om.
323 5856 380 5909 Ρ.
459 5855 504 5888 ’⁸
533 5855 748 5926 βάλλειν
764 5857 806 5909 Δ

2435 5792 2476 5822 ⁷⁸
2511 5793 2722 5866 χωροῦν
2757 5798 2817 5849 Α.
2902 5795 2943 5827 ⁷⁷
2971 5792 3077 5848 τῶν
3109 5789 3461 5861 ἐζευγμένων
