  <div class='ocr_page' id='page_1' title='image "/cluster/home/n/w/nwhite01/storage/ocr_20150623/109/nnc1.0046979867/298.png"; bbox 0 0 4154 6450; ppageno 0'>
   <div class='ocr_carea' id='block_1_1' title="bbox 136 386 229 450">
    <p class='ocr_par' dir='ltr' id='par_1_1' title="bbox 136 386 229 450">
     <span class='ocr_line' id='line_1_1' title="bbox 136 386 229 450; baseline -0.022 0"><span class='ocrx_word' id='word_1_1' title='bbox 136 386 229 450; x_wconf 79' lang='grc'><strong>581</strong></span> 
     </span>
    </p>
   </div>
   <div class='ocr_carea' id='block_1_2' title="bbox 1244 386 2338 449">
    <p class='ocr_par' dir='ltr' id='par_1_2' title="bbox 1244 386 2338 449">
     <span class='ocr_line' id='line_1_2' title="bbox 1244 386 2338 449; baseline 0.001 -2"><span class='ocrx_word' id='word_1_2' title='bbox 1244 386 1340 447; x_wconf 89' lang='lat' dir='ltr'><strong>DE</strong></span> <span class='ocrx_word' id='word_1_3' title='bbox 1383 386 1695 447; x_wconf 80' lang='lat' dir='ltr'><strong>EXCIDIO</strong></span> <span class='ocrx_word' id='word_1_4' title='bbox 1735 386 2338 449; x_wconf 62' lang='lat' dir='ltr'><strong>TIIESSALOXICE.</strong></span> 
     </span>
    </p>
   </div>
   <div class='ocr_carea' id='block_1_3' title="bbox 3292 393 3399 461">
    <p class='ocr_par' dir='ltr' id='par_1_3' title="bbox 3292 393 3399 461">
     <span class='ocr_line' id='line_1_3' title="bbox 3292 393 3399 461; baseline 0.056 -7"><span class='ocrx_word' id='word_1_5' title='bbox 3292 393 3399 461; x_wconf 75' lang='lat'><strong>582</strong></span> 
     </span>
    </p>
   </div>
   <div class='ocr_carea' id='block_1_4' title="bbox 128 494 1708 571">
    <p class='ocr_par' dir='ltr' id='par_1_4' title="bbox 128 494 1707 571">
     <span class='ocr_line' id='line_1_4' title="bbox 128 494 1707 571; baseline 0.001 -21"><span class='ocrx_word' id='word_1_6' title='bbox 128 496 543 567; x_wconf 71' lang='grc' dir='ltr'><strong>συνελήφθησαν</strong></span> <span class='ocrx_word' id='word_1_7' title='bbox 602 498 657 549; x_wconf 82' lang='grc' dir='ltr'>δὲ</span> <span class='ocrx_word' id='word_1_8' title='bbox 706 496 909 566; x_wconf 71' lang='grc' dir='ltr'>μᾶλλον</span> <span class='ocrx_word' id='word_1_9' title='bbox 953 494 1209 566; x_wconf 84' lang='grc' dir='ltr'>καθάπερ</span> <span class='ocrx_word' id='word_1_10' title='bbox 1244 497 1659 571; x_wconf 85' lang='grc' dir='ltr'>ἀνεπισκόπητα</span> <span class='ocrx_word' id='word_1_11' title='bbox 1688 500 1707 529; x_wconf 87' lang='grc'>²</span> 
     </span>
    </p>
   </div>
   <div class='ocr_carea' id='block_1_5' title="bbox 1811 494 3401 571">
    <p class='ocr_par' dir='ltr' id='par_1_5' title="bbox 1813 494 3401 569">
     <span class='ocr_line' id='line_1_5' title="bbox 1813 494 3401 569; baseline 0.004 -19"><span class='ocrx_word' id='word_1_12' title='bbox 1813 509 1923 550; x_wconf 91' lang='lat' dir='ltr'><strong>non</strong></span> <span class='ocrx_word' id='word_1_13' title='bbox 1954 494 2410 550; x_wconf 78' lang='lat' dir='ltr'><strong>obstrinxcrunt?</strong></span> <span class='ocrx_word' id='word_1_14' title='bbox 2462 494 2750 561; x_wconf 82' lang='lat' dir='ltr'><strong>Quomodo</strong></span> <span class='ocrx_word' id='word_1_15' title='bbox 2786 510 2895 551; x_wconf 92' lang='lat' dir='ltr'><strong>non</strong></span> <span class='ocrx_word' id='word_1_16' title='bbox 2926 498 3146 555; x_wconf 83' lang='lat' dir='ltr'><strong>virtutis</strong></span> <span class='ocrx_word' id='word_1_17' title='bbox 3174 505 3401 569; x_wconf 72' lang='lat' dir='ltr'><strong>praemio</strong></span> 
     </span>
    </p>
   </div>
   <div class='ocr_carea' id='block_1_6' title="bbox 124 590 1714 662">
    <p class='ocr_par' dir='ltr' id='par_1_6' title="bbox 124 590 1714 662">
     <span class='ocr_line' id='line_1_6' title="bbox 124 590 1714 662; baseline 0.001 -19"><span class='ocrx_word' id='word_1_18' title='bbox 124 590 394 661; x_wconf 80' lang='grc' dir='ltr'>πρόὸατα,</span> <span class='ocrx_word' id='word_1_19' title='bbox 448 593 650 654; x_wconf 81' lang='grc' dir='ltr'>πάντες</span> <span class='ocrx_word' id='word_1_20' title='bbox 689 592 789 659; x_wconf 83' lang='grc' dir='ltr'>τῆς</span> <span class='ocrx_word' id='word_1_21' title='bbox 857 591 1134 660; x_wconf 78' lang='grc' dir='ltr'><strong>μαχαίρας</strong></span> <span class='ocrx_word' id='word_1_22' title='bbox 1168 590 1456 657; x_wconf 79' lang='grc' dir='ltr'><strong>γεγονότες</strong></span> <span class='ocrx_word' id='word_1_23' title='bbox 1508 591 1605 645; x_wconf 78' lang='grc' dir='ltr'>καὶ</span> <span class='ocrx_word' id='word_1_24' title='bbox 1636 591 1714 662; x_wconf 81' lang='grc' dir='ltr'>τῷ</span> 
     </span>
    </p>
   </div>
   <div class='ocr_carea' id='block_1_7' title="bbox 122 681 1712 753">
    <p class='ocr_par' dir='ltr' id='par_1_7' title="bbox 122 681 1712 753">
     <span class='ocr_line' id='line_1_7' title="bbox 122 681 1712 753; baseline -0.001 -17"><span class='ocrx_word' id='word_1_25' title='bbox 122 684 307 753; x_wconf 73' lang='grc' dir='ltr'>κλήρῳ</span> <span class='ocrx_word' id='word_1_26' title='bbox 358 683 466 735; x_wconf 78' lang='grc' dir='ltr'><strong>τῶν</strong></span> <span class='ocrx_word' id='word_1_27' title='bbox 496 682 841 753; x_wconf 79' lang='grc' dir='ltr'><strong>ἁμαρτωλῶν</strong></span> <span class='ocrx_word' id='word_1_28' title='bbox 886 686 985 751; x_wconf 84' lang='grc' dir='ltr'>τῆς</span> <span class='ocrx_word' id='word_1_29' title='bbox 1018 681 1237 749; x_wconf 73' lang='grc' dir='ltr'>σφαγῆς</span> <span class='ocrx_word' id='word_1_30' title='bbox 1260 682 1712 753; x_wconf 74' lang='grc' dir='ltr'><strong>κοινωνήσαντες.</strong></span> 
     </span>
    </p>
   </div>
   <div class='ocr_carea' id='block_1_8' title="bbox 124 772 1716 845">
    <p class='ocr_par' dir='ltr' id='par_1_8' title="bbox 124 772 1716 845">
     <span class='ocr_line' id='line_1_8' title="bbox 124 772 1716 845; baseline -0.002 -16"><span class='ocrx_word' id='word_1_31' title='bbox 124 776 267 844; x_wconf 60' lang='grc' dir='ltr'>Πλὴν</span> <span class='ocrx_word' id='word_1_32' title='bbox 295 775 542 845; x_wconf 82' lang='grc' dir='ltr'>ήγοῦμαι</span> <span class='ocrx_word' id='word_1_33' title='bbox 568 776 649 828; x_wconf 78' lang='grc' dir='ltr'>ὅτι</span> <span class='ocrx_word' id='word_1_34' title='bbox 680 776 887 826; x_wconf 80' lang='grc' dir='ltr'>τούτων</span> <span class='ocrx_word' id='word_1_35' title='bbox 923 776 1022 843; x_wconf 74' lang='grc' dir='ltr'><strong>μὲν</strong></span> <span class='ocrx_word' id='word_1_36' title='bbox 1056 778 1083 826; x_wconf 83' lang='grc' dir='ltr'>ὁ</span> <span class='ocrx_word' id='word_1_37' title='bbox 1107 773 1357 837; x_wconf 82' lang='grc' dir='ltr'><strong>Θάνατος,</strong></span> <span class='ocrx_word' id='word_1_38' title='bbox 1388 772 1463 837; x_wconf 86' lang='grc' dir='ltr'>ὦς</span> <span class='ocrx_word' id='word_1_39' title='bbox 1496 790 1660 842; x_wconf 82' lang='grc' dir='ltr'>φησιν</span> <span class='ocrx_word' id='word_1_40' title='bbox 1686 776 1716 826; x_wconf 82' lang='grc' dir='ltr'>ὁ</span> 
     </span>
    </p>
   </div>
   <div class='ocr_carea' id='block_1_9' title="bbox 118 868 1715 939">
    <p class='ocr_par' dir='ltr' id='par_1_9' title="bbox 118 868 1715 939">
     <span class='ocr_line' id='line_1_9' title="bbox 118 868 1715 939; baseline -0.003 -17"><span class='ocrx_word' id='word_1_41' title='bbox 118 870 353 939; x_wconf 68' lang='grc' dir='ltr'>ψαλμὸς,</span> <span class='ocrx_word' id='word_1_42' title='bbox 385 870 564 939; x_wconf 85' lang='grc' dir='ltr'>τίμιος</span> <span class='ocrx_word' id='word_1_43' title='bbox 590 869 815 936; x_wconf 75' lang='grc' dir='ltr'>γέγονεν</span> <span class='ocrx_word' id='word_1_44' title='bbox 858 868 1103 920; x_wconf 82' lang='grc' dir='ltr'>ἐναντίον</span> <span class='ocrx_word' id='word_1_45' title='bbox 1133 868 1365 937; x_wconf 80' lang='grc' dir='ltr'><strong>Κυρίου,</strong></span> <span class='ocrx_word' id='word_1_46' title='bbox 1410 869 1512 919; x_wconf 74' lang='grc' dir='ltr'><strong>κάν</strong></span> <span class='ocrx_word' id='word_1_47' title='bbox 1539 870 1715 938; x_wconf 79' lang='grc' dir='ltr'>τούτῳ</span> 
     </span>
    </p>
   </div>
   <div class='ocr_carea' id='block_1_10' title="bbox 117 959 1715 1029">
    <p class='ocr_par' dir='ltr' id='par_1_10' title="bbox 117 959 1715 1029">
     <span class='ocr_line' id='line_1_10' title="bbox 117 959 1715 1029; baseline 0.001 -16"><span class='ocrx_word' id='word_1_48' title='bbox 117 960 207 1013; x_wconf 78' lang='grc' dir='ltr'><strong>τοῦ</strong></span> <span class='ocrx_word' id='word_1_49' title='bbox 243 962 411 1029; x_wconf 83' lang='grc' dir='ltr'>σοφοῦ</span> <span class='ocrx_word' id='word_1_50' title='bbox 453 962 581 1023; x_wconf 75' lang='grc' dir='ltr'>τοὺς</span> <span class='ocrx_word' id='word_1_51' title='bbox 632 960 870 1023; x_wconf 83' lang='grc' dir='ltr'>οἰκείους</span> <span class='ocrx_word' id='word_1_52' title='bbox 923 960 1143 1022; x_wconf 79' lang='grc' dir='ltr'>δούλους</span> <span class='ocrx_word' id='word_1_53' title='bbox 1187 959 1207 990; x_wconf 87' lang='grc'>³</span> <span class='ocrx_word' id='word_1_54' title='bbox 1237 961 1595 1029; x_wconf 89' lang='grc' dir='ltr'>τιμήσαντος,</span> <span class='ocrx_word' id='word_1_55' title='bbox 1629 962 1715 1014; x_wconf 83' lang='grc' dir='ltr'>ἵνα</span> 
     </span>
    </p>
   </div>
   <div class='ocr_carea' id='block_1_11' title="bbox 122 1052 1715 1125">
    <p class='ocr_par' dir='ltr' id='par_1_11' title="bbox 122 1052 1715 1125">
     <span class='ocr_line' id='line_1_11' title="bbox 122 1052 1715 1125; baseline 0.001 -21"><span class='ocrx_word' id='word_1_56' title='bbox 122 1054 263 1122; x_wconf 83' lang='grc' dir='ltr'><strong>μετά</strong></span> <span class='ocrx_word' id='word_1_57' title='bbox 296 1056 396 1121; x_wconf 76' lang='grc' dir='ltr'>τῆς</span> <span class='ocrx_word' id='word_1_58' title='bbox 445 1052 644 1122; x_wconf 78' lang='grc' dir='ltr'>λοιπῆς</span> <span class='ocrx_word' id='word_1_59' title='bbox 688 1054 893 1122; x_wconf 80' lang='grc' dir='ltr'>ἀρετῆς</span> <span class='ocrx_word' id='word_1_60' title='bbox 943 1052 1133 1105; x_wconf 78' lang='grc' dir='ltr'>καὶτὸ</span> <span class='ocrx_word' id='word_1_61' title='bbox 1187 1052 1337 1114; x_wconf 81' lang='grc' dir='ltr'>τέλος</span> <span class='ocrx_word' id='word_1_62' title='bbox 1378 1054 1715 1125; x_wconf 80' lang='grc' dir='ltr'>μαρτυρικδν</span> 
     </span>
    </p>
   </div>
   <div class='ocr_carea' id='block_1_12' title="bbox 118 1142 1714 1213">
    <p class='ocr_par' dir='ltr' id='par_1_12' title="bbox 118 1142 1714 1213">
     <span class='ocr_line' id='line_1_12' title="bbox 118 1142 1714 1213; baseline -0.002 -14"><span class='ocrx_word' id='word_1_63' title='bbox 118 1146 559 1213; x_wconf 69' lang='grc' dir='ltr'><strong>ἀπενέγκωνται,</strong></span> <span class='ocrx_word' id='word_1_64' title='bbox 599 1146 673 1206; x_wconf 81' lang='grc' dir='ltr'>ὡς</span> <span class='ocrx_word' id='word_1_65' title='bbox 734 1145 801 1203; x_wconf 79' lang='grc' dir='ltr'>ἂν</span> <span class='ocrx_word' id='word_1_66' title='bbox 860 1143 1347 1213; x_wconf 77' lang='grc' dir='ltr'>ἐπιδαψιλεύσηται</span> <span class='ocrx_word' id='word_1_67' title='bbox 1380 1142 1594 1205; x_wconf 78' lang='grc' dir='ltr'>τούτοις</span> <span class='ocrx_word' id='word_1_68' title='bbox 1642 1142 1714 1196; x_wconf 77' lang='grc' dir='ltr'>τὰ</span> 
     </span>
    </p>
   </div>
   <div class='ocr_carea' id='block_1_13' title="bbox 117 1232 1714 1309">
    <p class='ocr_par' dir='ltr' id='par_1_13' title="bbox 117 1232 1714 1309">
     <span class='ocr_line' id='line_1_13' title="bbox 117 1232 1714 1309; baseline -0.004 -20"><span class='ocrx_word' id='word_1_69' title='bbox 117 1238 212 1309; x_wconf 80' lang='grc' dir='ltr'>τῆς</span> <span class='ocrx_word' id='word_1_70' title='bbox 235 1239 518 1306; x_wconf 82' lang='grc' dir='ltr'>ὑπομονῆς</span> <span class='ocrx_word' id='word_1_71' title='bbox 542 1246 678 1305; x_wconf 80' lang='grc' dir='ltr'>γέρα</span> <span class='ocrx_word' id='word_1_72' title='bbox 708 1236 800 1288; x_wconf 75' lang='grc' dir='ltr'>καὶ</span> <span class='ocrx_word' id='word_1_73' title='bbox 826 1235 934 1287; x_wconf 87' lang='grc' dir='ltr'><strong>τῶν</strong></span> <span class='ocrx_word' id='word_1_74' title='bbox 953 1235 1212 1306; x_wconf 65' lang='grc' dir='ltr'>ἀρρήτων</span> <span class='ocrx_word' id='word_1_75' title='bbox 1242 1232 1465 1285; x_wconf 81' lang='grc' dir='ltr'>ἐκείνων</span> <span class='ocrx_word' id='word_1_76' title='bbox 1493 1232 1714 1299; x_wconf 83' lang='grc' dir='ltr'><strong>ἀγαθῶν</strong></span> 
     </span>
    </p>
   </div>
   <div class='ocr_carea' id='block_1_14' title="bbox 118 1323 1713 1398">
    <p class='ocr_par' dir='ltr' id='par_1_14' title="bbox 118 1323 1713 1398">
     <span class='ocr_line' id='line_1_14' title="bbox 118 1323 1713 1398; baseline -0.002 -21"><span class='ocrx_word' id='word_1_77' title='bbox 118 1329 213 1398; x_wconf 75' lang='grc' dir='ltr'><strong>τὴν</strong></span> <span class='ocrx_word' id='word_1_78' title='bbox 247 1327 519 1381; x_wconf 72' lang='grc' dir='ltr'><strong>ἀντίδοσιν</strong></span> <span class='ocrx_word' id='word_1_79' title='bbox 545 1343 558 1357; x_wconf 88' lang='grc'><strong>·</strong></span> <span class='ocrx_word' id='word_1_80' title='bbox 616 1325 773 1395; x_wconf 85' lang='grc' dir='ltr'>ήμῶν</span> <span class='ocrx_word' id='word_1_81' title='bbox 794 1326 855 1379; x_wconf 80' lang='grc' dir='ltr'>δὲ</span> <span class='ocrx_word' id='word_1_82' title='bbox 887 1325 907 1355; x_wconf 74' lang='grc'><strong>⁸</strong></span> <span class='ocrx_word' id='word_1_83' title='bbox 941 1324 1002 1376; x_wconf 79' lang='grc' dir='ltr'>τὸ</span> <span class='ocrx_word' id='word_1_84' title='bbox 1056 1324 1259 1393; x_wconf 80' lang='grc' dir='ltr'>πλῆθος</span> <span class='ocrx_word' id='word_1_85' title='bbox 1297 1323 1713 1393; x_wconf 82' lang='grc' dir='ltr'>παραπτώσεων</span> 
     </span>
    </p>
   </div>
   <div class='ocr_carea' id='block_1_15' title="bbox 116 1418 1714 1493">
    <p class='ocr_par' dir='ltr' id='par_1_15' title="bbox 116 1418 1714 1493">
     <span class='ocr_line' id='line_1_15' title="bbox 116 1418 1714 1493; baseline -0.002 -19"><span class='ocrx_word' id='word_1_86' title='bbox 116 1424 174 1475; x_wconf 81' lang='grc' dir='ltr'>οὐ</span> <span class='ocrx_word' id='word_1_87' title='bbox 211 1425 378 1493; x_wconf 82' lang='grc' dir='ltr'>μόνον</span> <span class='ocrx_word' id='word_1_88' title='bbox 417 1424 514 1485; x_wconf 81' lang='grc' dir='ltr'><strong>τὰς</strong></span> <span class='ocrx_word' id='word_1_89' title='bbox 561 1422 770 1475; x_wconf 86' lang='grc' dir='ltr'>τούτων</span> <span class='ocrx_word' id='word_1_90' title='bbox 819 1420 1112 1487; x_wconf 70' lang='grc' dir='ltr'>ἐντεύξεις,</span> <span class='ocrx_word' id='word_1_91' title='bbox 1155 1421 1293 1475; x_wconf 80' lang='grc' dir='ltr'><strong>ἀλλά</strong></span> <span class='ocrx_word' id='word_1_92' title='bbox 1327 1421 1421 1473; x_wconf 79' lang='grc' dir='ltr'>καὶ</span> <span class='ocrx_word' id='word_1_93' title='bbox 1456 1420 1552 1482; x_wconf 76' lang='grc' dir='ltr'><strong>τὰς</strong></span> <span class='ocrx_word' id='word_1_94' title='bbox 1603 1418 1714 1471; x_wconf 90' lang='grc' dir='ltr'><strong>τῶν</strong></span> 
     </span>
    </p>
   </div>
   <div class='ocr_carea' id='block_1_16' title="bbox 118 1510 1714 1584">
    <p class='ocr_par' dir='ltr' id='par_1_16' title="bbox 118 1510 1714 1584">
     <span class='ocr_line' id='line_1_16' title="bbox 118 1510 1714 1584; baseline -0.002 -20"><span class='ocrx_word' id='word_1_95' title='bbox 118 1514 419 1584; x_wconf 83' lang='grc' dir='ltr'>μαρτύρων</span> <span class='ocrx_word' id='word_1_96' title='bbox 455 1512 750 1583; x_wconf 75' lang='grc' dir='ltr'>πρεσϐείας</span> <span class='ocrx_word' id='word_1_97' title='bbox 805 1511 1119 1574; x_wconf 67' lang='grc' dir='ltr'>ἀσυπελεῖς</span> <span class='ocrx_word' id='word_1_98' title='bbox 1169 1510 1447 1580; x_wconf 73' lang='grc' dir='ltr'>δειχθῆναι</span> <span class='ocrx_word' id='word_1_99' title='bbox 1484 1510 1714 1579; x_wconf 85' lang='grc' dir='ltr'>πεποίη-</span> 
     </span>
    </p>
   </div>
   <div class='ocr_carea' id='block_1_17' title="bbox 117 1602 1709 1675">
    <p class='ocr_par' dir='ltr' id='par_1_17' title="bbox 117 1602 1709 1675">
     <span class='ocr_line' id='line_1_17' title="bbox 117 1602 1709 1675; baseline -0.001 -18"><span class='ocrx_word' id='word_1_100' title='bbox 117 1622 234 1665; x_wconf 89' lang='grc' dir='ltr'>κεν,</span> <span class='ocrx_word' id='word_1_101' title='bbox 260 1605 330 1658; x_wconf 83' lang='grc' dir='ltr'><strong>ἶν’</strong></span> <span class='ocrx_word' id='word_1_102' title='bbox 361 1603 520 1674; x_wconf 82' lang='grc' dir='ltr'>ἡμῶν</span> <span class='ocrx_word' id='word_1_103' title='bbox 547 1604 833 1659; x_wconf 75' lang='grc' dir='ltr'>παθόντων</span> <span class='ocrx_word' id='word_1_104' title='bbox 855 1605 995 1675; x_wconf 85' lang='grc' dir='ltr'>ὅπερ</span> <span class='ocrx_word' id='word_1_105' title='bbox 1024 1604 1127 1675; x_wconf 71' lang='grc' dir='ltr'><strong>ήδη</strong></span> <span class='ocrx_word' id='word_1_106' title='bbox 1156 1603 1526 1671; x_wconf 87' lang='grc' dir='ltr'>πεπόνθαμεν,</span> <span class='ocrx_word' id='word_1_107' title='bbox 1548 1602 1709 1670; x_wconf 72' lang='grc' dir='ltr'>ἔχωσι</span> 
     </span>
    </p>
   </div>
   <div class='ocr_carea' id='block_1_18' title="bbox 115 1694 1711 1767">
    <p class='ocr_par' dir='ltr' id='par_1_18' title="bbox 115 1694 1711 1767">
     <span class='ocr_line' id='line_1_18' title="bbox 115 1694 1711 1767; baseline 0 -16"><span class='ocrx_word' id='word_1_108' title='bbox 115 1699 323 1767; x_wconf 81' lang='grc' dir='ltr'>γνῶναι</span> <span class='ocrx_word' id='word_1_109' title='bbox 344 1699 547 1760; x_wconf 77' lang='grc' dir='ltr'>πάντες</span> <span class='ocrx_word' id='word_1_110' title='bbox 564 1698 612 1751; x_wconf 80' lang='grc' dir='ltr'>οἱ</span> <span class='ocrx_word' id='word_1_111' title='bbox 633 1697 743 1751; x_wconf 87' lang='grc' dir='ltr'><strong>τῶν</strong></span> <span class='ocrx_word' id='word_1_112' title='bbox 774 1696 936 1751; x_wconf 80' lang='grc' dir='ltr'>θείων</span> <span class='ocrx_word' id='word_1_113' title='bbox 966 1698 1385 1767; x_wconf 74' lang='grc' dir='ltr'>καταφρονηταὶ</span> <span class='ocrx_word' id='word_1_114' title='bbox 1413 1694 1711 1760; x_wconf 80' lang='grc' dir='ltr'>διατάξεων</span> 
     </span>
    </p>
   </div>
   <div class='ocr_carea' id='block_1_19' title="bbox 114 1789 1710 1864">
    <p class='ocr_par' dir='ltr' id='par_1_19' title="bbox 114 1789 1710 1864">
     <span class='ocr_line' id='line_1_19' title="bbox 114 1789 1710 1864; baseline -0.003 -19"><span class='ocrx_word' id='word_1_115' title='bbox 114 1796 188 1856; x_wconf 83' lang='grc' dir='ltr'>ὡς</span> <span class='ocrx_word' id='word_1_116' title='bbox 216 1792 389 1864; x_wconf 70' lang='grc' dir='ltr'>κακίᾳ</span> <span class='ocrx_word' id='word_1_117' title='bbox 417 1790 877 1854; x_wconf 78' lang='grc' dir='ltr'>πλεονεκτοῦντας</span> <span class='ocrx_word' id='word_1_118' title='bbox 898 1790 1053 1843; x_wconf 81' lang='grc' dir='ltr'>οὐδὲν</span> <span class='ocrx_word' id='word_1_119' title='bbox 1087 1791 1285 1852; x_wconf 79' lang='grc' dir='ltr'>αὐτοὺς</span> <span class='ocrx_word' id='word_1_120' title='bbox 1314 1789 1414 1858; x_wconf 81' lang='grc' dir='ltr'>τῆς</span> <span class='ocrx_word' id='word_1_121' title='bbox 1446 1792 1710 1842; x_wconf 81' lang='grc' dir='ltr'>Δεσποτι-</span> 
     </span>
    </p>
   </div>
   <div class='ocr_carea' id='block_1_20' title="bbox 1816 588 3405 666">
    <p class='ocr_par' dir='ltr' id='par_1_20' title="bbox 1816 588 3405 666">
     <span class='ocr_line' id='line_1_20' title="bbox 1816 588 3405 666; baseline 0.006 -24"><span class='ocrx_word' id='word_1_122' title='bbox 1816 588 2100 642; x_wconf 83' lang='lat' dir='ltr'><strong>eonsecuti</strong></span> <span class='ocrx_word' id='word_1_123' title='bbox 2136 596 2195 641; x_wconf 90' lang='lat' dir='ltr'><strong>ut</strong></span> <span class='ocrx_word' id='word_1_124' title='bbox 2252 606 2281 641; x_wconf 86' lang='lat' dir='ltr'><strong>a</strong></span> <span class='ocrx_word' id='word_1_125' title='bbox 2333 589 2579 657; x_wconf 94' lang='lat' dir='ltr'><strong>periculo</strong></span> <span class='ocrx_word' id='word_1_126' title='bbox 2628 590 3040 646; x_wconf 74' lang='lat' dir='ltr'><strong>liberarentur?</strong></span> <span class='ocrx_word' id='word_1_127' title='bbox 3091 594 3185 648; x_wconf 88' lang='lat' dir='ltr'><strong>sed</strong></span> <span class='ocrx_word' id='word_1_128' title='bbox 3231 598 3405 666; x_wconf 85' lang='lat' dir='ltr'><strong>magis</strong></span> 
     </span>
    </p>
   </div>
   <div class='ocr_carea' id='block_1_21' title="bbox 1815 678 3406 750">
    <p class='ocr_par' dir='ltr' id='par_1_21' title="bbox 1815 678 3406 750">
     <span class='ocr_line' id='line_1_21' title="bbox 1815 678 3406 750; baseline 0.007 -21"><span class='ocrx_word' id='word_1_129' title='bbox 1815 679 1965 732; x_wconf 86' lang='lat' dir='ltr'><strong>velut</strong></span> <span class='ocrx_word' id='word_1_130' title='bbox 2008 692 2141 731; x_wconf 87' lang='lat' dir='ltr'><strong>oves</strong></span> <span class='ocrx_word' id='word_1_131' title='bbox 2198 678 2407 746; x_wconf 83' lang='lat' dir='ltr'><strong>absque</strong></span> <span class='ocrx_word' id='word_1_132' title='bbox 2479 689 2701 748; x_wconf 75' lang='lat' dir='ltr'><strong>pastore</strong></span> <span class='ocrx_word' id='word_1_133' title='bbox 2758 683 3149 750; x_wconf 79' lang='lat' dir='ltr'><strong>comprehensi</strong></span> <span class='ocrx_word' id='word_1_134' title='bbox 3213 700 3406 741; x_wconf 88' lang='lat' dir='ltr'><strong>omnes</strong></span> 
     </span>
    </p>
   </div>
   <div class='ocr_carea' id='block_1_22' title="bbox 1817 769 3406 840">
    <p class='ocr_par' dir='ltr' id='par_1_22' title="bbox 1817 769 3406 840">
     <span class='ocr_line' id='line_1_22' title="bbox 1817 769 3406 840; baseline 0.006 -18"><span class='ocrx_word' id='word_1_135' title='bbox 1817 769 1963 823; x_wconf 81' lang='lat' dir='ltr'><strong>ferro</strong></span> <span class='ocrx_word' id='word_1_136' title='bbox 2004 770 2242 838; x_wconf 90' lang='lat' dir='ltr'><strong>jugulati</strong></span> <span class='ocrx_word' id='word_1_137' title='bbox 2287 779 2439 833; x_wconf 90' lang='lat' dir='ltr'><strong>sunt,</strong></span> <span class='ocrx_word' id='word_1_138' title='bbox 2499 772 2732 840; x_wconf 87' lang='lat' dir='ltr'><strong>parique</strong></span> <span class='ocrx_word' id='word_1_139' title='bbox 2762 786 2886 824; x_wconf 89' lang='lat' dir='ltr'><strong>cum</strong></span> <span class='ocrx_word' id='word_1_140' title='bbox 2944 775 3229 828; x_wconf 77' lang='lat' dir='ltr'><strong>sceleratis</strong></span> <span class='ocrx_word' id='word_1_141' title='bbox 3272 793 3406 831; x_wconf 88' lang='lat' dir='ltr'><strong>nece</strong></span> 
     </span>
    </p>
   </div>
   <div class='ocr_carea' id='block_1_23' title="bbox 1816 860 3401 935">
    <p class='ocr_par' dir='ltr' id='par_1_23' title="bbox 1816 860 3401 935">
     <span class='ocr_line' id='line_1_23' title="bbox 1816 860 3401 935; baseline 0.007 -23"><span class='ocrx_word' id='word_1_142' title='bbox 1816 860 2191 915; x_wconf 78' lang='lat' dir='ltr'><strong>interierunt?</strong></span> <span class='ocrx_word' id='word_1_143' title='bbox 2247 860 2539 915; x_wconf 81' lang='lat' dir='ltr'><strong>Enimvero</strong></span> <span class='ocrx_word' id='word_1_144' title='bbox 2576 864 2772 917; x_wconf 87' lang='lat' dir='ltr'><strong>horum</strong></span> <span class='ocrx_word' id='word_1_145' title='bbox 2816 873 3048 918; x_wconf 90' lang='lat' dir='ltr'><strong>mortem</strong></span> <span class='ocrx_word' id='word_1_146' title='bbox 3106 869 3401 935; x_wconf 81' lang='lat' dir='ltr'><strong>pretiosam</strong></span> 
     </span>
    </p>
   </div>
   <div class='ocr_carea' id='block_1_24' title="bbox 1814 954 3404 1028">
    <p class='ocr_par' dir='ltr' id='par_1_24' title="bbox 1814 954 3404 1028">
     <span class='ocr_line' id='line_1_24' title="bbox 1814 954 3404 1028; baseline 0.009 -23"><span class='ocrx_word' id='word_1_147' title='bbox 1814 955 1957 1023; x_wconf 87' lang='lat' dir='ltr'><strong>apud</strong></span> <span class='ocrx_word' id='word_1_148' title='bbox 2008 954 2324 1020; x_wconf 87' lang='lat' dir='ltr'><strong>Dominum,</strong></span> <span class='ocrx_word' id='word_1_149' title='bbox 2370 963 2430 1008; x_wconf 93' lang='lat' dir='ltr'><strong>ut</strong></span> <span class='ocrx_word' id='word_1_150' title='bbox 2476 954 2727 1013; x_wconf 85' lang='lat' dir='ltr'><strong>Psalmus</strong></span> <span class='ocrx_word' id='word_1_151' title='bbox 2786 959 3031 1028; x_wconf 84' lang='lat' dir='ltr'><strong>loquitur</strong></span> <span class='ocrx_word' id='word_1_152' title='bbox 3075 971 3122 1023; x_wconf 78' lang='grc' dir='ltr'><strong>ι,</strong></span> <span class='ocrx_word' id='word_1_153' title='bbox 3167 964 3404 1020; x_wconf 83' lang='lat' dir='ltr'><strong>arbitror</strong></span> 
     </span>
    </p>
   </div>
   <div class='ocr_carea' id='block_1_25' title="bbox 1813 1048 3403 1120">
    <p class='ocr_par' dir='ltr' id='par_1_25' title="bbox 1813 1048 3403 1120">
     <span class='ocr_line' id='line_1_25' title="bbox 1813 1048 3403 1120; baseline 0.007 -20"><span class='ocrx_word' id='word_1_154' title='bbox 1813 1048 2119 1109; x_wconf 82' lang='lat' dir='ltr'><strong>exstitisse,</strong></span> <span class='ocrx_word' id='word_1_155' title='bbox 2155 1064 2275 1101; x_wconf 88' lang='lat' dir='ltr'><strong>cum</strong></span> <span class='ocrx_word' id='word_1_156' title='bbox 2320 1050 2424 1104; x_wconf 89' lang='lat' dir='ltr'><strong>hoc</strong></span> <span class='ocrx_word' id='word_1_157' title='bbox 2458 1064 2680 1117; x_wconf 88' lang='lat' dir='ltr'><strong>quoque</strong></span> <span class='ocrx_word' id='word_1_158' title='bbox 2730 1050 2823 1103; x_wconf 87' lang='lat' dir='ltr'><strong>Dei</strong></span> <span class='ocrx_word' id='word_1_159' title='bbox 2878 1052 3149 1120; x_wconf 89' lang='lat' dir='ltr'><strong>sapientia</strong></span> <span class='ocrx_word' id='word_1_160' title='bbox 3204 1056 3403 1111; x_wconf 86' lang='lat' dir='ltr'><strong>charos</strong></span> 
     </span>
    </p>
   </div>
   <div class='ocr_carea' id='block_1_26' title="bbox 1814 1136 3403 1213">
    <p class='ocr_par' dir='ltr' id='par_1_26' title="bbox 1814 1136 3403 1213">
     <span class='ocr_line' id='line_1_26' title="bbox 1814 1136 3403 1213; baseline 0.006 -23"><span class='ocrx_word' id='word_1_161' title='bbox 1814 1151 1949 1191; x_wconf 87' lang='lat' dir='ltr'><strong>suos</strong></span> <span class='ocrx_word' id='word_1_162' title='bbox 1976 1152 2041 1191; x_wconf 92' lang='lat' dir='ltr'><strong>ac</strong></span> <span class='ocrx_word' id='word_1_163' title='bbox 2073 1136 2309 1193; x_wconf 78' lang='lat' dir='ltr'><strong>famulos</strong></span> <span class='ocrx_word' id='word_1_164' title='bbox 2366 1140 2745 1204; x_wconf 85' lang='lat' dir='ltr'><strong>honoraverit,</strong></span> <span class='ocrx_word' id='word_1_165' title='bbox 2778 1148 2836 1192; x_wconf 89' lang='lat' dir='ltr'><strong>ut</strong></span> <span class='ocrx_word' id='word_1_166' title='bbox 2874 1156 2995 1194; x_wconf 90' lang='lat' dir='ltr'><strong>cum</strong></span> <span class='ocrx_word' id='word_1_167' title='bbox 3031 1144 3260 1213; x_wconf 79' lang='lat' dir='ltr'><strong>reliquis</strong></span> <span class='ocrx_word' id='word_1_168' title='bbox 3294 1146 3403 1199; x_wconf 83' lang='lat' dir='ltr'><strong>vir-</strong></span> 
     </span>
    </p>
   </div>
   <div class='ocr_carea' id='block_1_27' title="bbox 1813 1228 3402 1306">
    <p class='ocr_par' dir='ltr' id='par_1_27' title="bbox 1813 1228 3402 1306">
     <span class='ocr_line' id='line_1_27' title="bbox 1813 1228 3402 1306; baseline 0.006 -25"><span class='ocrx_word' id='word_1_169' title='bbox 1813 1228 2026 1282; x_wconf 90' lang='lat' dir='ltr'><strong>tutibus</strong></span> <span class='ocrx_word' id='word_1_170' title='bbox 2053 1232 2301 1299; x_wconf 85' lang='lat' dir='ltr'><strong>martyrii</strong></span> <span class='ocrx_word' id='word_1_171' title='bbox 2332 1246 2552 1301; x_wconf 87' lang='lat' dir='ltr'><strong>quoque</strong></span> <span class='ocrx_word' id='word_1_172' title='bbox 2592 1232 2779 1287; x_wconf 87' lang='lat' dir='ltr'><strong>laurea</strong></span> <span class='ocrx_word' id='word_1_173' title='bbox 2820 1233 3146 1299; x_wconf 87' lang='lat' dir='ltr'><strong>clarescant,</strong></span> <span class='ocrx_word' id='word_1_174' title='bbox 3179 1238 3402 1306; x_wconf 88' lang='lat' dir='ltr'><strong>patien-</strong></span> 
     </span>
    </p>
   </div>
   <div class='ocr_carea' id='block_1_28' title="bbox 1813 1322 3403 1396">
    <p class='ocr_par' dir='ltr' id='par_1_28' title="bbox 1813 1322 3403 1396">
     <span class='ocr_line' id='line_1_28' title="bbox 1813 1322 3403 1396; baseline 0.005 -21"><span class='ocrx_word' id='word_1_175' title='bbox 1813 1322 1903 1375; x_wconf 73' lang='lat' dir='ltr'><strong>tiae</strong></span> <span class='ocrx_word' id='word_1_176' title='bbox 1937 1336 2165 1378; x_wconf 85' lang='lat' dir='ltr'><strong>munera</strong></span> <span class='ocrx_word' id='word_1_177' title='bbox 2219 1322 2299 1377; x_wconf 86' lang='lat' dir='ltr'><strong>eis</strong></span> <span class='ocrx_word' id='word_1_178' title='bbox 2340 1326 2676 1380; x_wconf 85' lang='lat' dir='ltr'><strong>cumulatius</strong></span> <span class='ocrx_word' id='word_1_179' title='bbox 2720 1340 3018 1396; x_wconf 84' lang='lat' dir='ltr'><strong>reponens,</strong></span> <span class='ocrx_word' id='word_1_180' title='bbox 3044 1344 3403 1383; x_wconf 81' lang='lat' dir='ltr'><strong>arcanorum-</strong></span> 
     </span>
    </p>
   </div>
   <div class='ocr_carea' id='block_1_29' title="bbox 1815 1410 3403 1485">
    <p class='ocr_par' dir='ltr' id='par_1_29' title="bbox 1815 1410 3403 1485">
     <span class='ocr_line' id='line_1_29' title="bbox 1815 1410 3403 1485; baseline 0.008 -22"><span class='ocrx_word' id='word_1_181' title='bbox 1815 1425 1924 1480; x_wconf 83' lang='lat' dir='ltr'><strong>que</strong></span> <span class='ocrx_word' id='word_1_182' title='bbox 1990 1410 2262 1466; x_wconf 91' lang='lat' dir='ltr'><strong>bonorum</strong></span> <span class='ocrx_word' id='word_1_183' title='bbox 2304 1415 2533 1483; x_wconf 64' lang='lat' dir='ltr'><strong>praemia</strong></span> <span class='ocrx_word' id='word_1_184' title='bbox 2584 1415 2821 1485; x_wconf 85' lang='lat' dir='ltr'><strong>largiens</strong></span> <span class='ocrx_word' id='word_1_185' title='bbox 2857 1430 3214 1475; x_wconf 85' lang='lat' dir='ltr'><strong>:uostrorum</strong></span> <span class='ocrx_word' id='word_1_186' title='bbox 3273 1438 3403 1476; x_wconf 86' lang='lat' dir='ltr'><strong>vero</strong></span> 
     </span>
    </p>
   </div>
   <div class='ocr_carea' id='block_1_30' title="bbox 1814 1498 3399 1582">
    <p class='ocr_par' dir='ltr' id='par_1_30' title="bbox 1814 1498 3399 1582">
     <span class='ocr_line' id='line_1_30' title="bbox 1814 1498 3399 1582; baseline 0.008 -25"><span class='ocrx_word' id='word_1_187' title='bbox 1814 1504 2084 1557; x_wconf 80' lang='lat' dir='ltr'><strong>scelerum</strong></span> <span class='ocrx_word' id='word_1_188' title='bbox 2147 1506 2555 1560; x_wconf 83' lang='lat' dir='ltr'><strong>multitudinem</strong></span> <span class='ocrx_word' id='word_1_189' title='bbox 2592 1522 2701 1561; x_wconf 91' lang='lat' dir='ltr'><strong>non</strong></span> <span class='ocrx_word' id='word_1_190' title='bbox 2735 1510 2912 1563; x_wconf 83' lang='lat' dir='ltr'><strong>solum</strong></span> <span class='ocrx_word' id='word_1_191' title='bbox 2952 1498 3147 1568; x_wconf 86' lang='lat' dir='ltr'><strong>horum</strong></span> <span class='ocrx_word' id='word_1_192' title='bbox 3186 1528 3399 1582; x_wconf 89' lang='lat' dir='ltr'><strong>preces,</strong></span> 
     </span>
    </p>
   </div>
   <div class='ocr_carea' id='block_1_31' title="bbox 1814 1592 3397 1669">
    <p class='ocr_par' dir='ltr' id='par_1_31' title="bbox 1814 1592 3397 1669">
     <span class='ocr_line' id='line_1_31' title="bbox 1814 1592 3397 1669; baseline 0.008 -22"><span class='ocrx_word' id='word_1_193' title='bbox 1814 1592 1907 1647; x_wconf 90' lang='lat' dir='ltr'><strong>sed</strong></span> <span class='ocrx_word' id='word_1_194' title='bbox 1940 1604 1993 1648; x_wconf 90' lang='lat' dir='ltr'><strong>et</strong></span> <span class='ocrx_word' id='word_1_195' title='bbox 2024 1603 2329 1667; x_wconf 76' lang='lat' dir='ltr'><strong>martyrum</strong></span> <span class='ocrx_word' id='word_1_196' title='bbox 2361 1598 2793 1654; x_wconf 86' lang='lat' dir='ltr'><strong>intercessiones</strong></span> <span class='ocrx_word' id='word_1_197' title='bbox 2815 1601 3039 1656; x_wconf 88' lang='lat' dir='ltr'><strong>inutiles</strong></span> <span class='ocrx_word' id='word_1_198' title='bbox 3071 1602 3397 1669; x_wconf 83' lang='lat' dir='ltr'><strong>reddidisse,</strong></span> 
     </span>
    </p>
   </div>
   <div class='ocr_carea' id='block_1_32' title="bbox 1815 1686 3400 1761">
    <p class='ocr_par' dir='ltr' id='par_1_32' title="bbox 1815 1686 3400 1761">
     <span class='ocr_line' id='line_1_32' title="bbox 1815 1686 3400 1761; baseline 0.005 -22"><span class='ocrx_word' id='word_1_199' title='bbox 1815 1695 1875 1739; x_wconf 89' lang='lat' dir='ltr'><strong>ut</strong></span> <span class='ocrx_word' id='word_1_200' title='bbox 1908 1702 1973 1738; x_wconf 80' lang='lat' dir='ltr'><strong>rx</strong></span> <span class='ocrx_word' id='word_1_201' title='bbox 2024 1686 2093 1741; x_wconf 90' lang='lat' dir='ltr'><strong>iis</strong></span> <span class='ocrx_word' id='word_1_202' title='bbox 2125 1689 2327 1753; x_wconf 78' lang='lat' dir='ltr'><strong>quibus</strong></span> <span class='ocrx_word' id='word_1_203' title='bbox 2367 1688 2479 1755; x_wconf 89' lang='lat' dir='ltr'><strong>jam</strong></span> <span class='ocrx_word' id='word_1_204' title='bbox 2535 1692 2859 1760; x_wconf 88' lang='lat' dir='ltr'><strong>recentique</strong></span> <span class='ocrx_word' id='word_1_205' title='bbox 2904 1694 3153 1761; x_wconf 77' lang='lat' dir='ltr'><strong>exemplo</strong></span> <span class='ocrx_word' id='word_1_206' title='bbox 3209 1710 3400 1748; x_wconf 90' lang='lat' dir='ltr'><strong>sumus</strong></span> 
     </span>
    </p>
   </div>
   <div class='ocr_carea' id='block_1_33' title="bbox 1814 1778 3400 1861">
    <p class='ocr_par' dir='ltr' id='par_1_33' title="bbox 1814 1778 3400 1861">
     <span class='ocr_line' id='line_1_33' title="bbox 1814 1778 3400 1861; baseline 0.005 -32"><span class='ocrx_word' id='word_1_207' title='bbox 1814 1778 2027 1847; x_wconf 87' lang='lat' dir='ltr'><strong>accepti</strong></span> <span class='ocrx_word' id='word_1_208' title='bbox 2067 1779 2247 1844; x_wconf 87' lang='lat' dir='ltr'><strong>malis,</strong></span> <span class='ocrx_word' id='word_1_209' title='bbox 2300 1780 2607 1850; x_wconf 84' lang='lat' dir='ltr'><strong>intelligere</strong></span> <span class='ocrx_word' id='word_1_210' title='bbox 2638 1782 2797 1861; x_wconf 64' lang='grc'><strong>543</strong></span> <span class='ocrx_word' id='word_1_211' title='bbox 2833 1793 3060 1852; x_wconf 79' lang='lat' dir='ltr'><strong>possent</strong></span> <span class='ocrx_word' id='word_1_212' title='bbox 3092 1799 3287 1839; x_wconf 86' lang='lat' dir='ltr'><strong>omnes</strong></span> <span class='ocrx_word' id='word_1_213' title='bbox 3324 1786 3400 1839; x_wconf 84' lang='lat' dir='ltr'><strong>di-</strong></span> 
     </span>
    </p>
   </div>
   <div class='ocr_carea' id='block_1_34' title="bbox 118 1868 1708 1954">
    <p class='ocr_par' dir='ltr' id='par_1_34' title="bbox 118 1881 1708 1954">
     <span class='ocr_line' id='line_1_34' title="bbox 118 1881 1708 1954; baseline -0.001 -17"><span class='ocrx_word' id='word_1_214' title='bbox 118 1884 219 1951; x_wconf 77' lang='grc' dir='ltr'>κῆς</span> <span class='ocrx_word' id='word_1_215' title='bbox 250 1884 488 1949; x_wconf 79' lang='grc' dir='ltr'>ἀπειλῆς</span> <span class='ocrx_word' id='word_1_216' title='bbox 542 1884 648 1934; x_wconf 89' lang='grc' dir='ltr'><strong>τῶν</strong></span> <span class='ocrx_word' id='word_1_217' title='bbox 694 1881 985 1954; x_wconf 83' lang='grc' dir='ltr'>σωτηρίων</span> <span class='ocrx_word' id='word_1_218' title='bbox 1022 1881 1390 1953; x_wconf 81' lang='grc' dir='ltr'>βοηθημάτων</span> <span class='ocrx_word' id='word_1_219' title='bbox 1416 1881 1708 1951; x_wconf 76' lang='grc' dir='ltr'>ἐξαιρήσα-</span> 
     </span>
    </p>
   </div>
   <div class='ocr_carea' id='block_1_35' title="bbox 1811 1868 3396 1954">
    <p class='ocr_par' dir='ltr' id='par_1_35' title="bbox 1813 1870 3396 1946">
     <span class='ocr_line' id='line_1_35' title="bbox 1813 1870 3396 1946; baseline 0.007 -26"><span class='ocrx_word' id='word_1_220' title='bbox 1813 1870 2065 1924; x_wconf 84' lang='lat' dir='ltr'><strong>vinarum</strong></span> <span class='ocrx_word' id='word_1_221' title='bbox 2116 1871 2291 1942; x_wconf 87' lang='lat' dir='ltr'><strong>legum</strong></span> <span class='ocrx_word' id='word_1_222' title='bbox 2355 1882 2787 1943; x_wconf 74' lang='lat' dir='ltr'><strong>contemptores,</strong></span> <span class='ocrx_word' id='word_1_223' title='bbox 2848 1892 2973 1929; x_wconf 88' lang='lat' dir='ltr'><strong>cum</strong></span> <span class='ocrx_word' id='word_1_224' title='bbox 3025 1877 3289 1946; x_wconf 85' lang='lat' dir='ltr'><strong>majorem</strong></span> <span class='ocrx_word' id='word_1_225' title='bbox 3343 1878 3396 1931; x_wconf 90' lang='lat' dir='ltr'><strong>in</strong></span> 
     </span>
    </p>
   </div>
   <div class='ocr_carea' id='block_1_36' title="bbox 118 1980 657 2051">
    <p class='ocr_par' dir='ltr' id='par_1_36' title="bbox 118 1980 657 2051">
     <span class='ocr_line' id='line_1_36' title="bbox 118 1980 657 2051; baseline 0 -18"><span class='ocrx_word' id='word_1_226' title='bbox 118 1984 243 2033; x_wconf 65' lang='grc' dir='ltr'>σθαι</span> <span class='ocrx_word' id='word_1_227' title='bbox 270 1980 657 2051; x_wconf 80' lang='grc' dir='ltr'>δυνηθήσεται.</span> 
     </span>
    </p>
   </div>
   <div class='ocr_carea' id='block_1_37' title="bbox 186 2240 1707 2314">
    <p class='ocr_par' dir='ltr' id='par_1_37' title="bbox 186 2240 1707 2314">
     <span class='ocr_line' id='line_1_37' title="bbox 186 2240 1707 2314; baseline -0.003 -17"><span class='ocrx_word' id='word_1_228' title='bbox 186 2246 291 2299; x_wconf 76' lang='grc' dir='ltr'>λθ¹.</span> <span class='ocrx_word' id='word_1_229' title='bbox 339 2245 430 2307; x_wconf 80' lang='grc' dir='ltr'>Ὠς</span> <span class='ocrx_word' id='word_1_230' title='bbox 463 2244 571 2314; x_wconf 82' lang='grc' dir='ltr'><strong>γὰρ</strong></span> <span class='ocrx_word' id='word_1_231' title='bbox 600 2243 746 2297; x_wconf 85' lang='grc' dir='ltr'><strong>κατά</strong></span> <span class='ocrx_word' id='word_1_232' title='bbox 784 2244 966 2297; x_wconf 71' lang='grc' dir='ltr'>πᾶσαν</span> <span class='ocrx_word' id='word_1_233' title='bbox 987 2241 1323 2305; x_wconf 76' lang='grc' dir='ltr'>είσελθόντες</span> <span class='ocrx_word' id='word_1_234' title='bbox 1358 2240 1707 2310; x_wconf 82' lang='grc' dir='ltr'>διεμερίσθη-</span> 
     </span>
    </p>
   </div>
   <div class='ocr_carea' id='block_1_38' title="bbox 113 2334 1702 2409">
    <p class='ocr_par' dir='ltr' id='par_1_38' title="bbox 113 2334 1702 2409">
     <span class='ocr_line' id='line_1_38' title="bbox 113 2334 1702 2409; baseline -0.003 -18"><span class='ocrx_word' id='word_1_235' title='bbox 113 2357 214 2391; x_wconf 83' lang='grc' dir='ltr'><strong>σαν</strong></span> <span class='ocrx_word' id='word_1_236' title='bbox 241 2338 341 2409; x_wconf 82' lang='grc' dir='ltr'>τὴν</span> <span class='ocrx_word' id='word_1_237' title='bbox 378 2338 533 2395; x_wconf 85' lang='grc' dir='ltr'>πόλιν</span> <span class='ocrx_word' id='word_1_238' title='bbox 556 2339 604 2390; x_wconf 86' lang='grc' dir='ltr'><strong>οί</strong></span> <span class='ocrx_word' id='word_1_239' title='bbox 644 2338 943 2408; x_wconf 75' lang='grc' dir='ltr'>Βάρὸαροι,</span> <span class='ocrx_word' id='word_1_240' title='bbox 976 2336 1136 2399; x_wconf 81' lang='grc' dir='ltr'>εὐθὺς</span> <span class='ocrx_word' id='word_1_241' title='bbox 1187 2338 1336 2391; x_wconf 83' lang='grc' dir='ltr'>πᾶσα</span> <span class='ocrx_word' id='word_1_242' title='bbox 1388 2334 1574 2405; x_wconf 86' lang='grc' dir='ltr'>ήλικία</span> <span class='ocrx_word' id='word_1_243' title='bbox 1605 2336 1702 2387; x_wconf 80' lang='grc' dir='ltr'>καὶ</span> 
     </span>
    </p>
   </div>
   <div class='ocr_carea' id='block_1_39' title="bbox 113 2427 1707 2500">
    <p class='ocr_par' dir='ltr' id='par_1_39' title="bbox 113 2427 1707 2500">
     <span class='ocr_line' id='line_1_39' title="bbox 113 2427 1707 2500; baseline -0.003 -18"><span class='ocrx_word' id='word_1_244' title='bbox 113 2434 219 2487; x_wconf 77' lang='grc' dir='ltr'>πᾶν</span> <span class='ocrx_word' id='word_1_245' title='bbox 241 2433 403 2499; x_wconf 82' lang='grc' dir='ltr'>γένος</span> <span class='ocrx_word' id='word_1_246' title='bbox 429 2430 735 2500; x_wconf 83' lang='grc' dir='ltr'>ἀνθρώπων</span> <span class='ocrx_word' id='word_1_247' title='bbox 768 2428 860 2483; x_wconf 80' lang='grc' dir='ltr'><strong>ὑπ’</strong></span> <span class='ocrx_word' id='word_1_248' title='bbox 898 2428 1079 2483; x_wconf 82' lang='grc' dir='ltr'>αὐτῶν</span> <span class='ocrx_word' id='word_1_249' title='bbox 1110 2428 1372 2499; x_wconf 75' lang='grc' dir='ltr'>ἀνῄρητο.</span> <span class='ocrx_word' id='word_1_250' title='bbox 1434 2427 1569 2479; x_wconf 80' lang='grc' dir='ltr'><strong>Οὐδὲ</strong></span> <span class='ocrx_word' id='word_1_251' title='bbox 1598 2427 1707 2495; x_wconf 73' lang='grc' dir='ltr'><strong>γὰρ</strong></span> 
     </span>
    </p>
   </div>
   <div class='ocr_carea' id='block_1_40' title="bbox 110 2516 1707 2590">
    <p class='ocr_par' dir='ltr' id='par_1_40' title="bbox 110 2516 1707 2590">
     <span class='ocr_line' id='line_1_40' title="bbox 110 2516 1707 2590; baseline -0.001 -20"><span class='ocrx_word' id='word_1_252' title='bbox 110 2516 175 2590; x_wconf 79' lang='grc' dir='ltr'>ἦν</span> <span class='ocrx_word' id='word_1_253' title='bbox 203 2516 389 2579; x_wconf 78' lang='grc' dir='ltr'>οἶκτος</span> <span class='ocrx_word' id='word_1_254' title='bbox 423 2518 607 2581; x_wconf 79' lang='grc' dir='ltr'>αὐτοῖς</span> <span class='ocrx_word' id='word_1_255' title='bbox 649 2518 822 2582; x_wconf 78' lang='grc' dir='ltr'>οὐδεὶς</span> <span class='ocrx_word' id='word_1_256' title='bbox 855 2519 1025 2572; x_wconf 84' lang='grc' dir='ltr'>πάλαι</span> <span class='ocrx_word' id='word_1_257' title='bbox 1058 2518 1447 2590; x_wconf 83' lang='grc' dir='ltr'>προμεμηνόσι</span> <span class='ocrx_word' id='word_1_258' title='bbox 1484 2521 1575 2571; x_wconf 74' lang='grc' dir='ltr'>καὶ</span> <span class='ocrx_word' id='word_1_259' title='bbox 1607 2516 1707 2588; x_wconf 80' lang='grc' dir='ltr'><strong>τήν</strong></span> 
     </span>
    </p>
   </div>
   <div class='ocr_carea' id='block_1_41' title="bbox 112 2596 1706 2681">
    <p class='ocr_par' dir='ltr' id='par_1_41' title="bbox 112 2596 1706 2681">
     <span class='ocr_line' id='line_1_41' title="bbox 112 2596 1706 2681; baseline -0.002 -16"><span class='ocrx_word' id='word_1_260' title='bbox 112 2613 235 2665; x_wconf 80' lang='grc' dir='ltr'>καθ’</span> <span class='ocrx_word' id='word_1_261' title='bbox 270 2612 433 2681; x_wconf 82' lang='grc' dir='ltr'>ἡμῶν</span> <span class='ocrx_word' id='word_1_262' title='bbox 466 2612 697 2681; x_wconf 71' lang='grc' dir='ltr'>διψῶσιν</span> <span class='ocrx_word' id='word_1_263' title='bbox 745 2612 1046 2676; x_wconf 75' lang='grc' dir='ltr'>ἀπώλειαν,</span> <span class='ocrx_word' id='word_1_264' title='bbox 1099 2596 1237 2665; x_wconf 81' lang='grc' dir='ltr'><strong>ἀλλά</strong></span> <span class='ocrx_word' id='word_1_265' title='bbox 1286 2612 1379 2665; x_wconf 76' lang='grc' dir='ltr'>καὶ</span> <span class='ocrx_word' id='word_1_266' title='bbox 1408 2611 1585 2681; x_wconf 85' lang='grc' dir='ltr'>γέρων</span> <span class='ocrx_word' id='word_1_267' title='bbox 1613 2612 1706 2663; x_wconf 70' lang='grc' dir='ltr'>καὶ</span> 
     </span>
    </p>
   </div>
   <div class='ocr_carea' id='block_1_42' title="bbox 109 2699 1706 2773">
    <p class='ocr_par' dir='ltr' id='par_1_42' title="bbox 109 2699 1706 2773">
     <span class='ocr_line' id='line_1_42' title="bbox 109 2699 1706 2773; baseline -0.004 -15"><span class='ocrx_word' id='word_1_268' title='bbox 109 2704 385 2773; x_wconf 66' lang='grc' dir='ltr'>ἀκμάζων</span> <span class='ocrx_word' id='word_1_269' title='bbox 416 2704 499 2755; x_wconf 76' lang='grc' dir='ltr'>ἔτι</span> <span class='ocrx_word' id='word_1_270' title='bbox 541 2703 635 2755; x_wconf 77' lang='grc' dir='ltr'>καὶ</span> <span class='ocrx_word' id='word_1_271' title='bbox 696 2701 982 2765; x_wconf 82' lang='grc' dir='ltr'>νεανίσκος</span> <span class='ocrx_word' id='word_1_272' title='bbox 1041 2700 1139 2755; x_wconf 79' lang='grc' dir='ltr'>καὶ</span> <span class='ocrx_word' id='word_1_273' title='bbox 1188 2703 1297 2763; x_wconf 82' lang='grc' dir='ltr'>πᾶς</span> <span class='ocrx_word' id='word_1_274' title='bbox 1326 2702 1355 2754; x_wconf 87' lang='grc' dir='ltr'><strong>ό</strong></span> <span class='ocrx_word' id='word_1_275' title='bbox 1387 2699 1706 2771; x_wconf 85' lang='grc' dir='ltr'>προστυχὼν</span> 
     </span>
    </p>
   </div>
   <div class='ocr_carea' id='block_1_43' title="bbox 112 2786 1706 2864">
    <p class='ocr_par' dir='ltr' id='par_1_43' title="bbox 112 2786 1706 2864">
     <span class='ocr_line' id='line_1_43' title="bbox 112 2786 1706 2864; baseline -0.004 -17"><span class='ocrx_word' id='word_1_276' title='bbox 112 2796 276 2864; x_wconf 75' lang='grc' dir='ltr'>ἔργον</span> <span class='ocrx_word' id='word_1_277' title='bbox 325 2795 441 2854; x_wconf 75' lang='grc' dir='ltr'>τοῖς</span> <span class='ocrx_word' id='word_1_278' title='bbox 481 2792 786 2863; x_wconf 74' lang='grc' dir='ltr'>μιαιφόνοις</span> <span class='ocrx_word' id='word_1_279' title='bbox 835 2786 925 2862; x_wconf 77' lang='grc' dir='ltr'>ἦν,</span> <span class='ocrx_word' id='word_1_280' title='bbox 978 2791 1101 2845; x_wconf 80' lang='grc' dir='ltr'>οὐδὲ</span> <span class='ocrx_word' id='word_1_281' title='bbox 1128 2793 1351 2862; x_wconf 86' lang='grc' dir='ltr'>καιρίας</span> <span class='ocrx_word' id='word_1_282' title='bbox 1380 2791 1501 2845; x_wconf 85' lang='grc' dir='ltr'>κατ’</span> <span class='ocrx_word' id='word_1_283' title='bbox 1530 2790 1706 2843; x_wconf 81' lang='grc' dir='ltr'>αὐτῶν</span> 
     </span>
    </p>
   </div>
   <div class='ocr_carea' id='block_1_44' title="bbox 112 2884 1706 2956">
    <p class='ocr_par' dir='ltr' id='par_1_44' title="bbox 112 2884 1706 2956">
     <span class='ocr_line' id='line_1_44' title="bbox 112 2884 1706 2956; baseline 0 -18"><span class='ocrx_word' id='word_1_284' title='bbox 112 2888 324 2955; x_wconf 72' lang='grc' dir='ltr'>ἀφιεῖσι</span> <span class='ocrx_word' id='word_1_285' title='bbox 383 2884 623 2954; x_wconf 68' lang='grc' dir='ltr'>πληγὰς,</span> <span class='ocrx_word' id='word_1_286' title='bbox 676 2885 793 2937; x_wconf 82' lang='grc' dir='ltr'>ἀλλ’</span> <span class='ocrx_word' id='word_1_287' title='bbox 846 2884 920 2948; x_wconf 84' lang='grc' dir='ltr'><strong>ῶς</strong></span> <span class='ocrx_word' id='word_1_288' title='bbox 966 2884 1034 2938; x_wconf 74' lang='grc' dir='ltr'>ἃν</span> <span class='ocrx_word' id='word_1_289' title='bbox 1098 2886 1295 2947; x_wconf 74' lang='grc' dir='ltr'>αὐτοὺς</span> <span class='ocrx_word' id='word_1_290' title='bbox 1350 2884 1706 2956; x_wconf 68' lang='grc' dir='ltr'>ἑνδιατρίὸειν</span> 
     </span>
    </p>
   </div>
   <div class='ocr_carea' id='block_1_45' title="bbox 113 2976 1707 3047">
    <p class='ocr_par' dir='ltr' id='par_1_45' title="bbox 113 2976 1707 3047">
     <span class='ocr_line' id='line_1_45' title="bbox 113 2976 1707 3047; baseline -0.001 -16"><span class='ocrx_word' id='word_1_291' title='bbox 113 2979 316 3031; x_wconf 80' lang='grc' dir='ltr'>ποιῶσι</span> <span class='ocrx_word' id='word_1_292' title='bbox 347 2978 465 3041; x_wconf 78' lang='grc' dir='ltr'>τοῖς</span> <span class='ocrx_word' id='word_1_293' title='bbox 502 2976 796 3044; x_wconf 73' lang='grc' dir='ltr'>ἀλγεινοῖς,</span> <span class='ocrx_word' id='word_1_294' title='bbox 831 2978 901 3033; x_wconf 80' lang='grc' dir='ltr'><strong>τὰ</strong></span> <span class='ocrx_word' id='word_1_295' title='bbox 937 2978 1075 3047; x_wconf 81' lang='grc' dir='ltr'>πρὸς</span> <span class='ocrx_word' id='word_1_296' title='bbox 1100 2977 1193 3029; x_wconf 81' lang='grc' dir='ltr'><strong>τὸν</strong></span> <span class='ocrx_word' id='word_1_297' title='bbox 1230 2978 1399 3030; x_wconf 88' lang='grc' dir='ltr'>νῶτον</span> <span class='ocrx_word' id='word_1_298' title='bbox 1431 2979 1572 3047; x_wconf 85' lang='grc' dir='ltr'>μέρη</span> <span class='ocrx_word' id='word_1_299' title='bbox 1613 2978 1707 3031; x_wconf 77' lang='grc' dir='ltr'>καὶ</span> 
     </span>
    </p>
   </div>
   <div class='ocr_carea' id='block_1_46' title="bbox 111 3069 1702 3141">
    <p class='ocr_par' dir='ltr' id='par_1_46' title="bbox 111 3069 1702 3141">
     <span class='ocr_line' id='line_1_46' title="bbox 111 3069 1702 3141; baseline 0 -18"><span class='ocrx_word' id='word_1_300' title='bbox 111 3072 238 3134; x_wconf 76' lang='grc' dir='ltr'>τοὺς</span> <span class='ocrx_word' id='word_1_301' title='bbox 290 3072 501 3141; x_wconf 72' lang='grc' dir='ltr'>μηροὺς</span> <span class='ocrx_word' id='word_1_302' title='bbox 555 3069 998 3139; x_wconf 78' lang='grc' dir='ltr'>κατατέμνοντες</span> <span class='ocrx_word' id='word_1_303' title='bbox 1057 3069 1341 3140; x_wconf 74' lang='grc' dir='ltr'>σχολάζειν</span> <span class='ocrx_word' id='word_1_304' title='bbox 1389 3069 1586 3133; x_wconf 73' lang='grc' dir='ltr'>αὐτοὺς</span> <span class='ocrx_word' id='word_1_305' title='bbox 1634 3072 1702 3140; x_wconf 82' lang='grc' dir='ltr'>τῇ</span> 
     </span>
    </p>
   </div>
   <div class='ocr_carea' id='block_1_47' title="bbox 110 3160 1705 3233">
    <p class='ocr_par' dir='ltr' id='par_1_47' title="bbox 110 3160 1705 3233">
     <span class='ocr_line' id='line_1_47' title="bbox 110 3160 1705 3233; baseline -0.001 -17"><span class='ocrx_word' id='word_1_306' title='bbox 110 3160 395 3216; x_wconf 76' lang='grc' dir='ltr'>τελειώσει</span> <span class='ocrx_word' id='word_1_307' title='bbox 420 3162 841 3233; x_wconf 73' lang='grc' dir='ltr'>παρεόιάξοντο.</span> <span class='ocrx_word' id='word_1_308' title='bbox 873 3162 982 3215; x_wconf 80' lang='grc' dir='ltr'><strong>Καὶ</strong></span> <span class='ocrx_word' id='word_1_309' title='bbox 1004 3161 1114 3213; x_wconf 75' lang='grc' dir='ltr'>οὐδ’</span> <span class='ocrx_word' id='word_1_310' title='bbox 1143 3160 1318 3223; x_wconf 79' lang='grc' dir='ltr'>οὕτως</span> <span class='ocrx_word' id='word_1_311' title='bbox 1344 3164 1372 3214; x_wconf 87' lang='grc' dir='ltr'><strong>ό</strong></span> <span class='ocrx_word' id='word_1_312' title='bbox 1397 3161 1705 3233; x_wconf 81' lang='grc' dir='ltr'>πολιορκῶν</span> 
     </span>
    </p>
   </div>
   <div class='ocr_carea' id='block_1_48' title="bbox 112 3252 1706 3324">
    <p class='ocr_par' dir='ltr' id='par_1_48' title="bbox 112 3252 1706 3324">
     <span class='ocr_line' id='line_1_48' title="bbox 112 3252 1706 3324; baseline 0 -17"><span class='ocrx_word' id='word_1_313' title='bbox 112 3255 317 3316; x_wconf 72' lang='grc' dir='ltr'>αὐτοὺς</span> <span class='ocrx_word' id='word_1_314' title='bbox 377 3254 749 3323; x_wconf 74' lang='grc' dir='ltr'>ἐνεπίμπλατο</span> <span class='ocrx_word' id='word_1_315' title='bbox 804 3253 996 3323; x_wconf 83' lang='grc' dir='ltr'>θυμὸς,</span> <span class='ocrx_word' id='word_1_316' title='bbox 1033 3252 1149 3307; x_wconf 85' lang='grc' dir='ltr'>ἀλλ’</span> <span class='ocrx_word' id='word_1_317' title='bbox 1192 3254 1272 3306; x_wconf 82' lang='grc' dir='ltr'>ὅτι</span> <span class='ocrx_word' id='word_1_318' title='bbox 1339 3254 1413 3324; x_wconf 80' lang='grc' dir='ltr'><strong>μή</strong></span> <span class='ocrx_word' id='word_1_319' title='bbox 1443 3254 1706 3319; x_wconf 68' lang='grc' dir='ltr'>πολλάκις</span> 
     </span>
    </p>
   </div>
   <div class='ocr_carea' id='block_1_49' title="bbox 110 3342 1705 3416">
    <p class='ocr_par' dir='ltr' id='par_1_49' title="bbox 110 3342 1705 3416">
     <span class='ocr_line' id='line_1_49' title="bbox 110 3342 1705 3416; baseline 0.003 -22"><span class='ocrx_word' id='word_1_320' title='bbox 110 3344 374 3396; x_wconf 86' lang='grc' dir='ltr'>δύνανται</span> <span class='ocrx_word' id='word_1_321' title='bbox 399 3344 656 3413; x_wconf 77' lang='grc' dir='ltr'>θνήσκειν</span> <span class='ocrx_word' id='word_1_322' title='bbox 680 3344 923 3412; x_wconf 85' lang='grc' dir='ltr'>μανικῶς</span> <span class='ocrx_word' id='word_1_323' title='bbox 944 3342 1296 3413; x_wconf 69' lang='grc' dir='ltr'>ἐδυσφόρουν.</span> <span class='ocrx_word' id='word_1_324' title='bbox 1328 3344 1446 3397; x_wconf 73' lang='grc' dir='ltr'>’Ὶινα</span> <span class='ocrx_word' id='word_1_325' title='bbox 1467 3346 1575 3416; x_wconf 79' lang='grc' dir='ltr'>γὰρ</span> <span class='ocrx_word' id='word_1_326' title='bbox 1605 3346 1705 3415; x_wconf 81' lang='grc' dir='ltr'><strong>τὴν</strong></span> 
     </span>
    </p>
   </div>
   <div class='ocr_carea' id='block_1_50' title="bbox 112 3435 1705 3508">
    <p class='ocr_par' dir='ltr' id='par_1_50' title="bbox 112 3435 1705 3508">
     <span class='ocr_line' id='line_1_50' title="bbox 112 3435 1705 3508; baseline 0 -18"><span class='ocrx_word' id='word_1_327' title='bbox 112 3435 359 3508; x_wconf 74' lang='grc' dir='ltr'>θηριώδη</span> <span class='ocrx_word' id='word_1_328' title='bbox 414 3438 509 3490; x_wconf 69' lang='grc' dir='ltr'>καὶ</span> <span class='ocrx_word' id='word_1_329' title='bbox 545 3436 862 3506; x_wconf 84' lang='grc' dir='ltr'>ἀδάμαστον</span> <span class='ocrx_word' id='word_1_330' title='bbox 896 3436 1115 3507; x_wconf 83' lang='grc' dir='ltr'>ἐκείνην</span> <span class='ocrx_word' id='word_1_331' title='bbox 1156 3437 1336 3504; x_wconf 74' lang='grc' dir='ltr'>ὄρεξιν</span> <span class='ocrx_word' id='word_1_332' title='bbox 1377 3439 1705 3508; x_wconf 77' lang='grc' dir='ltr'>έμιρορήσω-</span> 
     </span>
    </p>
   </div>
   <div class='ocr_carea' id='block_1_51' title="bbox 113 3528 1707 3598">
    <p class='ocr_par' dir='ltr' id='par_1_51' title="bbox 113 3528 1707 3598">
     <span class='ocr_line' id='line_1_51' title="bbox 113 3528 1707 3598; baseline -0.001 -16"><span class='ocrx_word' id='word_1_333' title='bbox 113 3548 220 3595; x_wconf 86' lang='grc' dir='ltr'>σιν,</span> <span class='ocrx_word' id='word_1_334' title='bbox 248 3531 375 3583; x_wconf 78' lang='grc' dir='ltr'>οὐδὲ</span> <span class='ocrx_word' id='word_1_335' title='bbox 405 3529 684 3598; x_wconf 86' lang='grc' dir='ltr'>γυναικῶν</span> <span class='ocrx_word' id='word_1_336' title='bbox 716 3528 1007 3597; x_wconf 75' lang='grc' dir='ltr'>ἐφείσαντο</span> <span class='ocrx_word' id='word_1_337' title='bbox 1046 3528 1168 3582; x_wconf 80' lang='grc' dir='ltr'>κατ’</span> <span class='ocrx_word' id='word_1_338' title='bbox 1196 3530 1371 3598; x_wconf 72' lang='grc' dir='ltr'>ἀρχὰς</span> <span class='ocrx_word' id='word_1_339' title='bbox 1394 3528 1488 3582; x_wconf 83' lang='grc' dir='ltr'><strong>τοῦ</strong></span> <span class='ocrx_word' id='word_1_340' title='bbox 1525 3528 1707 3581; x_wconf 77' lang='grc' dir='ltr'>κινδύ-</span> 
     </span>
    </p>
   </div>
   <div class='ocr_carea' id='block_1_52' title="bbox 110 3613 1705 3691">
    <p class='ocr_par' dir='ltr' id='par_1_52' title="bbox 110 3613 1705 3691">
     <span class='ocr_line' id='line_1_52' title="bbox 110 3613 1705 3691; baseline -0.002 -16"><span class='ocrx_word' id='word_1_341' title='bbox 110 3641 230 3689; x_wconf 88' lang='grc' dir='ltr'>νου,</span> <span class='ocrx_word' id='word_1_342' title='bbox 282 3622 408 3675; x_wconf 70' lang='grc' dir='ltr'>οὐδὲ</span> <span class='ocrx_word' id='word_1_343' title='bbox 464 3621 669 3674; x_wconf 80' lang='grc' dir='ltr'>παίδων</span> <span class='ocrx_word' id='word_1_344' title='bbox 706 3620 923 3685; x_wconf 78' lang='grc' dir='ltr'>αὐτῶν,</span> <span class='ocrx_word' id='word_1_345' title='bbox 950 3613 1026 3674; x_wconf 85' lang='grc' dir='ltr'><strong>ὧν</strong></span> <span class='ocrx_word' id='word_1_346' title='bbox 1056 3620 1115 3673; x_wconf 74' lang='grc' dir='ltr'><strong>τὸ</strong></span> <span class='ocrx_word' id='word_1_347' title='bbox 1148 3621 1246 3689; x_wconf 80' lang='grc' dir='ltr'>τῆς</span> <span class='ocrx_word' id='word_1_348' title='bbox 1276 3621 1492 3691; x_wconf 82' lang='grc' dir='ltr'>ἡλικίας</span> <span class='ocrx_word' id='word_1_349' title='bbox 1525 3621 1705 3691; x_wconf 73' lang='grc' dir='ltr'>ἄωρον</span> 
     </span>
    </p>
   </div>
   <div class='ocr_carea' id='block_1_53' title="bbox 110 3712 1706 3783">
    <p class='ocr_par' dir='ltr' id='par_1_53' title="bbox 110 3712 1706 3783">
     <span class='ocr_line' id='line_1_53' title="bbox 110 3712 1706 3783; baseline -0.001 -15"><span class='ocrx_word' id='word_1_350' title='bbox 110 3716 272 3783; x_wconf 80' lang='grc' dir='ltr'>ἄγειν</span> <span class='ocrx_word' id='word_1_351' title='bbox 301 3713 551 3783; x_wconf 72' lang='grc' dir='ltr'>βιάζεται</span> <span class='ocrx_word' id='word_1_352' title='bbox 583 3713 848 3776; x_wconf 83' lang='grc' dir='ltr'>πολλάκις</span> <span class='ocrx_word' id='word_1_353' title='bbox 904 3714 1002 3767; x_wconf 76' lang='grc' dir='ltr'>καὶ</span> <span class='ocrx_word' id='word_1_354' title='bbox 1052 3712 1236 3783; x_wconf 80' lang='grc' dir='ltr'>θηρῶν</span> <span class='ocrx_word' id='word_1_355' title='bbox 1285 3712 1596 3782; x_wconf 76' lang='grc' dir='ltr'>ὀφθαλμοὺς</span> <span class='ocrx_word' id='word_1_356' title='bbox 1626 3715 1706 3777; x_wconf 89' lang='grc' dir='ltr'><strong>είς</strong></span> 
     </span>
    </p>
   </div>
   <div class='ocr_carea' id='block_1_54' title="bbox 112 3801 1702 3880">
    <p class='ocr_par' dir='ltr' id='par_1_54' title="bbox 112 3801 1702 3880">
     <span class='ocr_line' id='line_1_54' title="bbox 112 3801 1702 3880; baseline -0.001 -20"><span class='ocrx_word' id='word_1_357' title='bbox 112 3808 503 3877; x_wconf 70' lang='grc' dir='ltr'>συμπάθειαν*</span> <span class='ocrx_word' id='word_1_358' title='bbox 564 3805 648 3877; x_wconf 75' lang='grc' dir='ltr'><strong>μ’.</strong></span> <span class='ocrx_word' id='word_1_359' title='bbox 684 3804 811 3880; x_wconf 75' lang='grc'><strong>551]</strong></span> <span class='ocrx_word' id='word_1_360' title='bbox 861 3804 980 3857; x_wconf 79' lang='grc' dir='ltr'>ἀλλ’</span> <span class='ocrx_word' id='word_1_361' title='bbox 1024 3801 1092 3876; x_wconf 73' lang='grc' dir='ltr'><strong>ἦν</strong></span> <span class='ocrx_word' id='word_1_362' title='bbox 1139 3806 1225 3858; x_wconf 71' lang='grc' dir='ltr'><strong>ἐπ’</strong></span> <span class='ocrx_word' id='word_1_363' title='bbox 1253 3807 1376 3874; x_wconf 82' lang='grc' dir='ltr'>ίσης</span> <span class='ocrx_word' id='word_1_364' title='bbox 1436 3805 1702 3877; x_wconf 57' lang='lat' dir='ltr'><strong>smmi;</strong></span> 
     </span>
    </p>
   </div>
   <div class='ocr_carea' id='block_1_55' title="bbox 110 3896 1707 3969">
    <p class='ocr_par' dir='ltr' id='par_1_55' title="bbox 110 3896 1707 3969">
     <span class='ocr_line' id='line_1_55' title="bbox 110 3896 1707 3969; baseline -0.002 -16"><span class='ocrx_word' id='word_1_365' title='bbox 110 3900 282 3969; x_wconf 76' lang='grc' dir='ltr'>τομὴ,</span> <span class='ocrx_word' id='word_1_366' title='bbox 318 3897 577 3967; x_wconf 81' lang='grc' dir='ltr'>καθάπερ</span> <span class='ocrx_word' id='word_1_367' title='bbox 602 3900 660 3951; x_wconf 79' lang='grc' dir='ltr'>έν</span> <span class='ocrx_word' id='word_1_368' title='bbox 688 3896 979 3967; x_wconf 75' lang='grc' dir='ltr'>χλοηφόρῳ</span> <span class='ocrx_word' id='word_1_369' title='bbox 1018 3897 1207 3964; x_wconf 74' lang='grc' dir='ltr'>πεδίῳ,</span> <span class='ocrx_word' id='word_1_370' title='bbox 1241 3898 1350 3949; x_wconf 78' lang='grc' dir='ltr'>πᾶν</span> <span class='ocrx_word' id='word_1_371' title='bbox 1378 3896 1439 3950; x_wconf 80' lang='grc' dir='ltr'>τὸ</span> <span class='ocrx_word' id='word_1_372' title='bbox 1460 3914 1707 3967; x_wconf 87' lang='grc' dir='ltr'>παρατυ-</span> 
     </span>
    </p>
   </div>
   <div class='ocr_carea' id='block_1_56' title="bbox 109 3987 1707 4061">
    <p class='ocr_par' dir='ltr' id='par_1_56' title="bbox 109 3987 1707 4061">
     <span class='ocr_line' id='line_1_56' title="bbox 109 3987 1707 4061; baseline -0.001 -17"><span class='ocrx_word' id='word_1_373' title='bbox 109 3992 205 4061; x_wconf 81' lang='grc' dir='ltr'><strong>χὺν</strong></span> <span class='ocrx_word' id='word_1_374' title='bbox 236 3989 620 4059; x_wconf 75' lang='grc' dir='ltr'>ἐκθερίζουσα,</span> <span class='ocrx_word' id='word_1_375' title='bbox 650 3989 726 4051; x_wconf 85' lang='grc' dir='ltr'>ὡς</span> <span class='ocrx_word' id='word_1_376' title='bbox 762 3989 820 4041; x_wconf 72' lang='grc' dir='ltr'>ἑν</span> <span class='ocrx_word' id='word_1_377' title='bbox 849 3988 1081 4059; x_wconf 72' lang='grc' dir='ltr'>βραχείᾳ</span> <span class='ocrx_word' id='word_1_378' title='bbox 1116 3987 1313 4059; x_wconf 74' lang='grc' dir='ltr'>καιροῦ</span> <span class='ocrx_word' id='word_1_379' title='bbox 1348 3990 1486 4060; x_wconf 75' lang='grc' dir='ltr'>ῥοπῇ</span> <span class='ocrx_word' id='word_1_380' title='bbox 1524 3990 1707 4044; x_wconf 76' lang='grc' dir='ltr'>ἄοικον</span> 
     </span>
    </p>
   </div>
   <div class='ocr_carea' id='block_1_57' title="bbox 109 4076 1706 4151">
    <p class='ocr_par' dir='ltr' id='par_1_57' title="bbox 109 4076 1706 4151">
     <span class='ocr_line' id='line_1_57' title="bbox 109 4076 1706 4151; baseline 0.001 -19"><span class='ocrx_word' id='word_1_381' title='bbox 109 4078 513 4149; x_wconf 75' lang='grc' dir='ltr'>ἀποδειχθῆναι</span> <span class='ocrx_word' id='word_1_382' title='bbox 546 4078 647 4147; x_wconf 81' lang='grc' dir='ltr'>τὴν</span> <span class='ocrx_word' id='word_1_383' title='bbox 672 4078 828 4130; x_wconf 83' lang='grc' dir='ltr'>πόλιν</span> <span class='ocrx_word' id='word_1_384' title='bbox 849 4078 949 4147; x_wconf 75' lang='grc' dir='ltr'>τὴν</span> <span class='ocrx_word' id='word_1_385' title='bbox 973 4080 1079 4147; x_wconf 83' lang='grc' dir='ltr'>πρὸ</span> <span class='ocrx_word' id='word_1_386' title='bbox 1110 4076 1308 4148; x_wconf 81' lang='grc' dir='ltr'>μικροῦ</span> <span class='ocrx_word' id='word_1_387' title='bbox 1338 4095 1706 4151; x_wconf 82' lang='grc' dir='ltr'>στενοχωρου-</span> 
     </span>
    </p>
   </div>
   <div class='ocr_carea' id='block_1_58' title="bbox 114 4169 1707 4241">
    <p class='ocr_par' dir='ltr' id='par_1_58' title="bbox 114 4169 1707 4241">
     <span class='ocr_line' id='line_1_58' title="bbox 114 4169 1707 4241; baseline 0.003 -20"><span class='ocrx_word' id='word_1_388' title='bbox 114 4172 289 4241; x_wconf 75' lang='grc' dir='ltr'>μένην</span> <span class='ocrx_word' id='word_1_389' title='bbox 336 4172 580 4232; x_wconf 80' lang='grc' dir='ltr'>καὶτοῖς</span> <span class='ocrx_word' id='word_1_390' title='bbox 625 4169 859 4239; x_wconf 84' lang='grc' dir='ltr'>πλήθεσι</span> <span class='ocrx_word' id='word_1_391' title='bbox 906 4169 1219 4239; x_wconf 85' lang='grc' dir='ltr'>βρίθουσαν.</span> <span class='ocrx_word' id='word_1_392' title='bbox 1261 4170 1411 4223; x_wconf 80' lang='grc' dir='ltr'>Καθὸ</span> <span class='ocrx_word' id='word_1_393' title='bbox 1433 4171 1541 4241; x_wconf 74' lang='grc' dir='ltr'>γὰρ</span> <span class='ocrx_word' id='word_1_394' title='bbox 1567 4172 1707 4240; x_wconf 83' lang='grc' dir='ltr'>φθά-</span> 
     </span>
    </p>
   </div>
   <div class='ocr_carea' id='block_1_59' title="bbox 110 4260 1709 4334">
    <p class='ocr_par' dir='ltr' id='par_1_59' title="bbox 110 4260 1709 4334">
     <span class='ocr_line' id='line_1_59' title="bbox 110 4260 1709 4334; baseline 0.001 -19"><span class='ocrx_word' id='word_1_395' title='bbox 110 4280 311 4325; x_wconf 74' lang='grc' dir='ltr'>σαντες</span> <span class='ocrx_word' id='word_1_396' title='bbox 368 4263 616 4331; x_wconf 78' lang='grc' dir='ltr'>εἴπομεν,</span> <span class='ocrx_word' id='word_1_397' title='bbox 653 4262 716 4314; x_wconf 84' lang='grc' dir='ltr'>τὸ</span> <span class='ocrx_word' id='word_1_398' title='bbox 748 4261 848 4330; x_wconf 76' lang='grc' dir='ltr'>μὲν</span> <span class='ocrx_word' id='word_1_399' title='bbox 898 4260 993 4320; x_wconf 87' lang='grc' dir='ltr'><strong>τοῦ</strong></span> <span class='ocrx_word' id='word_1_400' title='bbox 1036 4261 1213 4332; x_wconf 86' lang='grc' dir='ltr'>δήμου</span> <span class='ocrx_word' id='word_1_401' title='bbox 1264 4262 1362 4324; x_wconf 82' lang='grc' dir='ltr'><strong>τὰς</strong></span> <span class='ocrx_word' id='word_1_402' title='bbox 1398 4265 1709 4334; x_wconf 81' lang='grc' dir='ltr'>ἀκρωρείας</span> 
     </span>
    </p>
   </div>
   <div class='ocr_carea' id='block_1_60' title="bbox 108 4351 1708 4423">
    <p class='ocr_par' dir='ltr' id='par_1_60' title="bbox 108 4351 1708 4423">
     <span class='ocr_line' id='line_1_60' title="bbox 108 4351 1708 4423; baseline 0 -16"><span class='ocrx_word' id='word_1_403' title='bbox 108 4354 441 4423; x_wconf 77' lang='grc' dir='ltr'>κατειλήφει</span> <span class='ocrx_word' id='word_1_404' title='bbox 468 4353 613 4407; x_wconf 84' lang='grc' dir='ltr'><strong>κατά</strong></span> <span class='ocrx_word' id='word_1_405' title='bbox 636 4351 735 4422; x_wconf 81' lang='grc' dir='ltr'>τὴν</span> <span class='ocrx_word' id='word_1_406' title='bbox 774 4352 1118 4421; x_wconf 84' lang='grc' dir='ltr'>καλουμένην</span> <span class='ocrx_word' id='word_1_407' title='bbox 1150 4353 1449 4422; x_wconf 81' lang='grc' dir='ltr'>ἀκρόπολιν</span> <span class='ocrx_word' id='word_1_408' title='bbox 1481 4355 1708 4407; x_wconf 83' lang='grc' dir='ltr'>συνελα-</span> 
     </span>
    </p>
   </div>
   <div class='ocr_carea' id='block_1_61' title="bbox 108 4443 1710 4519">
    <p class='ocr_par' dir='ltr' id='par_1_61' title="bbox 108 4443 1710 4519">
     <span class='ocr_line' id='line_1_61' title="bbox 108 4443 1710 4519; baseline 0.001 -20"><span class='ocrx_word' id='word_1_409' title='bbox 108 4446 228 4513; x_wconf 72' lang='grc' dir='ltr'>θὶν,</span> <span class='ocrx_word' id='word_1_410' title='bbox 262 4446 298 4516; x_wconf 79' lang='grc' dir='ltr'>ἦ</span> <span class='ocrx_word' id='word_1_411' title='bbox 322 4447 424 4516; x_wconf 73' lang='grc' dir='ltr'>τὴν</span> <span class='ocrx_word' id='word_1_412' title='bbox 450 4444 759 4513; x_wconf 73' lang='grc' dir='ltr'>περιοικίδα</span> <span class='ocrx_word' id='word_1_413' title='bbox 793 4444 888 4498; x_wconf 85' lang='grc' dir='ltr'><strong>τοῦ</strong></span> <span class='ocrx_word' id='word_1_414' title='bbox 919 4443 1068 4503; x_wconf 84' lang='grc' dir='ltr'>ὁσίου</span> <span class='ocrx_word' id='word_1_415' title='bbox 1103 4446 1267 4503; x_wconf 72' lang='grc' dir='ltr'><strong>Δαόὶδ</strong></span> <span class='ocrx_word' id='word_1_416' title='bbox 1302 4448 1710 4519; x_wconf 73' lang='grc' dir='ltr'>ὀνομαζομένην</span> 
     </span>
    </p>
   </div>
   <div class='ocr_carea' id='block_1_62' title="bbox 1813 1962 3393 2038">
    <p class='ocr_par' dir='ltr' id='par_1_62' title="bbox 1813 1962 3393 2038">
     <span class='ocr_line' id='line_1_62' title="bbox 1813 1962 3393 2038; baseline 0.005 -23"><span class='ocrx_word' id='word_1_417' title='bbox 1813 1962 2036 2016; x_wconf 88' lang='lat' dir='ltr'><strong>modum</strong></span> <span class='ocrx_word' id='word_1_418' title='bbox 2074 1966 2335 2033; x_wconf 66' lang='lat' dir='ltr'><strong>nequitia:</strong></span> <span class='ocrx_word' id='word_1_419' title='bbox 2368 1966 2653 2035; x_wconf 73' lang='lat' dir='ltr'><strong>indulgent</strong></span> <span class='ocrx_word' id='word_1_420' title='bbox 2676 1982 2846 2037; x_wconf 83' lang='lat' dir='ltr'><strong>seque</strong></span> <span class='ocrx_word' id='word_1_421' title='bbox 2883 1970 3020 2023; x_wconf 88' lang='lat' dir='ltr'><strong>vitio</strong></span> <span class='ocrx_word' id='word_1_422' title='bbox 3054 1973 3393 2038; x_wconf 85' lang='lat' dir='ltr'><strong>mancipant.</strong></span> 
     </span>
    </p>
   </div>
   <div class='ocr_carea' id='block_1_63' title="bbox 1811 2056 3395 2129">
    <p class='ocr_par' dir='ltr' id='par_1_63' title="bbox 1811 2056 3395 2129">
     <span class='ocr_line' id='line_1_63' title="bbox 1811 2056 3395 2129; baseline 0.003 -22"><span class='ocrx_word' id='word_1_423' title='bbox 1811 2056 1961 2109; x_wconf 89' lang='lat' dir='ltr'><strong>nullo</strong></span> <span class='ocrx_word' id='word_1_424' title='bbox 1992 2072 2051 2110; x_wconf 92' lang='lat' dir='ltr'><strong>se</strong></span> <span class='ocrx_word' id='word_1_425' title='bbox 2082 2056 2149 2111; x_wconf 82' lang='lat' dir='ltr'><strong>ab</strong></span> <span class='ocrx_word' id='word_1_426' title='bbox 2171 2058 2250 2110; x_wconf 87' lang='lat' dir='ltr'><strong>ira</strong></span> <span class='ocrx_word' id='word_1_427' title='bbox 2282 2056 2566 2111; x_wconf 90' lang='lat' dir='ltr'><strong>Dominica</strong></span> <span class='ocrx_word' id='word_1_428' title='bbox 2588 2058 2849 2129; x_wconf 87' lang='lat' dir='ltr'><strong>justaquc</strong></span> <span class='ocrx_word' id='word_1_429' title='bbox 2872 2061 3079 2117; x_wconf 86' lang='lat' dir='ltr'><strong>ultione</strong></span> <span class='ocrx_word' id='word_1_430' title='bbox 3110 2062 3395 2116; x_wconf 84' lang='lat' dir='ltr'><strong>liberatum</strong></span> 
     </span>
    </p>
   </div>
   <div class='ocr_carea' id='block_1_64' title="bbox 1809 2147 2437 2205">
    <p class='ocr_par' dir='ltr' id='par_1_64' title="bbox 1809 2147 2437 2205">
     <span class='ocr_line' id='line_1_64' title="bbox 1809 2147 2437 2205; baseline 0.008 -6"><span class='ocrx_word' id='word_1_431' title='bbox 1809 2147 1878 2200; x_wconf 92' lang='lat' dir='ltr'><strong>iri</strong></span> <span class='ocrx_word' id='word_1_432' title='bbox 1908 2149 2137 2203; x_wconf 83' lang='lat' dir='ltr'><strong>salutari</strong></span> <span class='ocrx_word' id='word_1_433' title='bbox 2165 2151 2437 2205; x_wconf 90' lang='lat' dir='ltr'><strong>subsidio.</strong></span> 
     </span>
    </p>
   </div>
   <div class='ocr_carea' id='block_1_65' title="bbox 1880 2238 3393 2312">
    <p class='ocr_par' dir='ltr' id='par_1_65' title="bbox 1880 2238 3393 2312">
     <span class='ocr_line' id='line_1_65' title="bbox 1880 2238 3393 2312; baseline 0.003 -20"><span class='ocrx_word' id='word_1_434' title='bbox 1880 2238 1969 2293; x_wconf 80' lang='lat'><strong>59.</strong></span> <span class='ocrx_word' id='word_1_435' title='bbox 2018 2239 2089 2293; x_wconf 89' lang='lat' dir='ltr'><strong>Ut</strong></span> <span class='ocrx_word' id='word_1_436' title='bbox 2132 2241 2317 2310; x_wconf 90' lang='lat' dir='ltr'><strong>itaque</strong></span> <span class='ocrx_word' id='word_1_437' title='bbox 2365 2241 2594 2312; x_wconf 83' lang='lat' dir='ltr'><strong>ingressi</strong></span> <span class='ocrx_word' id='word_1_438' title='bbox 2660 2257 2755 2312; x_wconf 90' lang='lat' dir='ltr'><strong>per</strong></span> <span class='ocrx_word' id='word_1_439' title='bbox 2808 2245 2995 2297; x_wconf 88' lang='lat' dir='ltr'><strong>omnia</strong></span> <span class='ocrx_word' id='word_1_440' title='bbox 3050 2244 3213 2299; x_wconf 85' lang='lat' dir='ltr'><strong>urbis</strong></span> <span class='ocrx_word' id='word_1_441' title='bbox 3277 2245 3393 2299; x_wconf 89' lang='lat' dir='ltr'><strong>loca</strong></span> 
     </span>
    </p>
   </div>
   <div class='ocr_carea' id='block_1_66' title="bbox 1809 2332 3391 2406">
    <p class='ocr_par' dir='ltr' id='par_1_66' title="bbox 1809 2332 3391 2406">
     <span class='ocr_line' id='line_1_66' title="bbox 1809 2332 3391 2406; baseline 0.003 -20"><span class='ocrx_word' id='word_1_442' title='bbox 1809 2332 2044 2401; x_wconf 88' lang='lat' dir='ltr'><strong>dispersi</strong></span> <span class='ocrx_word' id='word_1_443' title='bbox 2084 2343 2212 2387; x_wconf 89' lang='lat' dir='ltr'><strong>sunt</strong></span> <span class='ocrx_word' id='word_1_444' title='bbox 2243 2332 2494 2400; x_wconf 86' lang='lat' dir='ltr'><strong>Barbari,</strong></span> <span class='ocrx_word' id='word_1_445' title='bbox 2537 2338 2717 2389; x_wconf 87' lang='lat' dir='ltr'><strong>onmis</strong></span> <span class='ocrx_word' id='word_1_446' title='bbox 2747 2345 2880 2393; x_wconf 71' lang='lat' dir='ltr'><strong>tetas</strong></span> <span class='ocrx_word' id='word_1_447' title='bbox 2910 2351 3183 2406; x_wconf 85' lang='lat' dir='ltr'><strong>omneque</strong></span> <span class='ocrx_word' id='word_1_448' title='bbox 3215 2338 3391 2391; x_wconf 87' lang='lat' dir='ltr'><strong>homi-</strong></span> 
     </span>
    </p>
   </div>
   <div class='ocr_carea' id='block_1_67' title="bbox 1805 2426 3396 2501">
    <p class='ocr_par' dir='ltr' id='par_1_67' title="bbox 1805 2426 3396 2501">
     <span class='ocr_line' id='line_1_67' title="bbox 1805 2426 3396 2501; baseline 0.006 -27"><span class='ocrx_word' id='word_1_449' title='bbox 1805 2438 1941 2480; x_wconf 86' lang='lat' dir='ltr'><strong>num</strong></span> <span class='ocrx_word' id='word_1_450' title='bbox 1999 2439 2173 2492; x_wconf 77' lang='lat' dir='ltr'><strong>genus</strong></span> <span class='ocrx_word' id='word_1_451' title='bbox 2226 2426 2295 2479; x_wconf 90' lang='lat' dir='ltr'><strong>ab</strong></span> <span class='ocrx_word' id='word_1_452' title='bbox 2336 2428 2415 2480; x_wconf 83' lang='lat' dir='ltr'><strong>eis</strong></span> <span class='ocrx_word' id='word_1_453' title='bbox 2474 2426 2766 2481; x_wconf 77' lang='lat' dir='ltr'><strong>confestim</strong></span> <span class='ocrx_word' id='word_1_454' title='bbox 2838 2428 3170 2485; x_wconf 86' lang='lat' dir='ltr'><strong>trucidatur.</strong></span> <span class='ocrx_word' id='word_1_455' title='bbox 3211 2430 3396 2501; x_wconf 82' lang='lat' dir='ltr'><strong>Neque</strong></span> 
     </span>
    </p>
   </div>
   <div class='ocr_carea' id='block_1_68' title="bbox 1808 2515 3393 2589">
    <p class='ocr_par' dir='ltr' id='par_1_68' title="bbox 1808 2515 3393 2589">
     <span class='ocr_line' id='line_1_68' title="bbox 1808 2515 3393 2589; baseline 0.005 -21"><span class='ocrx_word' id='word_1_456' title='bbox 1808 2515 1953 2568; x_wconf 90' lang='lat' dir='ltr'><strong>enim</strong></span> <span class='ocrx_word' id='word_1_457' title='bbox 1986 2517 2092 2568; x_wconf 91' lang='lat' dir='ltr'><strong>ulla</strong></span> <span class='ocrx_word' id='word_1_458' title='bbox 2122 2518 2203 2571; x_wconf 85' lang='lat' dir='ltr'><strong>eis</strong></span> <span class='ocrx_word' id='word_1_459' title='bbox 2225 2518 2506 2573; x_wconf 87' lang='lat' dir='ltr'><strong>miseratio</strong></span> <span class='ocrx_word' id='word_1_460' title='bbox 2530 2531 2669 2583; x_wconf 88' lang='lat' dir='ltr'><strong>erat,</strong></span> <span class='ocrx_word' id='word_1_461' title='bbox 2698 2522 2789 2588; x_wconf 88' lang='lat' dir='ltr'><strong>qui</strong></span> <span class='ocrx_word' id='word_1_462' title='bbox 2824 2522 3031 2589; x_wconf 88' lang='lat' dir='ltr'><strong>pridem</strong></span> <span class='ocrx_word' id='word_1_463' title='bbox 3060 2524 3213 2578; x_wconf 81' lang='lat' dir='ltr'><strong>rabie</strong></span> <span class='ocrx_word' id='word_1_464' title='bbox 3237 2539 3393 2577; x_wconf 85' lang='lat' dir='ltr'><strong>exar-</strong></span> 
     </span>
    </p>
   </div>
   <div class='ocr_carea' id='block_1_69' title="bbox 1808 2608 3394 2682">
    <p class='ocr_par' dir='ltr' id='par_1_69' title="bbox 1808 2608 3394 2682">
     <span class='ocr_line' id='line_1_69' title="bbox 1808 2608 3394 2682; baseline 0.004 -20"><span class='ocrx_word' id='word_1_465' title='bbox 1808 2608 2019 2662; x_wconf 83' lang='lat' dir='ltr'><strong>sisscnt</strong></span> <span class='ocrx_word' id='word_1_466' title='bbox 2052 2619 2411 2682; x_wconf 82' lang='lat' dir='ltr'><strong>nostramque</strong></span> <span class='ocrx_word' id='word_1_467' title='bbox 2445 2613 2881 2667; x_wconf 88' lang='lat' dir='ltr'><strong>internecionem</strong></span> <span class='ocrx_word' id='word_1_468' title='bbox 2923 2617 3141 2669; x_wconf 81' lang='lat' dir='ltr'><strong>sitirent</strong></span> <span class='ocrx_word' id='word_1_469' title='bbox 3174 2633 3187 2669; x_wconf 90' lang='lat'><strong>:</strong></span> <span class='ocrx_word' id='word_1_470' title='bbox 3223 2617 3317 2671; x_wconf 89' lang='lat' dir='ltr'><strong>sed</strong></span> <span class='ocrx_word' id='word_1_471' title='bbox 3341 2626 3394 2670; x_wconf 88' lang='lat' dir='ltr'><strong>et</strong></span> 
     </span>
    </p>
   </div>
   <div class='ocr_carea' id='block_1_70' title="bbox 1810 2700 3397 2779">
    <p class='ocr_par' dir='ltr' id='par_1_70' title="bbox 1810 2700 3397 2779">
     <span class='ocr_line' id='line_1_70' title="bbox 1810 2700 3397 2779; baseline 0.008 -27"><span class='ocrx_word' id='word_1_472' title='bbox 1810 2714 1973 2758; x_wconf 82' lang='lat' dir='ltr'><strong>senex</strong></span> <span class='ocrx_word' id='word_1_473' title='bbox 1994 2711 2047 2753; x_wconf 91' lang='lat' dir='ltr'><strong>et</strong></span> <span class='ocrx_word' id='word_1_474' title='bbox 2067 2700 2288 2756; x_wconf 84' lang='lat' dir='ltr'><strong>ﬂorenti</strong></span> <span class='ocrx_word' id='word_1_475' title='bbox 2319 2704 2497 2757; x_wconf 90' lang='lat' dir='ltr'><strong>adhuc</strong></span> <span class='ocrx_word' id='word_1_476' title='bbox 2514 2714 2673 2760; x_wconf 67' lang='lat' dir='ltr'><strong>atate</strong></span> <span class='ocrx_word' id='word_1_477' title='bbox 2696 2716 2863 2775; x_wconf 86' lang='lat' dir='ltr'><strong>atque</strong></span> <span class='ocrx_word' id='word_1_478' title='bbox 2882 2706 3124 2776; x_wconf 84' lang='lat' dir='ltr'><strong>juvenis,</strong></span> <span class='ocrx_word' id='word_1_479' title='bbox 3144 2708 3397 2779; x_wconf 79' lang='lat' dir='ltr'><strong>quisquis</strong></span> 
     </span>
    </p>
   </div>
   <div class='ocr_carea' id='block_1_71' title="bbox 1808 2787 3395 2861">
    <p class='ocr_par' dir='ltr' id='par_1_71' title="bbox 1808 2787 3395 2861">
     <span class='ocr_line' id='line_1_71' title="bbox 1808 2787 3395 2861; baseline 0.008 -22"><span class='ocrx_word' id='word_1_480' title='bbox 1808 2787 2047 2857; x_wconf 84' lang='lat' dir='ltr'><strong>denique</strong></span> <span class='ocrx_word' id='word_1_481' title='bbox 2101 2794 2461 2854; x_wconf 86' lang='lat' dir='ltr'><strong>occurrisset.</strong></span> <span class='ocrx_word' id='word_1_482' title='bbox 2502 2794 2687 2861; x_wconf 88' lang='lat' dir='ltr'><strong>gladio</strong></span> <span class='ocrx_word' id='word_1_483' title='bbox 2738 2798 3059 2849; x_wconf 85' lang='lat' dir='ltr'><strong>necabatur.</strong></span> <span class='ocrx_word' id='word_1_484' title='bbox 3099 2797 3211 2851; x_wconf 85' lang='lat' dir='ltr'><strong>Nec</strong></span> <span class='ocrx_word' id='word_1_485' title='bbox 3264 2814 3395 2853; x_wconf 88' lang='lat' dir='ltr'><strong>vero</strong></span> 
     </span>
    </p>
   </div>
   <div class='ocr_carea' id='block_1_72' title="bbox 1808 2881 3393 2948">
    <p class='ocr_par' dir='ltr' id='par_1_72' title="bbox 1808 2881 3393 2948">
     <span class='ocr_line' id='line_1_72' title="bbox 1808 2881 3393 2948; baseline 0.004 -14"><span class='ocrx_word' id='word_1_486' title='bbox 1808 2881 1955 2934; x_wconf 89' lang='lat' dir='ltr'><strong>letali</strong></span> <span class='ocrx_word' id='word_1_487' title='bbox 1994 2886 2178 2936; x_wconf 85' lang='lat' dir='ltr'><strong>statim</strong></span> <span class='ocrx_word' id='word_1_488' title='bbox 2214 2883 2441 2937; x_wconf 79' lang='lat' dir='ltr'><strong>vulnere</strong></span> <span class='ocrx_word' id='word_1_489' title='bbox 2468 2884 2764 2948; x_wconf 81' lang='lat' dir='ltr'><strong>feriebant,</strong></span> <span class='ocrx_word' id='word_1_490' title='bbox 2797 2888 2891 2939; x_wconf 86' lang='lat' dir='ltr'><strong>sed</strong></span> <span class='ocrx_word' id='word_1_491' title='bbox 2949 2893 3006 2940; x_wconf 93' lang='lat' dir='ltr'><strong>ut</strong></span> <span class='ocrx_word' id='word_1_492' title='bbox 3046 2886 3261 2941; x_wconf 89' lang='lat' dir='ltr'><strong>diutius</strong></span> <span class='ocrx_word' id='word_1_493' title='bbox 3292 2888 3393 2941; x_wconf 85' lang='lat' dir='ltr'><strong>do-</strong></span> 
     </span>
    </p>
   </div>
   <div class='ocr_carea' id='block_1_73' title="bbox 1808 2971 3394 3050">
    <p class='ocr_par' dir='ltr' id='par_1_73' title="bbox 1808 2971 3394 3050">
     <span class='ocr_line' id='line_1_73' title="bbox 1808 2971 3394 3050; baseline 0.007 -25"><span class='ocrx_word' id='word_1_494' title='bbox 1808 2971 2020 3027; x_wconf 90' lang='lat' dir='ltr'><strong>loribus</strong></span> <span class='ocrx_word' id='word_1_495' title='bbox 2050 2975 2454 3038; x_wconf 86' lang='lat' dir='ltr'><strong>excruciarent,</strong></span> <span class='ocrx_word' id='word_1_496' title='bbox 2496 2991 2619 3045; x_wconf 77' lang='lat' dir='ltr'><strong>quae</strong></span> <span class='ocrx_word' id='word_1_497' title='bbox 2649 2979 2797 3031; x_wconf 88' lang='lat' dir='ltr'><strong>circa</strong></span> <span class='ocrx_word' id='word_1_498' title='bbox 2856 2979 3078 3032; x_wconf 88' lang='lat' dir='ltr'><strong>dorsum</strong></span> <span class='ocrx_word' id='word_1_499' title='bbox 3116 2995 3394 3050; x_wconf 85' lang='lat' dir='ltr'><strong>coxasque</strong></span> 
     </span>
    </p>
   </div>
   <div class='ocr_carea' id='block_1_74' title="bbox 1810 3066 3395 3130">
    <p class='ocr_par' dir='ltr' id='par_1_74' title="bbox 1810 3066 3395 3130">
     <span class='ocr_line' id='line_1_74' title="bbox 1810 3066 3395 3130; baseline 0.003 -11"><span class='ocrx_word' id='word_1_500' title='bbox 1810 3074 1941 3119; x_wconf 88' lang='lat' dir='ltr'><strong>sunt</strong></span> <span class='ocrx_word' id='word_1_501' title='bbox 1975 3066 2357 3130; x_wconf 85' lang='lat' dir='ltr'><strong>coneidentes,</strong></span> <span class='ocrx_word' id='word_1_502' title='bbox 2398 3069 2553 3121; x_wconf 86' lang='lat' dir='ltr'><strong>tarda</strong></span> <span class='ocrx_word' id='word_1_503' title='bbox 2587 3084 2681 3125; x_wconf 90' lang='lat' dir='ltr'><strong>eos</strong></span> <span class='ocrx_word' id='word_1_504' title='bbox 2730 3085 2866 3125; x_wconf 90' lang='lat' dir='ltr'><strong>nece</strong></span> <span class='ocrx_word' id='word_1_505' title='bbox 2895 3070 3281 3127; x_wconf 80' lang='lat' dir='ltr'><strong>conﬁciebant.</strong></span> <span class='ocrx_word' id='word_1_506' title='bbox 3315 3074 3395 3125; x_wconf 78' lang='lat' dir='ltr'><strong>At:</strong></span> 
     </span>
    </p>
   </div>
   <div class='ocr_carea' id='block_1_75' title="bbox 1808 3157 3391 3227">
    <p class='ocr_par' dir='ltr' id='par_1_75' title="bbox 1808 3157 3391 3227">
     <span class='ocr_line' id='line_1_75' title="bbox 1808 3157 3391 3227; baseline 0.005 -18"><span class='ocrx_word' id='word_1_507' title='bbox 1808 3172 1877 3210; x_wconf 84' lang='lat' dir='ltr'><strong>ne</strong></span> <span class='ocrx_word' id='word_1_508' title='bbox 1912 3158 1990 3211; x_wconf 89' lang='lat' dir='ltr'><strong>sic</strong></span> <span class='ocrx_word' id='word_1_509' title='bbox 2021 3157 2243 3226; x_wconf 86' lang='lat' dir='ltr'><strong>quidem</strong></span> <span class='ocrx_word' id='word_1_510' title='bbox 2274 3160 2653 3214; x_wconf 88' lang='lat' dir='ltr'><strong>exsatiahatur</strong></span> <span class='ocrx_word' id='word_1_511' title='bbox 2681 3177 2776 3215; x_wconf 82' lang='lat' dir='ltr'><strong>eos</strong></span> <span class='ocrx_word' id='word_1_512' title='bbox 2804 3163 3062 3218; x_wconf 88' lang='lat' dir='ltr'><strong>obsidens</strong></span> <span class='ocrx_word' id='word_1_513' title='bbox 3095 3163 3272 3227; x_wconf 80' lang='lat' dir='ltr'><strong>furor,</strong></span> <span class='ocrx_word' id='word_1_514' title='bbox 3298 3166 3391 3217; x_wconf 79' lang='lat' dir='ltr'><strong>sed</strong></span> 
     </span>
    </p>
   </div>
   <div class='ocr_carea' id='block_1_76' title="bbox 1807 3249 3391 3321">
    <p class='ocr_par' dir='ltr' id='par_1_76' title="bbox 1807 3249 3391 3321">
     <span class='ocr_line' id='line_1_76' title="bbox 1807 3249 3391 3321; baseline 0.005 -20"><span class='ocrx_word' id='word_1_515' title='bbox 1807 3249 1953 3318; x_wconf 90' lang='lat' dir='ltr'><strong>quod</strong></span> <span class='ocrx_word' id='word_1_516' title='bbox 1990 3266 2097 3303; x_wconf 90' lang='lat' dir='ltr'><strong>non</strong></span> <span class='ocrx_word' id='word_1_517' title='bbox 2132 3251 2330 3319; x_wconf 72' lang='lat' dir='ltr'><strong>saepius</strong></span> <span class='ocrx_word' id='word_1_518' title='bbox 2364 3253 2503 3305; x_wconf 91' lang='lat' dir='ltr'><strong>mori</strong></span> <span class='ocrx_word' id='word_1_519' title='bbox 2538 3262 2815 3321; x_wconf 89' lang='lat' dir='ltr'><strong>poterant,</strong></span> <span class='ocrx_word' id='word_1_520' title='bbox 2843 3255 3205 3309; x_wconf 85' lang='lat' dir='ltr'><strong>immanitatis</strong></span> <span class='ocrx_word' id='word_1_521' title='bbox 3234 3256 3391 3309; x_wconf 89' lang='lat' dir='ltr'><strong>rabie</strong></span> 
     </span>
    </p>
   </div>
   <div class='ocr_carea' id='block_1_77' title="bbox 1805 3343 3390 3412">
    <p class='ocr_par' dir='ltr' id='par_1_77' title="bbox 1805 3343 3390 3412">
     <span class='ocr_line' id='line_1_77' title="bbox 1805 3343 3390 3412; baseline 0.004 -17"><span class='ocrx_word' id='word_1_522' title='bbox 1805 3343 2029 3412; x_wconf 81' lang='lat' dir='ltr'><strong>gravius</strong></span> <span class='ocrx_word' id='word_1_523' title='bbox 2060 3343 2337 3398; x_wconf 86' lang='lat' dir='ltr'><strong>dolebant.</strong></span> <span class='ocrx_word' id='word_1_524' title='bbox 2374 3344 2442 3399; x_wconf 90' lang='lat' dir='ltr'><strong>Ut</strong></span> <span class='ocrx_word' id='word_1_525' title='bbox 2478 3346 2624 3397; x_wconf 87' lang='lat' dir='ltr'><strong>enim</strong></span> <span class='ocrx_word' id='word_1_526' title='bbox 2667 3346 2961 3399; x_wconf 88' lang='lat' dir='ltr'><strong>belluinam</strong></span> <span class='ocrx_word' id='word_1_527' title='bbox 3004 3347 3149 3400; x_wconf 82' lang='lat' dir='ltr'><strong>illam</strong></span> <span class='ocrx_word' id='word_1_528' title='bbox 3196 3361 3259 3401; x_wconf 92' lang='lat' dir='ltr'><strong>ac</strong></span> <span class='ocrx_word' id='word_1_529' title='bbox 3304 3350 3390 3401; x_wconf 87' lang='lat' dir='ltr'><strong>in-</strong></span> 
     </span>
    </p>
   </div>
   <div class='ocr_carea' id='block_1_78' title="bbox 1807 3434 3387 3502">
    <p class='ocr_par' dir='ltr' id='par_1_78' title="bbox 1807 3434 3387 3502">
     <span class='ocr_line' id='line_1_78' title="bbox 1807 3434 3387 3502; baseline 0.004 -15"><span class='ocrx_word' id='word_1_530' title='bbox 1807 3434 2069 3489; x_wconf 84' lang='lat' dir='ltr'><strong>domitam</strong></span> <span class='ocrx_word' id='word_1_531' title='bbox 2102 3435 2387 3491; x_wconf 87' lang='lat' dir='ltr'><strong>libidinem</strong></span> <span class='ocrx_word' id='word_1_532' title='bbox 2424 3437 2713 3502; x_wconf 90' lang='lat' dir='ltr'><strong>satiarent,</strong></span> <span class='ocrx_word' id='word_1_533' title='bbox 2750 3452 2851 3491; x_wconf 91' lang='lat' dir='ltr'><strong>nec</strong></span> <span class='ocrx_word' id='word_1_534' title='bbox 2902 3438 3229 3493; x_wconf 87' lang='lat' dir='ltr'><strong>mulieribus</strong></span> <span class='ocrx_word' id='word_1_535' title='bbox 3259 3442 3387 3493; x_wconf 86' lang='lat' dir='ltr'><strong>mali</strong></span> 
     </span>
    </p>
   </div>
   <div class='ocr_carea' id='block_1_79' title="bbox 1806 3526 3391 3601">
    <p class='ocr_par' dir='ltr' id='par_1_79' title="bbox 1806 3526 3391 3601">
     <span class='ocr_line' id='line_1_79' title="bbox 1806 3526 3391 3601; baseline 0.005 -22"><span class='ocrx_word' id='word_1_536' title='bbox 1806 3526 1967 3580; x_wconf 91' lang='lat' dir='ltr'><strong>initio</strong></span> <span class='ocrx_word' id='word_1_537' title='bbox 1998 3542 2176 3596; x_wconf 90' lang='lat' dir='ltr'><strong>neque</strong></span> <span class='ocrx_word' id='word_1_538' title='bbox 2200 3528 2387 3597; x_wconf 87' lang='lat' dir='ltr'><strong>pueris</strong></span> <span class='ocrx_word' id='word_1_539' title='bbox 2418 3528 2555 3599; x_wconf 90' lang='lat' dir='ltr'><strong>ipsis</strong></span> <span class='ocrx_word' id='word_1_540' title='bbox 2591 3537 2981 3599; x_wconf 84' lang='lat' dir='ltr'><strong>pepercerunt,</strong></span> <span class='ocrx_word' id='word_1_541' title='bbox 3006 3546 3247 3601; x_wconf 83' lang='lat' dir='ltr'><strong>quorum</strong></span> <span class='ocrx_word' id='word_1_542' title='bbox 3288 3534 3391 3586; x_wconf 88' lang='lat' dir='ltr'><strong>im-</strong></span> 
     </span>
    </p>
   </div>
   <div class='ocr_carea' id='block_1_80' title="bbox 1805 3620 3390 3679">
    <p class='ocr_par' dir='ltr' id='par_1_80' title="bbox 1805 3620 3390 3679">
     <span class='ocr_line' id='line_1_80' title="bbox 1805 3620 3390 3679; baseline 0.005 -8"><span class='ocrx_word' id='word_1_543' title='bbox 1805 3628 2022 3676; x_wconf 84' lang='lat' dir='ltr'><strong>matura</strong></span> <span class='ocrx_word' id='word_1_544' title='bbox 2053 3628 2186 3673; x_wconf 70' lang='lat' dir='ltr'><strong>tetas</strong></span> <span class='ocrx_word' id='word_1_545' title='bbox 2226 3620 2368 3674; x_wconf 88' lang='lat' dir='ltr'><strong>haud</strong></span> <span class='ocrx_word' id='word_1_546' title='bbox 2421 3636 2549 3675; x_wconf 90' lang='lat' dir='ltr'><strong>raro</strong></span> <span class='ocrx_word' id='word_1_547' title='bbox 2580 3622 2746 3676; x_wconf 90' lang='lat' dir='ltr'><strong>etiam</strong></span> <span class='ocrx_word' id='word_1_548' title='bbox 2783 3620 3023 3677; x_wconf 80' lang='lat' dir='ltr'><strong>ferarum</strong></span> <span class='ocrx_word' id='word_1_549' title='bbox 3078 3624 3267 3678; x_wconf 88' lang='lat' dir='ltr'><strong>oculos</strong></span> <span class='ocrx_word' id='word_1_550' title='bbox 3324 3625 3390 3679; x_wconf 81' lang='lat' dir='ltr'><strong>ad</strong></span> 
     </span>
    </p>
   </div>
   <div class='ocr_carea' id='block_1_81' title="bbox 1808 3711 3392 3783">
    <p class='ocr_par' dir='ltr' id='par_1_81' title="bbox 1808 3711 3392 3783">
     <span class='ocr_line' id='line_1_81' title="bbox 1808 3711 3392 3783; baseline 0.005 -21"><span class='ocrx_word' id='word_1_551' title='bbox 1808 3711 2218 3765; x_wconf 86' lang='lat' dir='ltr'><strong>miserationem</strong></span> <span class='ocrx_word' id='word_1_552' title='bbox 2266 3714 2458 3782; x_wconf 84' lang='lat' dir='ltr'><strong>cogit;</strong></span> <span class='ocrx_word' id='word_1_553' title='bbox 2509 3714 2603 3768; x_wconf 91' lang='lat' dir='ltr'><strong>sed</strong></span> <span class='ocrx_word' id='word_1_554' title='bbox 2657 3716 2878 3768; x_wconf 89' lang='lat' dir='ltr'><strong>cunctis</strong></span> <span class='ocrx_word' id='word_1_555' title='bbox 2918 3714 3149 3783; x_wconf 89' lang='lat' dir='ltr'><strong>perinde</strong></span> <span class='ocrx_word' id='word_1_556' title='bbox 3183 3717 3392 3771; x_wconf 87' lang='lat' dir='ltr'><strong>indicta</strong></span> 
     </span>
    </p>
   </div>
   <div class='ocr_carea' id='block_1_82' title="bbox 1808 3804 3393 3879">
    <p class='ocr_par' dir='ltr' id='par_1_82' title="bbox 1808 3804 3393 3879">
     <span class='ocr_line' id='line_1_82' title="bbox 1808 3804 3393 3879; baseline 0.004 -22"><span class='ocrx_word' id='word_1_557' title='bbox 1808 3804 2019 3861; x_wconf 84' lang='lat' dir='ltr'><strong>cxcisio</strong></span> <span class='ocrx_word' id='word_1_558' title='bbox 2048 3812 2189 3867; x_wconf 85' lang='lat' dir='ltr'><strong>erat,</strong></span> <span class='ocrx_word' id='word_1_559' title='bbox 2229 3820 2352 3874; x_wconf 77' lang='lat' dir='ltr'><strong>qua:</strong></span> <span class='ocrx_word' id='word_1_560' title='bbox 2381 3807 2526 3859; x_wconf 87' lang='lat' dir='ltr'><strong>velut</strong></span> <span class='ocrx_word' id='word_1_561' title='bbox 2566 3806 2620 3860; x_wconf 90' lang='lat' dir='ltr'><strong>in</strong></span> <span class='ocrx_word' id='word_1_562' title='bbox 2655 3816 2815 3875; x_wconf 88' lang='lat' dir='ltr'><strong>prato</strong></span> <span class='ocrx_word' id='word_1_563' title='bbox 2846 3807 3204 3863; x_wconf 86' lang='lat' dir='ltr'><strong>berbescente</strong></span> <span class='ocrx_word' id='word_1_564' title='bbox 3230 3810 3393 3879; x_wconf 84' lang='lat' dir='ltr'><strong>quid-</strong></span> 
     </span>
    </p>
   </div>
   <div class='ocr_carea' id='block_1_83' title="bbox 1809 3894 3390 3965">
    <p class='ocr_par' dir='ltr' id='par_1_83' title="bbox 1809 3894 3390 3965">
     <span class='ocr_line' id='line_1_83' title="bbox 1809 3894 3390 3965; baseline 0.004 -18"><span class='ocrx_word' id='word_1_565' title='bbox 1809 3894 1941 3963; x_wconf 91' lang='lat' dir='ltr'><strong>quid</strong></span> <span class='ocrx_word' id='word_1_566' title='bbox 1968 3895 2189 3948; x_wconf 89' lang='lat' dir='ltr'><strong>obvium</strong></span> <span class='ocrx_word' id='word_1_567' title='bbox 2219 3905 2363 3951; x_wconf 88' lang='lat' dir='ltr'><strong>esset</strong></span> <span class='ocrx_word' id='word_1_568' title='bbox 2393 3897 2713 3951; x_wconf 86' lang='lat' dir='ltr'><strong>demeteret.</strong></span> <span class='ocrx_word' id='word_1_569' title='bbox 2742 3896 2990 3965; x_wconf 83' lang='lat' dir='ltr'><strong>lliucque</strong></span> <span class='ocrx_word' id='word_1_570' title='bbox 3024 3898 3162 3953; x_wconf 90' lang='lat' dir='ltr'><strong>adeo</strong></span> <span class='ocrx_word' id='word_1_571' title='bbox 3184 3899 3390 3954; x_wconf 77' lang='lat' dir='ltr'><strong>factum</strong></span> 
     </span>
    </p>
   </div>
   <div class='ocr_carea' id='block_1_84' title="bbox 1808 3986 3394 4062">
    <p class='ocr_par' dir='ltr' id='par_1_84' title="bbox 1808 3986 3394 4062">
     <span class='ocr_line' id='line_1_84' title="bbox 1808 3986 3394 4062; baseline 0.003 -23"><span class='ocrx_word' id='word_1_572' title='bbox 1808 3994 1895 4040; x_wconf 91' lang='lat' dir='ltr'><strong>est</strong></span> <span class='ocrx_word' id='word_1_573' title='bbox 1934 3993 1992 4039; x_wconf 90' lang='lat' dir='ltr'><strong>ut</strong></span> <span class='ocrx_word' id='word_1_574' title='bbox 2034 3986 2181 4041; x_wconf 88' lang='lat' dir='ltr'><strong>brevi</strong></span> <span class='ocrx_word' id='word_1_575' title='bbox 2213 3990 2478 4057; x_wconf 89' lang='lat' dir='ltr'><strong>temporis</strong></span> <span class='ocrx_word' id='word_1_576' title='bbox 2528 3998 2807 4043; x_wconf 89' lang='lat' dir='ltr'><strong>momento</strong></span> <span class='ocrx_word' id='word_1_577' title='bbox 2865 3989 3018 4052; x_wconf 91' lang='lat' dir='ltr'><strong>urbs,</strong></span> <span class='ocrx_word' id='word_1_578' title='bbox 3053 4005 3180 4059; x_wconf 66' lang='lat' dir='ltr'><strong>qua</strong></span> <span class='ocrx_word' id='word_1_579' title='bbox 3231 3991 3394 4062; x_wconf 89' lang='lat' dir='ltr'><strong>paulo</strong></span> 
     </span>
    </p>
   </div>
   <div class='ocr_carea' id='block_1_85' title="bbox 1810 4079 3395 4151">
    <p class='ocr_par' dir='ltr' id='par_1_85' title="bbox 1810 4079 3395 4151">
     <span class='ocr_line' id='line_1_85' title="bbox 1810 4079 3395 4151; baseline 0.004 -18"><span class='ocrx_word' id='word_1_580' title='bbox 1810 4086 1937 4133; x_wconf 90' lang='lat' dir='ltr'><strong>ante</strong></span> <span class='ocrx_word' id='word_1_581' title='bbox 1978 4079 2068 4132; x_wconf 82' lang='lat' dir='ltr'><strong>vix</strong></span> <span class='ocrx_word' id='word_1_582' title='bbox 2101 4093 2211 4133; x_wconf 91' lang='lat' dir='ltr'><strong>non</strong></span> <span class='ocrx_word' id='word_1_583' title='bbox 2237 4088 2467 4150; x_wconf 85' lang='lat' dir='ltr'><strong>angusta</strong></span> <span class='ocrx_word' id='word_1_584' title='bbox 2504 4081 2907 4137; x_wconf 84' lang='lat' dir='ltr'><strong>habitatoribus</strong></span> <span class='ocrx_word' id='word_1_585' title='bbox 2945 4090 3064 4137; x_wconf 89' lang='lat' dir='ltr'><strong>erat</strong></span> <span class='ocrx_word' id='word_1_586' title='bbox 3120 4098 3185 4137; x_wconf 87' lang='lat' dir='ltr'><strong>ac</strong></span> <span class='ocrx_word' id='word_1_587' title='bbox 3238 4084 3395 4151; x_wconf 87' lang='lat' dir='ltr'><strong>plebe</strong></span> 
     </span>
    </p>
   </div>
   <div class='ocr_carea' id='block_1_86' title="bbox 1811 4169 3394 4244">
    <p class='ocr_par' dir='ltr' id='par_1_86' title="bbox 1811 4169 3394 4244">
     <span class='ocr_line' id='line_1_86' title="bbox 1811 4169 3394 4244; baseline 0.004 -21"><span class='ocrx_word' id='word_1_588' title='bbox 1811 4169 2150 4240; x_wconf 86' lang='lat' dir='ltr'><strong>constipata,</strong></span> <span class='ocrx_word' id='word_1_589' title='bbox 2201 4172 2421 4226; x_wconf 88' lang='lat' dir='ltr'><strong>deserta</strong></span> <span class='ocrx_word' id='word_1_590' title='bbox 2472 4172 2787 4225; x_wconf 83' lang='lat' dir='ltr'><strong>vilesceret.</strong></span> <span class='ocrx_word' id='word_1_591' title='bbox 2832 4172 2899 4227; x_wconf 71' lang='grc' dir='ltr'><strong>ιιι</strong></span> <span class='ocrx_word' id='word_1_592' title='bbox 2950 4175 3101 4227; x_wconf 80' lang='lat' dir='ltr'><strong>enim</strong></span> <span class='ocrx_word' id='word_1_593' title='bbox 3139 4177 3394 4244; x_wconf 84' lang='lat' dir='ltr'><strong>superius</strong></span> 
     </span>
    </p>
   </div>
   <div class='ocr_carea' id='block_1_87' title="bbox 1812 4264 3397 4337">
    <p class='ocr_par' dir='ltr' id='par_1_87' title="bbox 1812 4264 3397 4337">
     <span class='ocr_line' id='line_1_87' title="bbox 1812 4264 3397 4337; baseline 0.001 -21"><span class='ocrx_word' id='word_1_594' title='bbox 1812 4264 2073 4327; x_wconf 79' lang='lat' dir='ltr'><strong>diximus,</strong></span> <span class='ocrx_word' id='word_1_595' title='bbox 2110 4264 2296 4333; x_wconf 80' lang='lat' dir='ltr'><strong>populi</strong></span> <span class='ocrx_word' id='word_1_596' title='bbox 2332 4280 2458 4333; x_wconf 89' lang='lat' dir='ltr'><strong>pars</strong></span> <span class='ocrx_word' id='word_1_597' title='bbox 2491 4265 2713 4319; x_wconf 90' lang='lat' dir='ltr'><strong>collium</strong></span> <span class='ocrx_word' id='word_1_598' title='bbox 2744 4266 3031 4319; x_wconf 85' lang='lat' dir='ltr'><strong>cacumina</strong></span> <span class='ocrx_word' id='word_1_599' title='bbox 3062 4266 3130 4321; x_wconf 89' lang='lat' dir='ltr'><strong>ad</strong></span> <span class='ocrx_word' id='word_1_600' title='bbox 3166 4280 3397 4337; x_wconf 77' lang='lat' dir='ltr'><strong>acropu-</strong></span> 
     </span>
    </p>
   </div>
   <div class='ocr_carea' id='block_1_88' title="bbox 1813 4352 3392 4426">
    <p class='ocr_par' dir='ltr' id='par_1_88' title="bbox 1813 4352 3392 4426">
     <span class='ocr_line' id='line_1_88' title="bbox 1813 4352 3392 4426; baseline 0.003 -19"><span class='ocrx_word' id='word_1_601' title='bbox 1813 4354 1905 4407; x_wconf 93' lang='lat' dir='ltr'><strong>lim</strong></span> <span class='ocrx_word' id='word_1_602' title='bbox 1947 4353 2029 4407; x_wconf 92' lang='lat' dir='ltr'><strong>sic</strong></span> <span class='ocrx_word' id='word_1_603' title='bbox 2056 4352 2263 4407; x_wconf 88' lang='lat' dir='ltr'><strong>dictam</strong></span> <span class='ocrx_word' id='word_1_604' title='bbox 2298 4354 2362 4420; x_wconf 82' lang='grc' dir='ltr'><strong>(ἰ.</strong></span> <span class='ocrx_word' id='word_1_605' title='bbox 2385 4369 2435 4408; x_wconf 87' lang='lat' dir='ltr'><strong>e.</strong></span> <span class='ocrx_word' id='word_1_606' title='bbox 2468 4355 2675 4422; x_wconf 91' lang='lat' dir='ltr'><strong>arcem)</strong></span> <span class='ocrx_word' id='word_1_607' title='bbox 2704 4362 3090 4423; x_wconf 86' lang='lat' dir='ltr'><strong>occupaverat,</strong></span> <span class='ocrx_word' id='word_1_608' title='bbox 3117 4363 3211 4410; x_wconf 86' lang='lat' dir='ltr'><strong>aut</strong></span> <span class='ocrx_word' id='word_1_609' title='bbox 3230 4372 3392 4426; x_wconf 90' lang='lat' dir='ltr'><strong>quam</strong></span> 
     </span>
    </p>
   </div>
   <div class='ocr_carea' id='block_1_89' title="bbox 1813 4444 3397 4521">
    <p class='ocr_par' dir='ltr' id='par_1_89' title="bbox 1813 4444 3397 4521">
     <span class='ocr_line' id='line_1_89' title="bbox 1813 4444 3397 4521; baseline 0.001 -19"><span class='ocrx_word' id='word_1_610' title='bbox 1813 4447 1989 4502; x_wconf 87' lang='lat' dir='ltr'><strong>sancti</strong></span> <span class='ocrx_word' id='word_1_611' title='bbox 2011 4444 2233 4502; x_wconf 86' lang='lat' dir='ltr'><strong>Davidis</strong></span> <span class='ocrx_word' id='word_1_612' title='bbox 2251 4445 2415 4518; x_wconf 67' lang='grc'><strong>544</strong></span> <span class='ocrx_word' id='word_1_613' title='bbox 2430 4447 2682 4501; x_wconf 79' lang='lat' dir='ltr'><strong>viciniam</strong></span> <span class='ocrx_word' id='word_1_614' title='bbox 2704 4458 2925 4503; x_wconf 78' lang='lat' dir='ltr'><strong>vocant.</strong></span> <span class='ocrx_word' id='word_1_615' title='bbox 2943 4449 3075 4514; x_wconf 61' lang='lat' dir='ltr'><strong>Quae</strong></span> <span class='ocrx_word' id='word_1_616' title='bbox 3102 4451 3251 4521; x_wconf 84' lang='lat' dir='ltr'><strong>regio</strong></span> <span class='ocrx_word' id='word_1_617' title='bbox 3271 4452 3397 4504; x_wconf 90' lang='lat' dir='ltr'><strong>reli-</strong></span> 
     </span>
    </p>
   </div>
   <div class='ocr_carea' id='block_1_90' title="bbox 106 4536 1708 4638">
    <p class='ocr_par' dir='ltr' id='par_1_90' title="bbox 106 4536 1705 4608">
     <span class='ocr_line' id='line_1_90' title="bbox 106 4536 1705 4608; baseline 0.001 -19"><span class='ocrx_word' id='word_1_618' title='bbox 106 4537 296 4608; x_wconf 82' lang='grc' dir='ltr'>(τοῦτο</span> <span class='ocrx_word' id='word_1_619' title='bbox 317 4538 430 4607; x_wconf 74' lang='grc' dir='ltr'>γὰρ</span> <span class='ocrx_word' id='word_1_620' title='bbox 451 4536 652 4606; x_wconf 70' lang='grc' dir='ltr'>μᾶλλον</span> <span class='ocrx_word' id='word_1_621' title='bbox 675 4536 775 4605; x_wconf 79' lang='grc' dir='ltr'>τῆς</span> <span class='ocrx_word' id='word_1_622' title='bbox 795 4536 991 4605; x_wconf 78' lang='grc' dir='ltr'>λοιπῆς</span> <span class='ocrx_word' id='word_1_623' title='bbox 1013 4537 1416 4607; x_wconf 79' lang='grc' dir='ltr'>ὑπερανέχουσι</span> <span class='ocrx_word' id='word_1_624' title='bbox 1436 4539 1455 4569; x_wconf 87' lang='grc'><strong><em>³</em></strong></span> <span class='ocrx_word' id='word_1_625' title='bbox 1478 4540 1705 4603; x_wconf 80' lang='grc' dir='ltr'>πόλεως,</span> 
     </span>
    </p>
   </div>
   <div class='ocr_carea' id='block_1_91' title="bbox 1811 4536 3392 4638">
    <p class='ocr_par' dir='ltr' id='par_1_91' title="bbox 1813 4537 3392 4609">
     <span class='ocr_line' id='line_1_91' title="bbox 1813 4537 3392 4609; baseline 0.003 -18"><span class='ocrx_word' id='word_1_626' title='bbox 1813 4552 1922 4609; x_wconf 91' lang='lat' dir='ltr'><strong>qua</strong></span> <span class='ocrx_word' id='word_1_627' title='bbox 1942 4537 2075 4591; x_wconf 87' lang='lat' dir='ltr'><strong>urbe</strong></span> <span class='ocrx_word' id='word_1_628' title='bbox 2092 4538 2289 4593; x_wconf 86' lang='lat' dir='ltr'><strong>altiore</strong></span> <span class='ocrx_word' id='word_1_629' title='bbox 2312 4541 2421 4593; x_wconf 87' lang='lat' dir='ltr'><strong>situ</strong></span> <span class='ocrx_word' id='word_1_630' title='bbox 2440 4538 2679 4605; x_wconf 90' lang='lat' dir='ltr'><strong>eminet;</strong></span> <span class='ocrx_word' id='word_1_631' title='bbox 2702 4539 2792 4593; x_wconf 82' lang='lat' dir='ltr'><strong>tibi</strong></span> <span class='ocrx_word' id='word_1_632' title='bbox 2809 4542 2973 4593; x_wconf 82' lang='lat' dir='ltr'><strong>etiam</strong></span> <span class='ocrx_word' id='word_1_633' title='bbox 2996 4542 3392 4597; x_wconf 85' lang='lat' dir='ltr'><strong>monachorum</strong></span> 
     </span>
    </p>
   </div>
   <div class='ocr_carea' id='block_1_92' title="bbox 108 4624 1710 4704">
    <p class='ocr_par' dir='ltr' id='par_1_92' title="bbox 108 4624 1710 4704">
     <span class='ocr_line' id='line_1_92' title="bbox 108 4624 1710 4704; baseline 0.001 -21"><span class='ocrx_word' id='word_1_634' title='bbox 108 4632 245 4691; x_wconf 75' lang='grc' dir='ltr'>ξνθα</span> <span class='ocrx_word' id='word_1_635' title='bbox 275 4631 342 4700; x_wconf 76' lang='grc' dir='ltr'>δὴ</span> <span class='ocrx_word' id='word_1_636' title='bbox 396 4631 492 4682; x_wconf 79' lang='grc' dir='ltr'>καὶ</span> <span class='ocrx_word' id='word_1_637' title='bbox 521 4628 727 4698; x_wconf 77' lang='grc' dir='ltr'>πλῆθος</span> <span class='ocrx_word' id='word_1_638' title='bbox 776 4624 845 4704; x_wconf 74' lang='grc' dir='ltr'>ἦν</span> <span class='ocrx_word' id='word_1_639' title='bbox 873 4629 1127 4699; x_wconf 87' lang='grc' dir='ltr'>μοναχῶν</span> <span class='ocrx_word' id='word_1_640' title='bbox 1180 4629 1451 4701; x_wconf 80' lang='grc' dir='ltr'>ὲναρέτων</span> <span class='ocrx_word' id='word_1_641' title='bbox 1490 4632 1710 4685; x_wconf 84' lang='grc' dir='ltr'>πάντων</span> 
     </span>
    </p>
   </div>
   <div class='ocr_carea' id='block_1_93' title="bbox 109 4720 1710 4793">
    <p class='ocr_par' dir='ltr' id='par_1_93' title="bbox 109 4720 1710 4793">
     <span class='ocr_line' id='line_1_93' title="bbox 109 4720 1710 4793; baseline 0.001 -18"><span class='ocrx_word' id='word_1_642' title='bbox 109 4725 209 4781; x_wconf 74' lang='grc' dir='ltr'>καὶ</span> <span class='ocrx_word' id='word_1_643' title='bbox 243 4726 347 4793; x_wconf 83' lang='grc' dir='ltr'>τῆς</span> <span class='ocrx_word' id='word_1_644' title='bbox 372 4722 624 4792; x_wconf 82' lang='grc' dir='ltr'>οὐρανίου</span> <span class='ocrx_word' id='word_1_645' title='bbox 653 4720 928 4784; x_wconf 81' lang='grc' dir='ltr'>πολιτείας</span> <span class='ocrx_word' id='word_1_646' title='bbox 955 4720 1324 4791; x_wconf 79' lang='grc' dir='ltr'>ἠξιωμένων),</span> <span class='ocrx_word' id='word_1_647' title='bbox 1372 4722 1432 4775; x_wconf 82' lang='grc' dir='ltr'>τὸ</span> <span class='ocrx_word' id='word_1_648' title='bbox 1456 4723 1512 4776; x_wconf 80' lang='grc' dir='ltr'>δὲ</span> <span class='ocrx_word' id='word_1_649' title='bbox 1548 4725 1710 4778; x_wconf 81' lang='grc' dir='ltr'>πάλιν</span> 
     </span>
    </p>
   </div>
   <div class='ocr_carea' id='block_1_94' title="bbox 107 4810 1711 4887">
    <p class='ocr_par' dir='ltr' id='par_1_94' title="bbox 107 4810 1711 4887">
     <span class='ocr_line' id='line_1_94' title="bbox 107 4810 1711 4887; baseline -0.008 -19"><span class='ocrx_word' id='word_1_650' title='bbox 107 4816 232 4877; x_wconf 82' lang='grc' dir='ltr'>ταῖς</span> <span class='ocrx_word' id='word_1_651' title='bbox 254 4812 383 4867; x_wconf 81' lang='grc' dir='ltr'>δυσὶ</span> <span class='ocrx_word' id='word_1_652' title='bbox 417 4811 618 4873; x_wconf 87' lang='grc' dir='ltr'>πύλαις</span> <span class='ocrx_word' id='word_1_653' title='bbox 652 4810 973 4881; x_wconf 76' lang='grc' dir='ltr'>προσερῤύη</span> <span class='ocrx_word' id='word_1_654' title='bbox 999 4813 1119 4874; x_wconf 84' lang='grc' dir='ltr'>ταῖς</span> <span class='ocrx_word' id='word_1_655' title='bbox 1146 4813 1281 4882; x_wconf 77' lang='grc' dir='ltr'>πρὸς</span> <span class='ocrx_word' id='word_1_656' title='bbox 1314 4812 1465 4866; x_wconf 82' lang='grc' dir='ltr'>δύσιν</span> <span class='ocrx_word' id='word_1_657' title='bbox 1493 4814 1711 4887; x_wconf 82' lang='grc' dir='ltr'>ἀφορώ-</span> 
     </span>
    </p>
   </div>
   <div class='ocr_carea' id='block_1_95' title="bbox 110 4901 1707 4973">
    <p class='ocr_par' dir='ltr' id='par_1_95' title="bbox 110 4901 1707 4973">
     <span class='ocr_line' id='line_1_95' title="bbox 110 4901 1707 4973; baseline -0.002 -14"><span class='ocrx_word' id='word_1_658' title='bbox 110 4922 240 4970; x_wconf 69' lang='lat' dir='ltr'><strong>cat;</strong></span> <span class='ocrx_word' id='word_1_659' title='bbox 270 4905 371 4973; x_wconf 85' lang='grc' dir='ltr'>τῆς</span> <span class='ocrx_word' id='word_1_660' title='bbox 401 4902 629 4967; x_wconf 83' lang='grc' dir='ltr'>πόλεως,</span> <span class='ocrx_word' id='word_1_661' title='bbox 663 4901 792 4972; x_wconf 84' lang='grc' dir='ltr'>μίαν</span> <span class='ocrx_word' id='word_1_662' title='bbox 824 4901 1059 4972; x_wconf 81' lang='grc' dir='ltr'>ἐχόντων</span> <span class='ocrx_word' id='word_1_663' title='bbox 1087 4902 1305 4959; x_wconf 84' lang='grc' dir='ltr'>πάντων</span> <span class='ocrx_word' id='word_1_664' title='bbox 1341 4904 1595 4973; x_wconf 76' lang='grc' dir='ltr'>σπουδήν,</span> <span class='ocrx_word' id='word_1_665' title='bbox 1615 4904 1707 4956; x_wconf 56' lang='grc' dir='ltr'><strong>τσῦ</strong></span> 
     </span>
    </p>
   </div>
   <div class='ocr_carea' id='block_1_96' title="bbox 110 4993 1708 5066">
    <p class='ocr_par' dir='ltr' id='par_1_96' title="bbox 110 4993 1708 5066">
     <span class='ocr_line' id='line_1_96' title="bbox 110 4993 1708 5066; baseline 0 -17"><span class='ocrx_word' id='word_1_666' title='bbox 110 4996 656 5066; x_wconf 76' lang='grc' dir='ltr'>ξίφουςδιεκφυγεῖν</span> <span class='ocrx_word' id='word_1_667' title='bbox 688 4994 788 5063; x_wconf 80' lang='grc' dir='ltr'>τὴν</span> <span class='ocrx_word' id='word_1_668' title='bbox 813 4994 1009 5064; x_wconf 87' lang='grc' dir='ltr'>τομήν.</span> <span class='ocrx_word' id='word_1_669' title='bbox 1065 4993 1206 5045; x_wconf 84' lang='grc' dir='ltr'>Ἀλλ’</span> <span class='ocrx_word' id='word_1_670' title='bbox 1237 4994 1388 5048; x_wconf 80' lang='grc' dir='ltr'>οὐδὲν</span> <span class='ocrx_word' id='word_1_671' title='bbox 1411 4996 1570 5048; x_wconf 82' lang='grc' dir='ltr'>πλέον</span> <span class='ocrx_word' id='word_1_672' title='bbox 1598 4995 1708 5051; x_wconf 78' lang='grc' dir='ltr'><strong>τῶν</strong></span> 
     </span>
    </p>
   </div>
   <div class='ocr_carea' id='block_1_97' title="bbox 110 5084 1707 5158">
    <p class='ocr_par' dir='ltr' id='par_1_97' title="bbox 110 5084 1707 5158">
     <span class='ocr_line' id='line_1_97' title="bbox 110 5084 1707 5158; baseline -0.001 -16"><span class='ocrx_word' id='word_1_673' title='bbox 110 5090 295 5142; x_wconf 75' lang='grc' dir='ltr'>ἀλλων</span> <span class='ocrx_word' id='word_1_674' title='bbox 346 5087 587 5157; x_wconf 81' lang='grc' dir='ltr'>διήνυον,</span> <span class='ocrx_word' id='word_1_675' title='bbox 638 5086 747 5144; x_wconf 74' lang='grc' dir='ltr'><strong>τῶν</strong></span> <span class='ocrx_word' id='word_1_676' title='bbox 810 5084 994 5143; x_wconf 77' lang='grc' dir='ltr'>πυλῶν</span> <span class='ocrx_word' id='word_1_677' title='bbox 1055 5084 1212 5149; x_wconf 75' lang='grc' dir='ltr'>ἐκτὸς</span> <span class='ocrx_word' id='word_1_678' title='bbox 1259 5086 1367 5138; x_wconf 90' lang='grc' dir='ltr'><strong>τῶν</strong></span> <span class='ocrx_word' id='word_1_679' title='bbox 1405 5087 1707 5158; x_wconf 77' lang='grc' dir='ltr'>Βαρϐάρων</span> 
     </span>
    </p>
   </div>
   <div class='ocr_carea' id='block_1_98' title="bbox 110 5179 1708 5255">
    <p class='ocr_par' dir='ltr' id='par_1_98' title="bbox 110 5179 1708 5255">
     <span class='ocr_line' id='line_1_98' title="bbox 110 5179 1708 5255; baseline -0.007 -19"><span class='ocrx_word' id='word_1_680' title='bbox 110 5183 544 5255; x_wconf 75' lang='grc' dir='ltr'>ἑφεδρευόντων,</span> <span class='ocrx_word' id='word_1_681' title='bbox 578 5182 671 5233; x_wconf 78' lang='grc' dir='ltr'>καὶ</span> <span class='ocrx_word' id='word_1_682' title='bbox 696 5179 819 5250; x_wconf 81' lang='grc' dir='ltr'>μηδ’</span> <span class='ocrx_word' id='word_1_683' title='bbox 838 5179 1015 5243; x_wconf 79' lang='grc' dir='ltr'>ἄλλως</span> <span class='ocrx_word' id='word_1_684' title='bbox 1037 5180 1253 5254; x_wconf 75' lang='grc' dir='ltr'>ἔχοντες</span> <span class='ocrx_word' id='word_1_685' title='bbox 1274 5182 1513 5252; x_wconf 84' lang='grc' dir='ltr'>εὐχερῶς</span> <span class='ocrx_word' id='word_1_686' title='bbox 1537 5183 1708 5254; x_wconf 84' lang='grc' dir='ltr'>ὑπερ-</span> 
     </span>
    </p>
   </div>
   <div class='ocr_carea' id='block_1_99' title="bbox 108 5270 1708 5345">
    <p class='ocr_par' dir='ltr' id='par_1_99' title="bbox 108 5270 1708 5345">
     <span class='ocr_line' id='line_1_99' title="bbox 108 5270 1708 5345; baseline 0.001 -20"><span class='ocrx_word' id='word_1_687' title='bbox 108 5275 302 5343; x_wconf 76' lang='grc' dir='ltr'>ϐῆναι,</span> <span class='ocrx_word' id='word_1_688' title='bbox 334 5273 415 5343; x_wconf 81' lang='grc' dir='ltr'>τῷ</span> <span class='ocrx_word' id='word_1_689' title='bbox 471 5272 799 5343; x_wconf 85' lang='grc' dir='ltr'>συνωθισμῷ</span> <span class='ocrx_word' id='word_1_690' title='bbox 855 5270 1139 5335; x_wconf 74' lang='grc' dir='ltr'>πιέζοντες</span> <span class='ocrx_word' id='word_1_691' title='bbox 1195 5272 1458 5344; x_wconf 79' lang='grc' dir='ltr'>ἀλλήλους</span> <span class='ocrx_word' id='word_1_692' title='bbox 1486 5273 1581 5326; x_wconf 73' lang='grc' dir='ltr'>καὶ</span> <span class='ocrx_word' id='word_1_693' title='bbox 1610 5276 1708 5345; x_wconf 75' lang='grc' dir='ltr'>τὴν</span> 
     </span>
    </p>
   </div>
   <div class='ocr_carea' id='block_1_100' title="bbox 110 5365 839 5434">
    <p class='ocr_par' dir='ltr' id='par_1_100' title="bbox 110 5365 839 5434">
     <span class='ocr_line' id='line_1_100' title="bbox 110 5365 839 5434; baseline 0.001 -17"><span class='ocrx_word' id='word_1_694' title='bbox 110 5365 355 5430; x_wconf 70' lang='grc' dir='ltr'>διέξοδον</span> <span class='ocrx_word' id='word_1_695' title='bbox 378 5365 839 5434; x_wconf 60' lang='grc' dir='ltr'>ἀποφράττοντες.</span> 
     </span>
    </p>
   </div>
   <div class='ocr_carea' id='block_1_101' title="bbox 189 5446 1709 5530">
    <p class='ocr_par' dir='ltr' id='par_1_101' title="bbox 189 5446 1709 5530">
     <span class='ocr_line' id='line_1_101' title="bbox 189 5446 1709 5530; baseline 0.001 -21"><span class='ocrx_word' id='word_1_696' title='bbox 189 5464 271 5528; x_wconf 84' lang='grc' dir='ltr'><strong>μ’.</strong></span> <span class='ocrx_word' id='word_1_697' title='bbox 298 5446 424 5509; x_wconf 80' lang='grc' dir='ltr'>Οἷον</span> <span class='ocrx_word' id='word_1_698' title='bbox 449 5457 559 5523; x_wconf 82' lang='grc' dir='ltr'>γὰρ</span> <span class='ocrx_word' id='word_1_699' title='bbox 591 5454 834 5523; x_wconf 76' lang='grc' dir='ltr'>ἐγεγόνει</span> <span class='ocrx_word' id='word_1_700' title='bbox 860 5456 1029 5508; x_wconf 64' lang='grc' dir='ltr'>κακῦν</span> <span class='ocrx_word' id='word_1_701' title='bbox 1070 5457 1210 5510; x_wconf 71' lang='grc' dir='ltr'>κατὰ</span> <span class='ocrx_word' id='word_1_702' title='bbox 1240 5455 1337 5529; x_wconf 80' lang='grc' dir='ltr'><strong>τήν</strong></span> <span class='ocrx_word' id='word_1_703' title='bbox 1366 5457 1709 5530; x_wconf 83' lang='grc' dir='ltr'>καλουμένην</span> 
     </span>
    </p>
   </div>
   <div class='ocr_carea' id='block_1_102' title="bbox 180 5616 665 5686">
    <p class='ocr_par' dir='ltr' id='par_1_102' title="bbox 180 5616 665 5686">
     <span class='ocr_line' id='line_1_102' title="bbox 180 5616 665 5686; baseline -0.014 -11"><span class='ocrx_word' id='word_1_704' title='bbox 180 5634 205 5664; x_wconf 80' lang='grc' dir='ltr'><strong>ε</strong></span> <span class='ocrx_word' id='word_1_705' title='bbox 251 5616 400 5675; x_wconf 80' lang='lat' dir='ltr'><strong>Psal.</strong></span> <span class='ocrx_word' id='word_1_706' title='bbox 426 5634 551 5686; x_wconf 83' lang='lat' dir='ltr'><strong>va,</strong></span> <span class='ocrx_word' id='word_1_707' title='bbox 580 5620 665 5676; x_wconf 76' lang='grc'><strong>15.</strong></span> 
     </span>
    </p>
   </div>
   <div class='ocr_carea' id='block_1_103' title="bbox 1815 4629 3397 4704">
    <p class='ocr_par' dir='ltr' id='par_1_103' title="bbox 1815 4629 3397 4704">
     <span class='ocr_line' id='line_1_103' title="bbox 1815 4629 3397 4704; baseline 0.003 -19"><span class='ocrx_word' id='word_1_708' title='bbox 1815 4629 2113 4685; x_wconf 90' lang='lat' dir='ltr'><strong>multitudo</strong></span> <span class='ocrx_word' id='word_1_709' title='bbox 2153 4640 2293 4693; x_wconf 85' lang='lat' dir='ltr'><strong>erat,</strong></span> <span class='ocrx_word' id='word_1_710' title='bbox 2330 4632 2426 4685; x_wconf 86' lang='lat' dir='ltr'><strong>viri</strong></span> <span class='ocrx_word' id='word_1_711' title='bbox 2457 4646 2649 4686; x_wconf 88' lang='lat' dir='ltr'><strong>omnes</strong></span> <span class='ocrx_word' id='word_1_712' title='bbox 2676 4632 2877 4687; x_wconf 84' lang='lat' dir='ltr'><strong>virtute</strong></span> <span class='ocrx_word' id='word_1_713' title='bbox 2908 4633 3043 4687; x_wconf 90' lang='lat' dir='ltr'><strong>clari</strong></span> <span class='ocrx_word' id='word_1_714' title='bbox 3074 4634 3397 4704; x_wconf 61' lang='lat' dir='ltr'><strong>celestith</strong></span> 
     </span>
    </p>
   </div>
   <div class='ocr_carea' id='block_1_104' title="bbox 1813 4722 3397 4797">
    <p class='ocr_par' dir='ltr' id='par_1_104' title="bbox 1813 4722 3397 4797">
     <span class='ocr_line' id='line_1_104' title="bbox 1813 4722 3397 4797; baseline 0.002 -20"><span class='ocrx_word' id='word_1_715' title='bbox 1813 4724 2067 4777; x_wconf 90' lang='lat' dir='ltr'><strong>instituto</strong></span> <span class='ocrx_word' id='word_1_716' title='bbox 2084 4722 2231 4791; x_wconf 82' lang='lat' dir='ltr'><strong>digni</strong></span> <span class='ocrx_word' id='word_1_717' title='bbox 2261 4723 2453 4777; x_wconf 90' lang='lat' dir='ltr'><strong>habiti.</strong></span> <span class='ocrx_word' id='word_1_718' title='bbox 2476 4723 2545 4777; x_wconf 87' lang='lat' dir='ltr'><strong>Pa</strong></span> <span class='ocrx_word' id='word_1_719' title='bbox 2558 4740 2612 4779; x_wconf 91' lang='lat' dir='ltr'><strong>rs</strong></span> <span class='ocrx_word' id='word_1_720' title='bbox 2636 4740 2767 4777; x_wconf 89' lang='lat' dir='ltr'><strong>vero</strong></span> <span class='ocrx_word' id='word_1_721' title='bbox 2794 4740 2988 4779; x_wconf 90' lang='lat' dir='ltr'><strong>rursus</strong></span> <span class='ocrx_word' id='word_1_722' title='bbox 3007 4724 3073 4778; x_wconf 86' lang='lat' dir='ltr'><strong>ad</strong></span> <span class='ocrx_word' id='word_1_723' title='bbox 3098 4724 3236 4781; x_wconf 89' lang='lat' dir='ltr'><strong>duas</strong></span> <span class='ocrx_word' id='word_1_724' title='bbox 3266 4742 3397 4797; x_wconf 81' lang='lat' dir='ltr'><strong>por-</strong></span> 
     </span>
    </p>
   </div>
   <div class='ocr_carea' id='block_1_105' title="bbox 1814 4817 3395 4889">
    <p class='ocr_par' dir='ltr' id='par_1_105' title="bbox 1814 4817 3395 4889">
     <span class='ocr_line' id='line_1_105' title="bbox 1814 4817 3395 4889; baseline 0.004 -20"><span class='ocrx_word' id='word_1_725' title='bbox 1814 4825 1919 4882; x_wconf 90' lang='lat' dir='ltr'><strong>tas,</strong></span> <span class='ocrx_word' id='word_1_726' title='bbox 1958 4819 2021 4871; x_wconf 94' lang='lat' dir='ltr'><strong>ad</strong></span> <span class='ocrx_word' id='word_1_727' title='bbox 2078 4817 2482 4872; x_wconf 84' lang='lat' dir='ltr'><strong>occidentalem</strong></span> <span class='ocrx_word' id='word_1_728' title='bbox 2533 4818 2687 4873; x_wconf 89' lang='lat' dir='ltr'><strong>urbis</strong></span> <span class='ocrx_word' id='word_1_729' title='bbox 2743 4818 2958 4888; x_wconf 87' lang='lat' dir='ltr'><strong>plagam</strong></span> <span class='ocrx_word' id='word_1_730' title='bbox 3011 4820 3395 4889; x_wconf 84' lang='lat' dir='ltr'><strong>respicientes.</strong></span> 
     </span>
    </p>
   </div>
   <div class='ocr_carea' id='block_1_106' title="bbox 1814 4910 3396 4981">
    <p class='ocr_par' dir='ltr' id='par_1_106' title="bbox 1814 4910 3396 4981">
     <span class='ocr_line' id='line_1_106' title="bbox 1814 4910 3396 4981; baseline 0.003 -18"><span class='ocrx_word' id='word_1_731' title='bbox 1814 4911 2216 4971; x_wconf 80' lang='lat' dir='ltr'><strong>conﬂuxerant,</strong></span> <span class='ocrx_word' id='word_1_732' title='bbox 2249 4910 2302 4961; x_wconf 89' lang='lat' dir='ltr'><strong>in</strong></span> <span class='ocrx_word' id='word_1_733' title='bbox 2334 4910 2439 4962; x_wconf 88' lang='lat' dir='ltr'><strong>huc</strong></span> <span class='ocrx_word' id='word_1_734' title='bbox 2481 4927 2651 4964; x_wconf 89' lang='lat' dir='ltr'><strong>unum</strong></span> <span class='ocrx_word' id='word_1_735' title='bbox 2686 4912 2903 4967; x_wconf 89' lang='lat' dir='ltr'><strong>cunctis</strong></span> <span class='ocrx_word' id='word_1_736' title='bbox 2955 4927 3175 4981; x_wconf 88' lang='lat' dir='ltr'><strong>operam</strong></span> <span class='ocrx_word' id='word_1_737' title='bbox 3208 4914 3396 4967; x_wconf 82' lang='lat' dir='ltr'><strong>confe-</strong></span> 
     </span>
    </p>
   </div>
   <div class='ocr_carea' id='block_1_107' title="bbox 1816 4999 3398 5071">
    <p class='ocr_par' dir='ltr' id='par_1_107' title="bbox 1816 4999 3398 5071">
     <span class='ocr_line' id='line_1_107' title="bbox 1816 4999 3398 5071; baseline 0.004 -20"><span class='ocrx_word' id='word_1_738' title='bbox 1816 4999 2085 5064; x_wconf 89' lang='lat' dir='ltr'><strong>rentibus,</strong></span> <span class='ocrx_word' id='word_1_739' title='bbox 2125 5008 2182 5051; x_wconf 94' lang='lat' dir='ltr'><strong>ut</strong></span> <span class='ocrx_word' id='word_1_740' title='bbox 2208 4999 2373 5067; x_wconf 79' lang='lat' dir='ltr'><strong>gladii</strong></span> <span class='ocrx_word' id='word_1_741' title='bbox 2418 5002 2582 5055; x_wconf 89' lang='lat' dir='ltr'><strong>ictum</strong></span> <span class='ocrx_word' id='word_1_742' title='bbox 2617 5002 2939 5071; x_wconf 75' lang='lat' dir='ltr'><strong>effugerent.</strong></span> <span class='ocrx_word' id='word_1_743' title='bbox 2985 5002 3091 5057; x_wconf 91' lang='lat' dir='ltr'><strong>Sed</strong></span> <span class='ocrx_word' id='word_1_744' title='bbox 3122 5004 3254 5057; x_wconf 93' lang='lat' dir='ltr'><strong>nihil</strong></span> <span class='ocrx_word' id='word_1_745' title='bbox 3310 5004 3398 5059; x_wconf 89' lang='lat' dir='ltr'><strong>his</strong></span> 
     </span>
    </p>
   </div>
   <div class='ocr_carea' id='block_1_108' title="bbox 1815 5090 3395 5164">
    <p class='ocr_par' dir='ltr' id='par_1_108' title="bbox 1815 5090 3395 5164">
     <span class='ocr_line' id='line_1_108' title="bbox 1815 5090 3395 5164; baseline 0.006 -23"><span class='ocrx_word' id='word_1_746' title='bbox 1815 5090 2012 5149; x_wconf 84' lang='lat' dir='ltr'><strong>melius</strong></span> <span class='ocrx_word' id='word_1_747' title='bbox 2056 5092 2224 5146; x_wconf 82' lang='lat' dir='ltr'><strong>cessit</strong></span> <span class='ocrx_word' id='word_1_748' title='bbox 2253 5108 2417 5161; x_wconf 90' lang='lat' dir='ltr'><strong>quam</strong></span> <span class='ocrx_word' id='word_1_749' title='bbox 2451 5094 2595 5154; x_wconf 87' lang='lat' dir='ltr'><strong>aliis,</strong></span> <span class='ocrx_word' id='word_1_750' title='bbox 2647 5108 2771 5147; x_wconf 91' lang='lat' dir='ltr'><strong>cum</strong></span> <span class='ocrx_word' id='word_1_751' title='bbox 2802 5095 2915 5164; x_wconf 90' lang='lat' dir='ltr'><strong>jam</strong></span> <span class='ocrx_word' id='word_1_752' title='bbox 2958 5094 3183 5150; x_wconf 84' lang='lat' dir='ltr'><strong>Barbari</strong></span> <span class='ocrx_word' id='word_1_753' title='bbox 3242 5106 3395 5151; x_wconf 82' lang='lat' dir='ltr'><strong>extra</strong></span> 
     </span>
    </p>
   </div>
   <div class='ocr_carea' id='block_1_109' title="bbox 1815 5181 3399 5254">
    <p class='ocr_par' dir='ltr' id='par_1_109' title="bbox 1815 5181 3399 5254">
     <span class='ocr_line' id='line_1_109' title="bbox 1815 5181 3399 5254; baseline 0.007 -21"><span class='ocrx_word' id='word_1_754' title='bbox 1815 5191 2001 5251; x_wconf 89' lang='lat' dir='ltr'><strong>portas</strong></span> <span class='ocrx_word' id='word_1_755' title='bbox 2036 5181 2361 5247; x_wconf 86' lang='lat' dir='ltr'><strong>insiderent,</strong></span> <span class='ocrx_word' id='word_1_756' title='bbox 2406 5198 2504 5238; x_wconf 90' lang='lat' dir='ltr'><strong>nec</strong></span> <span class='ocrx_word' id='word_1_757' title='bbox 2535 5186 2741 5254; x_wconf 88' lang='lat' dir='ltr'><strong>alioqui</strong></span> <span class='ocrx_word' id='word_1_758' title='bbox 2782 5186 2940 5240; x_wconf 77' lang='lat' dir='ltr'><strong>facile</strong></span> <span class='ocrx_word' id='word_1_759' title='bbox 2987 5186 3067 5242; x_wconf 87' lang='lat' dir='ltr'><strong>eis</strong></span> <span class='ocrx_word' id='word_1_760' title='bbox 3129 5196 3279 5243; x_wconf 86' lang='lat' dir='ltr'><strong>esset</strong></span> <span class='ocrx_word' id='word_1_761' title='bbox 3339 5197 3399 5244; x_wconf 89' lang='lat' dir='ltr'><strong>ut</strong></span> 
     </span>
    </p>
   </div>
   <div class='ocr_carea' id='block_1_110' title="bbox 1817 5272 3397 5346">
    <p class='ocr_par' dir='ltr' id='par_1_110' title="bbox 1817 5272 3397 5346">
     <span class='ocr_line' id='line_1_110' title="bbox 1817 5272 3397 5346; baseline 0.003 -19"><span class='ocrx_word' id='word_1_762' title='bbox 1817 5272 2139 5334; x_wconf 85' lang='lat' dir='ltr'><strong>transirent,</strong></span> <span class='ocrx_word' id='word_1_763' title='bbox 2178 5288 2303 5327; x_wconf 91' lang='lat' dir='ltr'><strong>cum</strong></span> <span class='ocrx_word' id='word_1_764' title='bbox 2334 5274 2469 5326; x_wconf 88' lang='lat' dir='ltr'><strong>alter</strong></span> <span class='ocrx_word' id='word_1_765' title='bbox 2498 5276 2731 5329; x_wconf 88' lang='lat' dir='ltr'><strong>alterum</strong></span> <span class='ocrx_word' id='word_1_766' title='bbox 2758 5276 3028 5346; x_wconf 89' lang='lat' dir='ltr'><strong>pulsando</strong></span> <span class='ocrx_word' id='word_1_767' title='bbox 3053 5278 3397 5346; x_wconf 88' lang='lat' dir='ltr'><strong>comprime-</strong></span> 
     </span>
    </p>
   </div>
   <div class='ocr_carea' id='block_1_111' title="bbox 1816 5366 2691 5435">
    <p class='ocr_par' dir='ltr' id='par_1_111' title="bbox 1816 5366 2691 5435">
     <span class='ocr_line' id='line_1_111' title="bbox 1816 5366 2691 5435; baseline -0.003 -12"><span class='ocrx_word' id='word_1_768' title='bbox 1816 5378 1938 5423; x_wconf 82' lang='lat' dir='ltr'><strong>rent</strong></span> <span class='ocrx_word' id='word_1_769' title='bbox 1968 5366 2284 5435; x_wconf 82' lang='lat' dir='ltr'><strong>exitumque</strong></span> <span class='ocrx_word' id='word_1_770' title='bbox 2321 5368 2691 5420; x_wconf 86' lang='lat' dir='ltr'><strong>obstrucrcnt.</strong></span> 
     </span>
    </p>
   </div>
   <div class='ocr_carea' id='block_1_112' title="bbox 1891 5458 3394 5532">
    <p class='ocr_par' dir='ltr' id='par_1_112' title="bbox 1891 5458 3394 5532">
     <span class='ocr_line' id='line_1_112' title="bbox 1891 5458 3394 5532; baseline 0.002 -20"><span class='ocrx_word' id='word_1_771' title='bbox 1891 5458 1979 5513; x_wconf 77' lang='grc' dir='ltr'><strong>ω,</strong></span> <span class='ocrx_word' id='word_1_772' title='bbox 2015 5458 2295 5525; x_wconf 88' lang='lat' dir='ltr'><strong>Quantum</strong></span> <span class='ocrx_word' id='word_1_773' title='bbox 2322 5458 2467 5513; x_wconf 90' lang='lat' dir='ltr'><strong>enim</strong></span> <span class='ocrx_word' id='word_1_774' title='bbox 2496 5460 2724 5530; x_wconf 80' lang='lat' dir='ltr'><strong>contigit</strong></span> <span class='ocrx_word' id='word_1_775' title='bbox 2748 5462 2951 5516; x_wconf 89' lang='lat' dir='ltr'><strong>malum</strong></span> <span class='ocrx_word' id='word_1_776' title='bbox 2975 5461 3029 5517; x_wconf 90' lang='lat' dir='ltr'><strong>in</strong></span> <span class='ocrx_word' id='word_1_777' title='bbox 3054 5474 3209 5531; x_wconf 89' lang='lat' dir='ltr'><strong>porta</strong></span> <span class='ocrx_word' id='word_1_778' title='bbox 3232 5475 3394 5532; x_wconf 89' lang='lat' dir='ltr'><strong>quam</strong></span> 
     </span>
    </p>
   </div>
   <div class='ocr_carea' id='block_1_113' title="bbox 1411 5741 2103 5799">
    <p class='ocr_par' dir='ltr' id='par_1_113' title="bbox 1411 5741 2103 5799">
     <span class='ocr_line' id='line_1_113' title="bbox 1411 5741 2103 5799; baseline 0.006 -4"><span class='ocrx_word' id='word_1_779' title='bbox 1411 5741 1646 5797; x_wconf 68' lang='lat' dir='ltr'><strong>VARIAS</strong></span> <span class='ocrx_word' id='word_1_780' title='bbox 1690 5742 2103 5799; x_wconf 73' lang='lat' dir='ltr'><strong>LECTIONES.</strong></span> 
     </span>
    </p>
   </div>
   <div class='ocr_carea' id='block_1_114' title="bbox 187 5835 1718 5900">
    <p class='ocr_par' dir='ltr' id='par_1_114' title="bbox 187 5835 1718 5900">
     <span class='ocr_line' id='line_1_114' title="bbox 187 5835 1718 5900; baseline 0.001 -9"><span class='ocrx_word' id='word_1_781' title='bbox 187 5838 213 5873; x_wconf 72' lang='grc' dir='ltr'><strong>ε</strong></span> <span class='ocrx_word' id='word_1_782' title='bbox 259 5837 608 5896; x_wconf 76' lang='grc' dir='ltr'>ἀνεπίσκοπα</span> <span class='ocrx_word' id='word_1_783' title='bbox 649 5838 715 5892; x_wconf 89' lang='grc' dir='ltr'><strong>Α.</strong></span> <span class='ocrx_word' id='word_1_784' title='bbox 794 5838 813 5869; x_wconf 81' lang='grc'>⁸</span> <span class='ocrx_word' id='word_1_785' title='bbox 836 5837 1054 5900; x_wconf 75' lang='grc' dir='ltr'>δούλους</span> <span class='ocrx_word' id='word_1_786' title='bbox 1104 5852 1214 5891; x_wconf 90' lang='lat' dir='ltr'><strong>om.</strong></span> <span class='ocrx_word' id='word_1_787' title='bbox 1249 5835 1306 5892; x_wconf 82' lang='lat' dir='ltr'><strong>P.</strong></span> <span class='ocrx_word' id='word_1_788' title='bbox 1385 5838 1406 5869; x_wconf 77' lang='grc'><strong>⁸</strong></span> <span class='ocrx_word' id='word_1_789' title='bbox 1436 5838 1489 5891; x_wconf 71' lang='grc' dir='ltr'>δὲ</span> <span class='ocrx_word' id='word_1_790' title='bbox 1518 5854 1631 5895; x_wconf 89' lang='lat' dir='ltr'><strong>om.</strong></span> <span class='ocrx_word' id='word_1_791' title='bbox 1659 5837 1718 5893; x_wconf 85' lang='lat' dir='ltr'><strong>P.</strong></span> 
     </span>
    </p>
   </div>
   <div class='ocr_carea' id='block_1_115' title="bbox 1804 5839 2435 5899">
    <p class='ocr_par' dir='ltr' id='par_1_115' title="bbox 1804 5839 2435 5899">
     <span class='ocr_line' id='line_1_115' title="bbox 1804 5839 2435 5899; baseline 0 -8"><span class='ocrx_word' id='word_1_792' title='bbox 1804 5842 1823 5871; x_wconf 86' lang='grc'><strong><em>⁸</em></strong></span> <span class='ocrx_word' id='word_1_793' title='bbox 1848 5840 2175 5899; x_wconf 73' lang='grc' dir='ltr'>ύπερανέγει</span> <span class='ocrx_word' id='word_1_794' title='bbox 2204 5839 2435 5893; x_wconf 75' lang='lat' dir='ltr'><strong>Cmnhef</strong></span> 
     </span>
    </p>
   </div>
  </div>
