4154 6450
773 380 882 446 383

1993 368 2331 432 JOANNES
2369 368 2624 430 CAMEN
2637 371 2810 429 IATA

3953 364 4053 426 584

765 501 1001 552 Auream
1052 489 1293 547 vocant?
1336 485 1638 559 quomodo.
1703 485 1795 556 qui
1855 499 1922 539 eo
1967 484 2352 539 conﬂuxerant

2472 484 2680 554 Κρυσῆν
2709 485 2730 516 ⁶
2761 482 2967 553 πύληνί
3003 482 3121 546 πῶς
3146 478 3471 553 παρανοῖξιι
3518 479 3722 548 ταύτην
3765 479 4056 550 βουληθέν-

769 589 973 661 (omnis
1008 588 1103 641 illa
1149 585 1333 656 populi
1366 582 1517 651 pars)
1552 596 1675 636 cum
1709 577 2112 659 aliquantulum
2135 575 2354 647 aperire

2472 592 2552 639 τες
2589 579 2807 647 μικρὸν,
2836 578 2950 630 ὅσοι
2976 573 3070 628 τοῦ
3102 575 3276 645 δήμου
3320 574 3399 644 τῷ
3426 575 3578 643 τόπῳ
3603 573 3990 645 συνερρύησαν
4014 576 4054 639 ’,

766 680 1095 741 voluissent,
1125 683 1326 731 conatu
1358 673 1612 730 frustrati
1651 670 1816 727 sunt?
1852 670 1942 724 vix
1971 669 2119 726 enim
2166 668 2357 722 valvas

2472 669 2764 739 Βιήμαρτον
2828 668 2929 737 τῆς
2988 667 3425 739 ἐπιχειρήσεωςῒ
3464 667 3642 720 Μόνον
3671 666 3782 736 γὰρ
3839 667 3927 720 δτι
3958 668 4053 730 τὰς

767 773 1030 825 diducere
1070 778 1374 837 coeperant,
1400 783 1524 822 cum
1558 764 1807 821 conferta
1860 765 1949 817 hic
2004 761 2357 817 multitudine

770 872 935 930 atque
982 848 1201 927 agmine
1237 860 1290 911 in
1323 873 1381 911 se
1421 870 1617 910 rursus
1654 856 1805 909 coire
1839 853 2096 922 nectique
2128 866 2359 919 campu-

770 956 970 1009 lerunt.
1016 950 1167 1016 Quos
1200 950 1271 1002 ita
1312 949 1653 1019 constipatos
1685 964 1810 1002 cum
1850 947 2039 1001 hostes
2090 943 2360 999 offendis-

770 1053 919 1109 sent,
954 1059 1061 1098 non
1085 1044 1197 1111 jam
1225 1042 1429 1096 viritim
1461 1042 1691 1098 ensibus
1714 1038 2140 1103 obtruncabant,
2174 1037 2269 1092 sed
2298 1046 2360 1092 ut
2396 1062 2399 1065 ·

775 1134 899 1186 illos
934 1133 1077 1185 inter
1107 1144 1166 1183 se
1220 1144 1591 1198 compressos.
1642 1130 1892 1196 aliosque
1933 1128 2057 1183 aliis
2086 1128 2359 1185 haerentes

780 1222 953 1275 averti
988 1235 1097 1273 non
1128 1204 1288 1289 poSse
1345 1230 1775 1289 conspexerunt,
1814 1223 1867 1275 in
1921 1221 2117 1275 faciem
2166 1220 2362 1292 gladiis

780 1314 1083 1375 caedebant,
1114 1312 1252 1365 adeo
1278 1319 1333 1361 ut
1355 1320 1477 1378 post
1496 1311 1664 1364 ictum
1686 1313 1954 1381 cujusque
1983 1312 2166 1367 diviso
2183 1316 2363 1383 capite

774 1409 907 1463 hinc
942 1407 1069 1459 inde
1111 1413 1296 1474 partes
1331 1404 1636 1458 dissilirent
1663 1413 1715 1457 et
1747 1405 1811 1459 ad
1857 1406 2060 1461 similia
2098 1407 2362 1475 utrinque

781 1506 1028 1560 membra
1060 1504 1437 1560 conciderent.
1460 1509 1535 1559 Ac
1565 1522 1743 1574 neque
1777 1515 1903 1574 post
1931 1516 2159 1573 mortem
2197 1507 2364 1561 humo

778 1598 1206 1663 mandabantur,
1244 1601 1338 1654 sed
1380 1615 1503 1653 eum
1558 1599 1785 1667 reliquis
1836 1600 2013 1655 adhuc
2041 1601 2367 1669 corporibus

774 1691 890 1760 pari
915 1704 1111 1746 acervo
1143 1692 1495 1760 tenebantur,
1524 1689 1704 1744 donec
1736 1691 1995 1745 omnibus
2045 1692 2363 1757 trucidatis,

775 1795 841 1835 ac
875 1782 1024 1835 velut
1053 1780 1334 1843 fulciente,
1362 1781 1608 1834 omnium
1647 1781 1860 1836 scilicet
1894 1781 2182 1839 eliminata
2229 1784 2361 1852 vita,

776 1876 856 1931 uti
900 1883 1078 1928 morte
1112 1875 1193 1927 sic
1220 1881 1275 1927 et
1301 1888 1501 1929 cruore
1528 1874 1681 1930 socio
1706 1874 2102 1945 iungerentur.

848 2055 1009 2129 55.5
1045 2056 1135 2109 tl.
1163 2054 1277 2109 Hoc
1315 2055 1493 2125 ipsum
1525 2070 1660 2110 vero
1688 2063 1740 2108 et
1789 2055 1844 2109 in
1889 2064 2045 2126 porta
2078 2071 2240 2126 quam
2270 2056 2363 2112 Li-

778 2158 937 2203 tazam
983 2157 1179 2202 vocant
1212 2148 1327 2201 ﬁeri
1363 2147 1622 2216 contigit.
1656 2145 1789 2199 Nam
1813 2146 2066 2211 Barbari,
2099 2149 2178 2202 uti
2220 2147 2363 2217 dixi-

775 2255 925 2303 mus,
955 2238 1169 2308 priores
1200 2238 1429 2306 reliquis
1461 2246 1871 2307 occupaverant
1898 2245 2106 2316 portas,
2148 2251 2268 2318 qua:
2297 2238 2363 2290 ad

777 2344 929 2382 mare
954 2328 1181 2382 ducunt.
1204 2326 1335 2392 Quae
1353 2342 1484 2381 vero
1506 2328 1574 2381 ad
1608 2335 1814 2389 ortum,
1846 2342 1949 2381 nos
1991 2328 2093 2397 ipsi
2119 2340 2250 2382 ante
2267 2344 2359 2381 oc-

775 2419 1142 2479 cluseramus,
1197 2418 1253 2470 in
1321 2417 1391 2473 iis
1438 2431 1660 2486 quoque
1718 2425 2033 2485 suspectam
2098 2418 2365 2474 habentes

781 2513 1116 2575 machinam,
1149 2512 1312 2581 cujus
1340 2513 1392 2566 iu
1425 2512 1719 2567 exterioris
1756 2513 1897 2566 muri
1942 2512 2115 2583 portis
2168 2529 2363 2568 noxam

777 2607 1067 2677 labemque
1095 2623 1469 2663 senseramus.
1497 2603 1747 2676 Hincque
1776 2607 1911 2660 adeo
1939 2608 2090 2661 omni
2120 2607 2365 2677 undique

776 2701 1044 2767 prarclusa
1088 2699 1226 2769 fugai
1267 2700 1518 2753 incumbe
1578 2715 1696 2769 spe,
1758 2699 1995 2769 populus
2051 2700 2105 2753 in
2160 2701 2360 2769 plateis

781 2789 961 2839 solum
991 2787 1366 2851 volutabatur,
1405 2787 1570 2856 inque
1600 2788 1793 2841 mortis
1843 2802 2032 2843 casses
2063 2790 2213 2842 omni
2246 2790 2366 2842 loco

778 2878 1118 2931 incursabat.
1174 2877 1267 2931 Vix
1300 2878 1447 2931 enim
1500 2880 1684 2945 pauci,
1718 2878 2006 2947 valdeque,
2043 2889 2103 2931 ut
2132 2895 2233 2949 par
2258 2891 2361 2945 est,

777 2984 1012 3023 numero
1047 2969 1252 3037 exigui,
1308 2969 1361 3023 in
1400 2970 1727 3025 occidentali
1780 2986 1876 3024 ora
1918 2980 2107 3040 portus
2164 2988 2284 3027 sese
2336 2990 2365 3028 e

779 3062 956 3114 muris
997 3061 1350 3129 projicientes
1411 3061 1717 3131 periculum
1751 3071 2070 3116 evaserunt.
2126 3062 2362 3129 Quidam

2460 761 2637 821 πύλας
2652 760 2898 830 ἀλλήλων
2918 760 3233 829 διέστησαν,
3247 760 3345 812 καὶ
3359 758 3439 828 τῷ
3461 758 3575 828 ἰδίῳ
3597 758 3725 826 πιλή
3737 775 3871 827 ματι
3892 757 4060 811 πάλιν

2462 856 2521 907 ἐν
2552 854 2776 914 ἑαυταῖς
2809 852 3136 922 συνδραμεῖν
3165 851 3187 881 ⁸
3220 849 3390 913 αὐτὰς
3414 849 3850 917 κατηνάγκασαν
3870 865 3882 877 ·
3913 849 4055 901 οὕτω

2462 946 2519 999 δὲ
2551 946 2775 1014 ἔχοντας
2796 945 2996 1007 αὐτοὺς
3035 943 3437 1005 καταλαϐόντες
3462 943 3512 993 ot
3555 942 3843 1010 δυσμενεῖς
3870 943 4057 994 οὐκέτι

2463 1035 2586 1090 καθ’
2619 1036 2717 1090 ἕνα
2762 1039 2874 1100 τοῖς
2912 1034 3124 1104 ξίφεσιν
3161 1034 3424 1106 ἀνῄρουν,
3473 1033 3592 1087 ἀλλ’
3618 1035 3693 1095 ὡς
3754 1032 3898 1086 εἶδον
3930 1050 4053 1085 συν.

2463 1133 2831 1199 εσφιγμένους
2864 1127 3113 1197 ἀλλήλων
3138 1144 3197 1179 τε
3257 1127 3553 1195 ἐχομένους
3586 1127 3678 1179 καὶ
3708 1127 4055 1196 ἐκτραπῆναι

2468 1223 2542 1292 μὴ
2582 1222 2938 1290 δυναμένους,
2991 1220 3136 1273 κατὰ
3176 1218 3382 1289 κόρρης
3439 1220 3638 1281 αὐτοὺς
3672 1222 3787 1280 τοῖς
3844 1217 4055 1285 ξίφεσιν

2465 1313 2676 1375 ἔπαιον,
2704 1311 2779 1373 ὡς
2805 1312 2945 1382 μετά
2967 1310 3066 1379 τὴν
3091 1310 3306 1379 πληγὴν
3328 1309 3657 1379 διαιρεῖσθαι
3684 1308 3781 1361 τοῦ
3809 1326 4053 1379 προστυ-

2464 1406 2652 1476 χόντος
2677 1406 2777 1477 τὴν
2811 1402 3079 1472 κεφαλὴν,
3139 1402 3237 1454 καὶ
3267 1404 3377 1463 τοῖς
3407 1402 3617 1471 ὁμοίοις
3664 1401 3794 1472 τῇδε
3831 1403 4053 1453 κάκεῖσε

2465 1496 2536 1550 τὰ
2565 1497 2703 1566 μέρη
2739 1495 3100 1565 συμπίπτειν,
3138 1495 3233 1546 καὶ
3264 1493 3400 1563 μηδὲ
3450 1493 3589 1563 μετὰ
3621 1492 3855 1546 θάνατον
3884 1494 3952 1561 τῇ
3988 1494 4052 1561 γῇ

2464 1589 2727 1649 δίδοσθαι.
2745 1586 2862 1639 ἀλλ’
2882 1586 2963 1640 ἐτι
2988 1583 3466 1656 παρακρατεῖσθαι
3491 1588 3603 1648 τοῖς
3632 1586 3844 1645 λοιποῖς
3869 1583 4053 1651 σώμα-

2469 1696 2574 1744 σιν,
2604 1678 2711 1740 ἕως
2742 1682 2961 1735 πάντων
3006 1677 3429 1747 ἀναιρεθέντων,
3462 1679 3556 1729 καὶ
3581 1677 3773 1746 ὥσπερ
3804 1676 3901 1728 τοῦ
3926 1676 4053 1727 ὐπο-

2471 1772 2843 1842 στηρίζυντος,
2912 1771 3014 1840 τῆς
3052 1771 3313 1824 ἁπάντων
3365 1769 3512 1837 λέγω
3562 1769 3704 1837 ζωῆς
3738 1769 4050 1839 διαδρὰσης,

2471 1865 2704 1935 αἵματος
2736 1864 2985 1935 ἀλλήλων
3024 1863 3279 1932 καθάπερ
3310 1863 3405 1919 καὶ
3449 1865 3546 1933 τῆς
3579 1860 3841 1931 τελευτῆς
3869 1878 4053 1913 κοινωο

2470 1956 2739 2026 νήσαντα.

2540 2046 2652 2119 μα’.
2679 2047 2753 2100 Τδ
2784 2046 2829 2100 δ’
2861 2046 2995 2099 αὐτὸ
3023 2044 3180 2099 τοῦτο
3215 2045 3310 2098 καὶ
3339 2044 3467 2116 περὶ.
3501 2045 3604 2114 τὴν
3634 2044 3803 2112 ἄλλην
3863 2058 4052 2111 πυΑην.

2466 2141 2533 2210 ἢν
2561 2138 2787 2194 καλοῦσι
2816 2139 3067 2202 Λιταίαν,
3104 2136 3419 2207 πραχθῆναι
3454 2135 3676 2204 συνέὸη.
3719 2135 3925 2199 Καθὼς
3956 2137 4054 2203 γὰρ

2465 2234 2701 2304 ἔφαμεν,
2725 2233 2834 2285 τῶν
2854 2231 3030 2288 ἄλλων
3051 2231 3150 2295 τᾲς
3180 2229 3279 2301 μὲν
3304 2229 3444 2298 πρὸς
3473 2229 3755 2283 θάλασσαν
3776 2230 3797 2266 ⁸
3828 2227 4054 2292 ἐξαγού-

2468 2344 2567 2389 σας
2588 2326 2747 2380 αὐτοὶ
2768 2312 3209 2397 προκατεῖχονοὶ
3230 2325 3274 2361 ¹¹⁵
3304 2322 3600 2397 Βάρὸαροι,
3630 2321 3727 2384 τὰς
3757 2322 3815 2374 δέ
3841 2338 3905 2389 γε
3931 2322 4056 2390 πρὸς

2466 2419 2734 2491 ἀνατολὴν
2787 2416 3082 2491 ἀφορὼσας
3118 2418 3280 2487 ἡμεῖς
3317 2414 3861 2487 προαποκλείσαντες
3892 2409 4053 2483 ἦμεν,

2465 2513 2567 2584 τὴν
2601 2511 2696 2565 τοῦ
2722 2512 2895 2583 πυρὸς
2928 2510 3204 2581 μηχανὴν,
3244 2509 3312 2580 ῆν
3346 2508 3488 2561 κατὰ
3513 2507 3623 2560 τῶν
3668 2506 3774 2572 ἔξω
3800 2505 3899 2558 τοῦ
3926 2522 4056 2576 προ-

2466 2606 2823 2676 τειχίσματος
2875 2604 3062 2657 πυλῶν
3113 2600 3599 2672 προπεπόνθαμεν,
3633 2603 3727 2652 καὶ
3778 2601 3837 2652 ἐν
3871 2600 4056 2659 αὐτοῖς

2468 2697 2839 2770 ὑφορώμενοι,
2874 2695 2949 2759 ὼς
2977 2694 3167 2747 λοιπὸν
3189 2696 3255 2747 ἐκ
3289 2691 3497 2746 τούτων
3522 2691 3870 2760 πανταχόθεν
3924 2691 4057 2743 ἁπο-

2471 2792 2670 2863 ροῦντα
2696 2792 2788 2844 τὸν
2834 2789 3007 2859 δῆμον
3036 2787 3174 2858 πρὸς
3194 2786 3295 2856 τὴν
3322 2784 3502 2854 φυγὴν
3530 2785 3661 2854 περὶ
3707 2784 3809 2845 τὰς
3864 2782 4056 2850 ἀγυιὰς

2473 2886 2634 2955 μόνον
2662 2883 2923 2936 είλεῖσθαι
2948 2887 3041 2934 καί
3097 2876 3416 2948 ἅπανταχοῦ
3451 2877 3491 2908 ¹¹
3523 2876 3602 2945 τῷ
3640 2876 3864 2945 θανάτῳ
3889 2890 4057 2944 προσο

2469 2977 2707 3030 πίπτειν.
2737 2975 2931 3045 Σχεδὸν
2971 2976 3080 3043 γὰρ
3118 2971 3309 3039 ὀλίγοι,
3349 2970 3444 3024 καὶ
3473 2968 3616 3030 λίαν,
3658 2968 3735 3030 ὡς
3777 2968 3949 3029 εἰκὸς,
3980 2968 4059 3018 εὐ-

2473 3069 2750 3141 ρίθμητοι,
2780 3067 2919 3119 κατὰ
2941 3067 3000 3118 τὸ
3024 3065 3244 3119 δυτικὺν
3273 3064 3438 3135 μέρος
3463 3062 3557 3115 τοῦ
3598 3061 3817 3131 λιμένος
3842 3063 4061 3120 ἑαυτοὺς

778 3154 942 3206 etiam
976 3154 1066 3206 alii
1104 3169 1133 3207 e
1156 3162 1313 3222 porta
1334 3168 1454 3221 qua!
1478 3154 1544 3206 ad
1571 3154 1872 3223 acropolim
1902 3156 2104 3224 (arcem
2133 3156 2365 3225 scilicet)

2473 3161 2582 3214 τῶν
2629 3159 2827 3229 τειχῶν
2872 3156 3381 3211 ἀκοντίσαντεςττὸν
3431 3154 3675 3207 κίνδυνον
3700 3153 4057 3219 ὑπεξέςυγον-

778 3256 885 3309 eSt,
912 3261 1032 3299 sese
1066 3247 1204 3298 clam
1235 3246 1629 3308 subducentcs,
1663 3262 1787 3299 cum
1827 3246 2057 3301 necdum
2082 3248 2363 3302 calamitas

783 3336 1128 3404 appetiisset,
1200 3336 1363 3389 saluti
1424 3339 1846 3390 consuluerunt.
1915 3339 1978 3391 Et
2026 3339 2079 3392 lii
2142 3339 2366 3393 fuerunt

782 3425 1174 3481 Sclaveuorum
1229 3428 1419 3492 duces,
1456 3429 1705 3483 meditati
1744 3428 1922 3498 fugant
1976 3432 2150 3484 ntulto
2217 3443 2363 3497 ante,

781 3529 945 3599 atque
982 3528 1264 3589 portarum
1297 3520 1509 3573 illarum
1554 3523 1736 3575 claves
1763 3538 1881 3576 eam
1912 3525 1965 3576 in
2009 3540 2122 3577 rem
2153 3528 2362 3593 pridem

780 3612 1057 3667 sullurati.
1097 3611 1249 3677 Quos
1277 3612 1529 3680 decebat,
1556 3614 1680 3666 ntali
1726 3615 1867 3668 male
1898 3616 2165 3685 inspecta,
2188 3618 2365 3671 cuivis

780 3706 988 3758 exitum
1022 3705 1340 3773 permittere
1368 3721 1381 3756 :
1411 3707 1490 3758 sic
1517 3720 1754 3773 namque
1778 3707 1931 3759 multi
1952 3708 2026 3760 ibi
2056 3709 2363 3770 constituti,

782 3803 1077 3864 antequam
1090 3796 1154 3849 ad
1166 3796 1738 3859 ventassentBarbari,
1755 3798 2364 3855 cmdem'declinassent.

784 3884 851 3939 lli
885 3898 1065 3940 tamen
1124 3888 1259 3941 nihil
1283 3887 1555 3957 ejusmodi
1599 3887 1653 3940 in
1687 3888 1930 3942 animum
1970 3889 2164 3943 saltem
2204 3891 2367 3944 indu-

783 3991 913 4030 cere
943 3978 1330 4031 sustinuerunt
1366 3996 1379 4032 :
1415 3978 1509 4031 sed
1544 3978 1662 4031 suis
1697 3993 1915 4048 semper
1950 3980 2115 4034 rebus
2149 3984 2366 4052 prospi-

781 4066 1017 4130 cientes,
1045 4067 1381 4137 attentisqne
1412 4068 1579 4121 animi
1607 4068 1917 4122 rationibus
1940 4071 2219 4138 quomodo
2239 4070 2369 4125 hinc

782 4172 1010 4229 quoque
1028 4161 1337 4229 periculum
1364 4177 1392 4213 a
1415 4178 1475 4217 se
1496 4148 1854 4233 depellerent,
1886 4167 2058 4234 portis
2081 4165 2365 4236 paululum

785 4250 1098 4319 subapertis
1131 4267 1300 4321 seque
1331 4263 1584 4323 prompte
1632 4254 2005 4309 subducentes
2057 4263 2223 4325 atque
2281 4254 2367 4310 di-

785 4339 947 4411 lapsi.
982 4356 1093 4395 uno
1117 4343 1355 4412 quodam
1381 4345 1455 4397 ibi
1488 4346 1706 4407 relicto.
1740 4345 1905 4429 546
1927 4347 2019 4416 qui
2076 4355 2130 4401 et
2169 4361 2369 4401 rursus

782 4430 1190 4501 egressis‘illis
1242 4443 1428 4502 portas
1486 4435 1789 4500 clauderet,
1839 4437 1894 4490 in
1957 4451 2083 4490 eum
2145 4435 2367 4490 modum

2477 3252 2570 3304 καί
2593 3267 2737 3310 τινες
2762 3249 2911 3302 ἄλλοι
2943 3249 3042 3317 τῆς
3075 3246 3160 3318 [Ρ.
3184 3243 3311 3317 559]
3342 3244 3485 3297 κατὰ
3505 3243 3605 3312 τὴν
3631 3243 3936 3313 ἀκρόπολιν
3964 3242 4060 3294 πό-

2474 3343 2573 3413 λης
2602 3341 2778 3413 λάθρα
2839 3338 3285 3408 ὑπεκδραμόντες
3340 3337 3448 3407 πρὸ
3484 3335 3580 3389 τοῦ
3631 3336 3731 3403 τὴν
3779 3336 4061 3404 συμφορὰν

2478 3435 2776 3517 ὑφεστάναι
2796 3431 3125 3485 διεσώσαντο
3146 3431 3246 3501 τὴν
3277 3430 3444 3500 ζωήν.
3464 3423 3624 3482 Οὗτοι
3648 3428 3706 3480 δέ
3723 3417 3869 3497 ἦσαν
3891 3430 3939 3479 οἱ
3962 3428 4061 3479 τῶν

2476 3527 2808 3598 Σκλαϐήνων
2830 3524 3146 3596 ἡγούμενοι,
3169 3523 3339 3591 πάλαι
3369 3522 3893 3592 προμελετήσαντες
3916 3520 4062 3573 τοῦτο

2479 3620 2572 3670 καὶ
2605 3616 2704 3679 τὰς
2737 3616 2955 3676 κλεῖδας
2998 3614 3108 3667 τῶν
3141 3612 3327 3666 πυλῶν
3357 3612 3581 3665 ἐκείνων
3604 3613 4059 3682 προῦφελόμενοι.

2478 3708 2586 3772 Οὓς
2607 3709 2702 3761 καὶ
2725 3708 2893 3777 ἐχρῆν
2917 3708 2979 3771 ⁸³,
3010 3708 3102 3759 καὶ
3128 3706 3316 3774 ἀκμὴν
3344 3703 3441 3757 τοῦ
3464 3704 3638 3757 κακοῦ
3664 3706 4059 3773 θεασαμένους,

2478 3797 2645 3849 παντὶ
2689 3797 2768 3867 τῷ
2816 3794 3179 3866 προστυχόντι
3236 3793 3638 3865 παραχωρῆσαι
3691 3793 3794 3860 τὴν
3855 3794 4059 3858 ἔξοδον·

2477 3890 2621 3944 οὕτω
2652 3890 2762 3962 γὰρ
2817 3889 3005 3942 πολλοὶ
3036 3888 3146 3940 τῶν
3178 3888 3224 3919 ¹³
3258 3887 3449 3940 αὐτόθι
3496 3886 3797 3956 λαχόντων,
3834 3888 3946 3956 πρὸ
3974 3885 4061 3938 τοῦ

2478 3985 2605 4046 τοὺς
2635 3981 2950 4053 βαρϐάρους
2975 3979 3223 4033 ἐπελθεῖν
3248 3981 3313 4043 ⁸⁵,
3339 3979 3432 4033 τὸν
3452 3978 3683 4032 θάνατον
3708 3978 4061 4045 ὑπεξέκλιναν

2479 4076 2566 4130 ἄν.
2601 4076 2665 4128 Ol
2718 4074 2775 4127 δέ
2832 4072 3077 4127 τοιοῦτον
3134 4072 3233 4144 μὲν
3262 4072 3416 4127 οὐδὶν
3470 4072 3591 4126 οὐδὲ
3619 4072 3701 4136 είς
3730 4072 3862 4126 νοῦν
3885 4074 4061 4127 λασεῖν

2478 4168 2791 4238 ἠνέσχοντοο
2815 4166 2902 4220 ἀεὶ
2927 4166 2985 4220 δὲ
3010 4166 3071 4219 τὸ
3099 4165 3313 4219 οἰκεῖον
3329 4164 3770 4238 προσορὼμενοι,
3796 4168 3896 4219 καὶ
3924 4168 4061 4224 ὅπως

2478 4264 2570 4315 τὸν
2593 4262 2840 4315 κίνδυνον
2856 4258 3276 4330 διακρούσονται
3301 4260 3407 4313 κάν
3425 4258 3602 4329 τούτῳ
3617 4259 4059 4331 διασκεψάμενοι,

2478 4355 2578 4419 τὰς
2600 4354 2779 4418 πύλας
2807 4354 3002 4425 μικρὸν
3027 4352 3458 4424 παρανοίξαντες
3482 4354 3579 4407 καὶ
3596 4352 3697 4425 τὴν
3716 4354 4061 4426 ὑπεκδρομὴν

2478 4449 2665 4520 τομῶς
2691 4450 3078 4520 ποιησάμενοι,
3101 4447 3200 4500 Eva
3226 4446 3352 4500 τινὰ
3381 4446 3459 4517 τῷ
3484 4448 3635 4519 τόπῳ
3670 4437 4061 4511 καταλιπόντες

779 4525 1031 4579 omnium
1065 4526 1231 4580 saluti
1269 4526 1511 4581 insidiati
1540 4536 1690 4593 sunt,
1727 4539 1855 4583 tunc
1886 4545 2107 4600 quoque
2148 4527 2201 4581 id
2240 4526 2365 4583 dolo

2482 4540 2618 4614 πρὸς
2643 4543 2704 4594 τὸ
2731 4542 2871 4612 μετὰ
2897 4542 2999 4612 τὴν
3037 4540 3265 4595 ἐκείνων
3306 4539 3487 4606 ἔξοδον
3534 4541 3629 4594 καὶ⁸
3658 4540 3819 4604 αὖθις
3867 4543 4058 4605 ταύτας

782 4619 1105 4679 commenti,
1133 4635 1244 4674 non
1276 4636 1336 4677 se
1360 4620 1544 4689 fugam
1577 4622 1737 4687 inire,
1766 4624 1859 4677 sed
1888 4625 2070 4693 potius
2095 4621 2161 4675 ad
2186 4624 2369 4678 socios

785 4710 1158 4782 Str-ymonitas
1208 4714 1594 4783 suscipiendus
1653 4718 1750 4787 (ita
1823 4719 2085 4771 nimlrum
2139 4716 2370 4785 jubente

784 4804 1040 4874 praetore)
1071 4806 1245 4859 exire.

856 5083 947 5137 42.
978 5083 1089 5140 Nee
1112 5086 1346 5147 multum
1377 5090 1640 5159 temporis
1666 5091 2081 5154 intercesserat,
2106 5107 2230 5147 cum
2251 5091 2375 5145 Bar-

787 5177 940 5233 baris
966 5180 1177 5235 strictis
1209 5179 1406 5249 gladiis
1454 5181 1508 5234 in
1542 5191 1730 5251 portas
1782 5183 2174 5253 ingruentibus
2209 5200 2371 5239 nemo

789 5268 933 5322 ultra
962 5276 1089 5323 tuto
1118 5274 1199 5323 vel
1238 5270 1435 5325 saltem
1465 5271 1613 5325 l'oras
1638 5273 1955 5343 prospicere
1983 5283 2215 5342 poterat,
2254 5284 2373 5326 tau-

789 5369 905 5414 tum
956 5361 1113 5423 abest
1146 5372 1205 5416 ut
1235 5364 1538 5433 periculum
1577 5376 1764 5433 posset
1796 5365 1987 5421 vitare.
2024 5363 2158 5418 Nam
2192 5374 2247 5420 et
2273 5382 2375 5433 ego

791 5456 908 5524 ipso
930 5470 1055 5510 cum
1086 5466 1248 5527 patre
1275 5467 1330 5512 et
1351 5456 1641 5522 fratribus,
1676 5473 1817 5528 quos
1846 5459 1988 5515 duos
2015 5469 2170 5514 aetate
2189 5460 2376 5528 junio-

2481 4626 2828 4705 συγκλεῖσαι,
2852 4633 2997 4687 οὕτω
3017 4634 3115 4703 τῆς
3143 4632 3367 4704 πάντων
3391 4631 3865 4688 ἑπεΰουλεύσαντο
3894 4652 4061 4706 σωτη-

2482 4714 2603 4804 ρίας
2628 4732 2723 4785 καὶ
2755 4731 2901 4797 τότε,
2938 4729 3210 4801 πρόφασίν
3233 4742 3353 4798 τινα
3390 4728 3570 4782 δολίαν
3595 4729 3961 4801 πλασάμενοι,
3992 4731 4059 4791 ὡς

2479 4821 2541 4875 οὗ
2569 4822 2708 4895 πρὸς
2747 4823 2927 4891 φυγὴν
2956 4820 3340 4892 ἐκτρέπονται,
3383 4820 3519 4891 πρὸς
3544 4821 3821 4892 ὑποδοχὴν
3840 4821 3900 4875 δέ
3930 4824 4056 4891 μᾶλ-

2476 4914 2568 4967 λον
2627 4914 2738 4965 τῶν
2787 4911 3169 4983 Στρυμονιτῶν
3228 4911 3556 4983 συμμάχων,
3608 4912 3705 4967 τοῦ
3757 4914 4058 4987 στρατητοῦ

2475 5004 2638 5073 δῆθεν
2675 5003 2836 5057 τοῦτο
2867 5003 3291 5075 προστάξαντος.
3952 4996 3959 5002 ’

2557 5094 2667 5168 μ.βῖ
2709 5098 2787 5150 Οὐ
2814 5096 2951 5165 πολὺ
2979 5097 3037 5150 δέ
3061 5097 3120 5150 ea
3149 5096 3208 5149 ἐν
3240 5096 3415 5167 μέσῳ,
3447 5097 3542 5150 καὶ
3573 5096 3829 5168 ξιφήρεις
3854 5100 3905 5151 oi
3938 5098 4058 5170 βάρ-

2480 5176 2640 5263 δαροι
2672 5192 2793 5253 ταῖς
2818 5189 3017 5259 πύλαις
3045 5178 3376 5259 ἐπέστησαν,
3404 5190 3497 5241 καὶ
3527 5180 3709 5242 οὐκέτι
3749 5186 3974 5259 δυνατδν
3996 5184 4054 5261 ῆν

2480 5285 2599 5336 οὐδὲ
2632 5281 2974 5353 προσϐλέψαι
3009 5283 3171 5352 μόνον
3214 5270 3373 5345 ἐκτὸς
3400 5282 3704 5353 ᾀκινδῦνως
3733 5284 3880 5356 τινὰ,
3912 5272 4053 5353 μήτοι

2482 5392 2545 5442 γε
2575 5374 2669 5427 τὸν
2696 5373 2945 5427 κίνδυνον
2973 5373 3268 5445 ὑπαλύξαι.
3325 5360 3499 5443 Κάγὼ
3528 5374 3637 5446 γὰρ
3666 5375 3833 5438 αὐτὸς
3866 5363 3963 5435 city
3994 5375 4060 5442 τῷ

2482 5467 2655 5534 πατρὶ
2683 5467 2773 5518 καὶ
2808 5468 2921 5529 τοῖς
2943 5466 3194 5536 ἀδελφοῖς
3225 5466 3341 5537 (δύο
3368 5454 3427 5520 δέ
3458 5466 3550 5537 μοί
3587 5468 3733 5520 είσιν
3757 5461 3907 5522 οὗτοι
3937 5468 4055 5523 νεὼ-

2090 5647 2321 5704 VARUE
2364 5645 2775 5704 lECTlONES.

860 5763 885 5795 °
913 5762 1238 5847 χρυσέαν
1354 5765 1725 5847 συιιέρρευσαχ
1766 5765 1827 5821 Λ.

789 5833 833 5867 ta
863 5833 971 5889 τῶν
1014 5850 1126 5890 om,
1156 5834 1216 5897 Ρ.
1282 5840 1324 5869 ³³
1350 5833 1605 5901 ἀπελθεῖν
1634 5835 1740 5895 ΑΡ.

1893 5769 1914 5797 ⁸
1953 5767 2269 5838 συνδρομεῖν
2310 5766 2368 5819 Γ.
2425 5767 2445 5796 ’
2479 5764 2706 5822 θάνατον
2732 5763 2795 5833 Α.
2842 5765 2881 5794 ¹⁰
2913 5765 2959 5821 οἱ
2987 5778 3100 5821 Out.
3129 5763 3187 5833 Ρ,
3224 5764 3301 5819 ιιι
3334 5766 3608 5847 πανταχοῦ
3640 5767 3706 5822 Α.
3744 5766 3971 5853 ¹¹ἐχρῆν
3992 5767 4048 5822 Α.
