4174 6442
163 378 261 440 593

1269 388 1364 450 DE
1408 393 1722 451 EXCIDIO
1758 393 2365 460 ΤιιΕδδΑωΝιωι.

3304 395 3409 459 594

160 493 188 542 ὁ
232 492 369 560 ἐμὸς
416 494 516 547 σὺν
570 495 653 566 [Ρ.
698 498 827 571 557]
880 503 992 563 τοῖς
1027 502 1240 572 ῥηθεῖσι
1292 504 1442 559 δυσὶν
1492 509 1732 575 ἀδελφοῖς

1844 511 2089 565 eamdem
2126 514 2296 582 ipsam
2339 532 2501 578 quam
2541 516 2670 569 mihi
2707 517 3112 585 speponderant
3157 516 3277 569 vitar-
3330 529 3410 568 se-

160 586 277 637 καθ⁹
306 588 465 656 ημᾶς
491 590 799 660 γενόμενοι,
831 594 927 647 καὶ
967 596 1080 657 τοῖς
1126 597 1252 649 ποσὶ
1285 598 1476 651 τούτου
1521 602 1618 662 τὰς
1647 619 1734 653 κε-

158 676 337 743 φαλὰς
377 681 857 750 προσερείσαντες,
895 685 1104 739 ἐδέοντο
1131 687 1230 755 τὴν
1256 689 1426 759 αὐτὴν
1451 693 1573 757 ἐμοὶ
1600 691 1736 750 πλη-

159 767 423 836 ροφορίαν
475 770 659 825 λαϐεῖν
711 773 1085 844 βεϐαιούμενοι
1141 779 1457 849 πληρώσειν
1504 782 1739 852 ἑτοίμως

155 859 256 912 ὅσα
296 860 411 928 ἐγὼ
445 868 834 934 προκατεῖπον.
876 868 1083 922 Θᾶττον
1126 869 1219 925 οὖν
1256 876 1464 935 ἐκεῖνος
1498 875 1675 928 πάντα
1702 875 1738 928 ἃ

154 950 289 1018 παρ’
319 952 478 1020 ἡμῶν
502 954 732 1022 ⁴ΙἸκηκόει
752 958 870 1018 ταῖς
886 956 993 1008 τῶν
1016 957 1190 1012 ἄλλων
1216 960 1503 1028 ἐνθέμενος
1521 963 1733 1023 ἀκοαῖς,

154 1040 244 1090 καὶ
299 1042 478 1112 τούτῳ
526 1045 763 1113 μάλιστα
795 1038 840 1113 ᾧ
891 1047 1010 1100 κατ’
1059 1050 1233 1120 ἀρχάς
1273 1051 1383 1118 ἐγὼ
1417 1053 1736 1123 περιέτυχον

153 1127 370 1185 ἕκαστα
397 1136 677 1201 προειπὼν
701 1138 769 1203 ⁸⁵,
801 1138 960 1206 λόγον
1007 1158 1065 1194 τε
1115 1143 1311 1205 πείσας
1350 1143 1571 1215 ἔνορκον
1602 1148 1735 1215 ἡμῖν

153 1226 676 1292 παρασχεῖν,οῦτως
698 1229 864 1299 μηδὲν
882 1232 1118 1301 παρῄνει
1142 1233 1236 1286 τοῦ
1269 1233 1467 1288 λοιποῦ.
1482 1237 1733 1292 δεδιέναι.

227 1310 336 1380 μθ⁹.
368 1314 763 1387 Συλλαϐόμενοι
793 1320 849 1373 δὲ
882 1324 1038 1392 ⁴ἡμῶν
1066 1325 1161 1376 καὶ
1193 1324 1287 1378 τοῦ
1319 1326 1535 1397 τείχους
1564 1345 1734 1380 κατα-

154 1400 500 1471 ϐιϐάσαντες,
532 1411 611 1472 είς
640 1411 838 1480 μέσους
881 1431 940 1466 τε
986 1415 1171 1468 αὐτῶν
1201 1417 1568 1481 διαλαϐόντες.
1602 1416 1736 1490 ἦγον

152 1494 263 1562 τὴν
288 1497 385 1547 ἐπὶ
421 1497 718 1560 θάλασσαν,
760 1504 944 1559 ἐπάνω
978 1507 1087 1559 τῶν
1123 1511 1392 1577 σωμάτων
1433 1511 1543 1563 τῶν
1566 1513 1665 1583 ήδη
1692 1513 1734 1543 ⁸⁷

154 1587 555 1656 ἀναιρεθέντων
582 1591 910 1660 βαδίζοντες.
943 1597 1057 1665 Τῆς
1077 1594 1171 1651 οὖν
1211 1602 1343 1653 εἵσω
1384 1603 1590 1666 πόλεως
1634 1605 1735 1673 τὴν

154 1681 335 1751 πύλην
368 1684 635 1752 ἐμϐάντες
657 1688 717 1739 οὐ
739 1690 975 1744 κατευθὺ
1002 1692 1100 1761 τὴν
1131 1694 1356 1763 πορείαν
1380 1696 1731 1765 ἐποιούμεθα,

153 1777 294 1829 ἀλλὰ
343 1778 423 1846 τῷ
482 1781 799 1845 ὑπτιάζοντι
859 1783 1016 1853 μέρει
1052 1788 1356 1857 τραπέντες
1402 1788 1496 1841 τοῦ
1552 1791 1731 1842 ἐκεῖσε

1841 603 2128 657 curitatem
2164 607 2424 676 rogabant
2481 608 2750 677 accipere,
2803 609 3026 661 omnino
3078 608 3408 661 aﬂirmantrs

1843 705 1955 748 rata
1990 696 2278 751 habituros
2316 712 2378 751 ac
2421 708 2671 767 prompte
2711 699 3031 768 impleturos
3064 714 3407 768 quaecunque

1840 801 1939 853 ego
1986 787 2315 853 prmlocutus
2344 804 2513 843 eram.
2550 790 2809 844 Actutum
2842 790 3008 859 igitur
3042 790 3153 854 ille,
3188 792 3406 845 cunctis

1840 890 1959 941 quae
1998 891 2061 929 es
2105 877 2264 931 nobis
2294 878 2544 931 audierat
2589 882 2815 937 auribus
2869 882 3087 936 illorum
3116 882 3402 949 depositis.

1840 956 2141 1035 praesertim
2179 984 2307 1024 vero
2360 970 2410 1023 ei
2458 986 2617 1039 quem
2657 989 2684 1025 a
2714 974 2983 1044 principio
3023 975 3140 1044 ipse
3166 974 3407 1028 offende-

1840 1071 1953 1109 ram
1989 1058 2242 1112 omnibus
2292 1075 2387 1128 per
2430 1062 2643 1131 singula
2674 1067 2962 1129 enarratis,
3004 1081 3129 1119 cum
3179 1076 3231 1119 et
3259 1065 3409 1133 jure-

1832 1147 2071 1214 jurando
2104 1151 2372 1218 promissa
2409 1152 2627 1210 ﬁrmare
2661 1157 2944 1217 suasisset,
2986 1159 3115 1212 nihil
3145 1158 3407 1224 deinceps

1839 1240 2029 1293 timere
2056 1239 2400 1296 hortabatur.

1905 1331 1996 1384 49.
2035 1330 2231 1386 Secum
2275 1335 2458 1402 itaque
2491 1346 2835 1390 assumentes
2876 1348 3041 1406 atque
3072 1354 3100 1391 e
3138 1353 3292 1392 muro
3324 1339 3407 1391 rie-

1836 1424 2102 1477 ducentes
2143 1439 2206 1478 ac
2254 1425 2306 1477 in
2358 1427 2539 1479 medio
2564 1427 2646 1478 sui
2681 1429 2897 1495 agmine
2928 1430 3260 1484 collocantes
3288 1446 3407 1483 rer-

1837 1528 1932 1568 sus
1965 1530 2115 1570 mare
2169 1517 2271 1569 iter
2306 1516 2602 1580 habebant,
2646 1533 2810 1586 super
2852 1536 3118 1574 caesorum
3175 1522 3407 1576 cadave-

1836 1606 1989 1661 ribus
2013 1608 2345 1675 gradientes.
2382 1610 2703 1666 lnleriorem
2736 1628 2899 1682 porro
2928 1616 3169 1670 civitatis
3195 1627 3405 1685 portam

1837 1699 2068 1766 ingressi
2107 1716 2212 1754 non
2246 1711 2390 1756 recta
2419 1703 2603 1757 statim
2642 1706 2743 1759 iter
2772 1707 3406 1775 contendimus.sedad

1837 1791 1995 1845 collis
2026 1793 2115 1859 qui
2153 1794 2263 1846 illic
2292 1802 2377 1848 est
2430 1795 2631 1849 clivum
2678 1798 2821 1850 versi
2870 1799 2922 1850 in
2956 1798 3163 1855 declive
3197 1790 3409 1854 fereba-

156 1869 347 1935 βουνοῦ
381 1873 517 1940 πρὸς
546 1873 606 1925 τὸ
632 1876 896 1938 κάταντες
929 1877 1257 1946 ἐφερόμεθα.
1282 1877 1449 1930 Ἔνθα
1472 1881 1563 1933 καί
1588 1899 1730 1945 τινες

1841 1898 1980 1935 ιιτιιι·.
2019 1882 2116 1937 Ubi
2150 1894 2202 1939 et
2253 1886 2391 1940 alios
2418 1887 2686 1954 quosdam
2721 1889 3015 1959 Aithiopes
3047 1892 3408 1948 ascendentes

152 1955 303 2012 ἄλλοι
368 1963 755 2031 κατεφάνησαν
801 1967 1047 2032 ἀνιόντες
1098 1969 1381 2034 Αἰθίοπες,
1434 1972 1529 2025 καὶ
1575 1975 1729 2028 αὐτοὶ

155 2052 431 2120 μαχαίρας
460 2055 781 2123 κατέχοντες
808 2062 928 2119 ταῖς
959 2062 1169 2130 χερσὶν,
1212 2061 1260 2113 οἳ
1294 2064 1386 2114 καὶ
1430 2065 1594 2132 μέσον
1622 2067 1728 2119 τῶν

152 2140 251 2207 ἥδη
308 2146 742 2213 χειρωσαμένων
790 2147 1207 2218 διειλημμένους
1242 2152 1548 2222 ἑωρακότες
1584 2157 1729 2224 ἡμᾶς

152 2234 218 2299 τῇ
251 2238 457 2302 φυσικῇ
496 2236 664 2306 μανία
693 2238 994 2306 πληγέντες
1018 2240 1286 2311 ὥρμησαν
1308 2244 1559 2308 ἀναιδῶς,
1599 2248 1729 2318 πόρο

155 2323 331 2391 ρωθεν
351 2326 693 2396 δεικνύμενοι
713 2330 806 2382 τοῦ
832 2332 1105 2395 κινοῦντος
1134 2333 1305 2404 θυμοῦ
1323 2336 1422 2404 τὴν
1456 2339 1725 2394 ἐπίτασιν.

166 2414 309 2467 Ἀλλ’
341 2417 533 2487 ἐπειδὴ
565 2419 685 2472 καθ’
715 2422 862 2491 ἡμᾶς
895 2425 1179 2489 γεγονότες
1201 2425 1371 2494 ἔγνων
1403 2430 1567 2498 μηδὲν
1596 2435 1735 2502 ἡμῖν.

155 2508 517 2577 ἐπενεχθῆναι
555 2511 724 2565 δεινδν
757 2515 881 2576 τοὺς
920 2515 1023 2585 ήδη
1058 2520 1454 2589 προειληφότας
1491 2525 1726 2578 σπουδά-

154 2598 367 2662 ζοντας.
421 2603 479 2652 ἐν
515 2603 727 2667 ἑαυτοῖς
771 2608 1157 2672 σκεδασθέντες
1191 2609 1238 2642 ⁸⁸
1275 2613 1723 2687 ὑπανεχώρησαν.

154 2687 250 2754 Εἷς
281 2692 335 2745 δέ
370 2711 453 2754 τις
485 2696 667 2749 αὐτῶν
697 2700 1073 2769 ἀναιδέστερος
1097 2703 1204 2757 τῶν
1232 2706 1426 2772 ἄλλων,
1460 2709 1533 2772 ὡς
1562 2713 1735 2777 είκδς,

154 2785 252 2838 καὶ
283 2786 638 2859 θρασύτερος,
663 2791 738 2852 ὡς
769 2794 822 2845 εῖ
847 2811 930 2856 τις
970 2794 1260 2860 ὑλακτικδς
1292 2800 1437 2853 κύων
1470 2805 1729 2874 μεμηνὼς

153 2878 573 2943 κατηκολούθει.
606 2882 696 2934 καί
725 2900 846 2936 τινα
885 2887 1083 2954 πλῆξαι
1121 2892 1186 2959 τῇ
1226 2894 1469 2965 μαχαίρᾳ
1498 2895 1730 2968 δολερῶς

154 2970 518 3026 ἐτεκταίνετο.
552 2975 688 3029 Ἐνα
716 2978 824 3046 γάρ
846 2995 967 3031 τινα
987 2980 1095 3034 τῶν
1122 2984 1348 3038 ἑλόντων
1376 2988 1520 3056 ἡμᾶς
1537 2992 1730 3046 ἑαυτὸν

156 3057 296 3114 εἶναι
332 3068 847 3138 προσποιησάμενος
891 3071 1102 3138 ἔλαθεν,
1130 3075 1229 3127 οὐκ
1258 3072 1353 3129 οἷδ’
1383 3080 1550 3145 ὅπως,
1592 3083 1727 3136 ὑπο-

157 3153 337 3223 σύρων
371 3156 481 3209 τῶν
522 3159 696 3213 ἄλλων
736 3162 855 3231 ἐμὲ,
887 3166 980 3216 καὶ
1012 3166 1208 3236 μικρὸν
1236 3169 1479 3236 ἀποστὰς
1518 3176 1727 3231 ἀνελεῖν

156 3249 455 3320 ἐπεχείρει.
499 3251 798 3321 Ἀνῴμιυξα
827 3254 922 3308 οὖν
952 3257 1113 3320 εὐθύς
1134 3276 1148 3290 ο
1180 3263 1207 3313 ὁ
1240 3260 1295 3314 δὲ
1326 3266 1506 3336 πατὴρ
1544 3268 1573 3319 ὁ
1605 3270 1734 3337 ἐμὸς

156 3343 571 3431 τεταραγμένος
595 3348 926 3416 συστραφεὶς
953 3349 1070 3419 (καὶ
1103 3351 1212 3422 γὰρ
1240 3353 1430 3425 ἔτυχον
1464 3360 1560 3411 σὺν
1590 3361 1735 3431 αύτῷ

158 3430 417 3503 βαδίζων)
446 3435 523 3497 ώς
564 3437 640 3505 τῷ
680 3438 895 3510 θανάτῳ
928 3457 994 3507 με
1025 3446 1355 3513 παρεστῶτα
1398 3452 1609 3505 κατεῖδε
1644 3430 1736 3507 καλ

153 3524 245 3574 τὶν
277 3523 473 3592 δήμιον
517 3525 783 3595 βρύχοντα
829 3530 1090 3598 μέλλοντά
1115 3550 1173 3585 τε
1206 3535 1265 3588 τὸ
1299 3536 1450 3604 ξίφος
1480 3540 1559 3609 τῷ
1604 3559 1737 3613 τρα-

154 3613 305 3681 χήλῳ
338 3630 445 3682 μου
471 3616 719 3684 βάπτειν,
758 3620 1057 3689 κατέχοντα
1106 3624 1215 3676 τῶν
1252 3628 1474 3696 τριχῶν,
1518 3630 1607 3683 τὸν
1633 3633 1731 3702 ήδη

154 3708 607 3776 περισωσάμενον
656 3712 800 3779 ἡμᾶς
851 3713 945 3765 τοῦ
981 3716 1172 3785 πρώην
1220 3720 1465 3774 κινδύνου
1505 3724 1734 3791 ἐγγύθεν

155 3795 381 3865 ὄνταιτῇ
425 3800 571 3867 χειρὶ
599 3800 781 3866 νύξας,
826 3805 918 3855 καὶ
951 3807 1154 3878 σπουδῇ
1186 3810 1245 3861 τὸ
1270 3810 1453 3880 δρᾶμα
1485 3814 1733 3868 καθυπον

154 3884 373 3950 δείξας,
420 3890 479 3939 Τί
516 3889 625 3952 ὅτι,
670 3891 795 3959 ἔφη,
842 3897 937 3947 καὶ
972 3896 1044 3948 δι’
1078 3896 1155 3963 ἣν
1198 3900 1396 3953 αἰτίαν
1440 3903 1546 3955 τοῦ
1589 3904 1735 3973 ἐμοῦ

153 3977 372 4042 παιδὸς
404 3985 900 4050 κατεψηφίσασθε
927 3987 1206 4055 θάνατον,
1244 3990 1362 4043 τῶν
1393 3993 1543 4060 πρὸς
1578 3995 1733 4063 ἡμᾶς

152 4068 574 4137 ἀλογήσαντες
611 4076 1050 4144 ὑποσχέσεων;
1084 4082 1136 4132 εὶ
1182 4076 1296 4135 οὖν
1332 4083 1513 4148 αὐτὸς
1541 4085 1732 4151 θάνοι,

153 4161 281 4214 οὐδ’
326 4163 473 4228 ἡμῖν
514 4169 841 4237 λυσιτελής
878 4170 1051 4225 ἐστιν
1083 4174 1121 4241 ἡ
1150 4172 1283 4240 ζωή.
1331 4175 1492 4229 Ἀλα*
1519 4178 1733 4241 ἐξελοῦ

1837 1973 2245 2040 conspeviums,
2303 1976 2395 2042 qui
2456 1985 2510 2029 et
2553 1977 2652 2044 ipsi
2702 1994 2863 2034 elisos
2920 1983 3173 2036 manibus
3228 1992 3409 2051 gesta-

1839 2073 1975 2113 rem.
2028 2059 2088 2113 ιιι
2141 2076 2377 2130 quoque.
2444 2074 2500 2117 ut
2556 2067 2695 2120 inter
2742 2083 2836 2122 eos
2870 2071 2960 2137 qui
3010 2072 3125 2139 jam
3150 2082 3406 2139 ceperant

1838 2168 1938 2204 nos
2002 2152 2196 2209 adduri
2246 2154 2465 2214 videre,
2535 2160 2772 2211 naturali
2822 2160 2971 2213 rabie
3036 2161 3240 2213 conciti
3309 2162 3407 2214 im-

1839 2243 2103 2308 pudenter
2148 2245 2351 2314 impetu
2405 2247 2707 2313 irruerunt,
2763 2252 2951 2317 procul
2991 2253 3155 2304 etiam
3205 2251 3409 2306 furoris

1839 2335 1943 2387 \im
1981 2336 2201 2389 nimiam
2238 2340 2613 2395 ostendentes.
2648 2341 2943 2411 Postquam
2982 2360 3109 2397 vero
3132 2344 3243 2411 jam
3282 2360 3406 2413 pro-

1840 2442 1902 2493 pe
1936 2425 2063 2479 facti
2096 2443 2190 2483 eos
2219 2430 2311 2498 qui
2363 2446 2464 2485 nos
2513 2443 2639 2487 ante
2671 2444 2947 2502 ceperant,
2985 2452 3050 2489 ne
3084 2436 3213 2506 quid
3246 2438 3404 2491 nobis

1838 2535 1992 2573 noxa:
2028 2520 2348 2588 inferretur,
2386 2524 2545 2595 555
2571 2540 2862 2581 occurrere
2892 2528 3164 2594 viderunt,
3189 2530 3253 2583 ad
3287 2546 3408 2584 sese

1836 2611 1996 2668 divisi
2032 2616 2293 2683 paulatim
2347 2632 2717 2674 recesserunt.
2767 2619 2920 2676 Unus
2972 2637 3099 2676 vero
3129 2623 3405 2691 quispiam

1840 2703 2082 2765 illorum,
2118 2704 2330 2774 majore
2362 2708 2587 2778 reliquis
2622 2709 2981 2778 impudentia,
3008 2721 3066 2765 ut
3096 2713 3407 2771 videbatur.

1839 2796 2199 2865 audaciaque,
2228 2799 2368 2853 baud
2398 2816 2557 2855 secus
2583 2816 2645 2855 ac
2672 2806 2825 2857 canis
2848 2804 3082 2858 latrandi
3110 2806 3404 2873 impotens.

1839 2886 2050 2941 insania
2098 2888 2288 2944 furens
2340 2894 2676 2961 sequebatur
2730 2902 2896 2964 atque
2951 2913 3120 2949 unum
3156 2900 3395 2966 aliquem

1839 2987 2093 3033 nostrum
2112 2981 2296 3050 gladio
2323 2984 2485 3039 ferire
2514 2984 2642 3039 dolo
2665 2986 3009 3042 moliebatur.
3038 2987 3218 3043 Unum
3252 3005 3391 3042 nam-

1837 3087 1942 3139 que
1971 3088 2002 3126 e
2035 3074 2242 3128 nostris
2289 3075 2692 3144 praedatoribus
2733 3093 2855 3133 sese
2891 3080 3183 3141 simulans.
3222 3082 3417 3136 nescio

1835 3180 1943 3232 qua
1977 3166 2191 3220 ratione
2239 3183 2267 3220 a
2325 3169 2552 3238 reliquis
2602 3186 2688 3225 me
2739 3172 2880 3225 clam
2912 3174 3240 3229 subductum
3275 3183 3329 3229 ct
3379 3191 3407 3228 a

1838 3267 1984 3309 curtu
2022 3255 2304 3323 paululum
2363 3258 2683 3327 abjunctum
2726 3262 3036 3318 interﬁcere
3083 3267 3406 3319 conabatur.

1843 3344 1896 3397 In
1940 3359 2048 3412 quo
2077 3344 2258 3399 statim
2302 3347 2583 3416 ingemui..
2612 3351 2774 3405 Pater
2810 3361 2993 3407 autem
3027 3371 3181 3409 meus
3213 3356 3410 3409 obtur-

1838 3434 1997 3491 batus
2032 3444 2198 3506 atque
2234 3439 2538 3495 οοιιὺενειιε
2570 3441 2794 3512 (quippe
2841 3446 2928 3499 cui
2974 3461 3155 3502 carnes
3189 3448 3424 3503 incede--

1840 3528 1986 3591 bam)
2019 3536 2078 3582 ut
2106 3529 2216 3598 jam
2248 3533 2408 3585 morti
2445 3535 2808 3604 prepinquum
2860 3539 3013 3602 vidit,
3063 3539 3411 3595 frementem-

1837 3634 1943 3688 que
1997 3621 2243 3675 lictorem
2306 3635 2371 3675 ac
2418 3623 2470 3675 in
2530 3640 2651 3678 meo
2684 3636 2925 3695 gutture,
2990 3645 3150 3698 quem
3194 3629 3421 3698 capiiii-.

1837 3715 1913 3767 tio
1939 3723 2214 3782 arreptum
2256 3723 2482 3779 teneret,
2537 3718 2775 3786 gladium
2812 3720 3050 3775 condere
3099 3733 3403 3791 parantem,

1838 3818 1960 3858 eum
2005 3806 2095 3874 qui
2141 3812 2266 3858 ante
2302 3820 2329 3857 a
2363 3806 2612 3873 periculo
2669 3808 3035 3873 liberaverat,
3085 3827 3209 3864 cum
3244 3826 3415 3880 prope

1836 3906 2004 3959 esset.
2060 3915 2222 3952 manu
2259 3900 2488 3967 vellens,
2540 3903 2808 3969 anxieque
2843 3920 3063 3957 scenam
3100 3906 3356 3973 aperiens
3391 3923 3404 3959 :

1839 3991 1979 4057 Quid
2015 3991 2067 4044 id
2107 4001 2207 4054 est,
2246 3994 2344 4056 ait,
2383 4004 2432 4047 et
2458 4012 2633 4064 quam
2688 3997 2750 4048 ob
2807 4014 3060 4060 caua-am,
3111 4008 3405 4051 vestrarum

1833 4084 2249 4150 promissionum
2300 4085 2491 4147 obliti,
2544 4088 2720 4155 ﬁlium
2778 4106 2948 4140 meum
3008 4090 3161 4158 quasi
3217 4092 3405 4156 rapitis

1837 4177 2147 4228 damnatum
2187 4188 2353 4231 morte
2397 4181 2683 4232 multatis?
2739 4180 2830 4233 ille
2872 4182 2916 4233 si
2968 4191 3132 4234 morte
3166 4183 3408 4234 sublatus

155 4252 375 4307 τοῦτον
412 4256 518 4309 τοῦ
559 4260 943 4329 κατέχοντος,
992 4264 1051 4317 εἴ
1097 4283 1187 4331 τις
1237 4269 1333 4321 καὶ
1391 4270 1526 4337 περὶ
1567 4271 1732 4338 ἡμῶν

1839 4268 2018 4332 fuerit,
2052 4284 2142 4321 uec
2176 4270 2283 4321 vita
2319 4269 2468 4322 nobis
2501 4272 2789 4340 quidquam
2812 4274 2958 4325 utilis
2985 4275 3107 4326 erit.
3134 4277 3269 4326 Eum
3303 4275 3409 4324 ita-

153 4360 251 4399 σοι
274 4351 555 4415 φροντίς·
578 4354 631 4404 ει
650 4352 720 4405 δὲ
739 4354 847 4422 μὴ,
871 4354 951 4420 τῷ
983 4358 1220 4412 ἐκείνου
1248 4364 1449 4430 λύθρῳ
1474 4364 1732 4420 σπεῖσον

1838 4377 1932 4429 que
1964 4360 2030 4412 ab
2061 4376 2368 4428 oppressere
2389 4360 2579 4424 libera,
2607 4364 2653 4415 si
2686 4363 2939 4431 quidvtibi
2967 4379 3108 4417 cura:
3144 4375 3222 4417 est
3266 4374 3314 4416 et
3344 4364 3407 4418 de

154 4440 251 4491 καὶ
323 4438 504 4508 ἡμᾶς.
560 4443 714 4497 Οὐδὲ
769 4447 879 4515 γὰρ
929 4449 1297 4520 διῃρημένην
1350 4456 1609 4525 φέρομεν
1663 4458 1732 4523 ἐξ

1838 4450 2009 4506 nobis.
2045 4448 2141 4503 Sin
2170 4452 2365 4511 minus,
2394 4468 2484 4504 nos
2509 4454 2885 4521 quoque-illius
2920 4454 3084 4506 libato
3108 4454 3404 4506 cruoribus.
3508 4447 3513 4451 ’

153 4532 448 4596 ἀλλήλων
511 4538 829 4606 ὑπομεῖναι
881 4541 997 4610 τὴν
1040 4546 1349 4613 τελευτήν.
1416 4549 1591 4611 Εὐθὺς
1640 4546 1732 4604 οὖν

1843 4541 1964 4596 Non
2002 4544 2140 4596 enim
2198 4543 2520 4596 sustinemus
2581 4554 2636 4596 ut
2696 4561 2934 4598 seorsum
2990 4562 3126 4599 unus
3186 4548 3251 4597 ab
3297 4547 3405 4597 alio

156 4619 535 4690 θορυϐηθέντα
577 4626 672 4678 ἐπὶ
719 4628 929 4692 τούτοις
979 4630 1313 4703 ἀναδραμεῖν
1354 4634 1439 4707 [Ιδξ
1467 4638 1595 4711 358]
1640 4642 1733 4692 τὸν

154 4714 464 4782 ἄνθρωπον,
500 4717 594 4770 καὶ
627 4719 925 4773 ἐπιστάντα
954 4721 1032 4793 τῷ
1054 4724 1206 4790 τόπῳ
1229 4726 1329 4796 τὴν
1352 4727 1533 4794 δεξιὰν
1566 4747 1735 4783 κατα-

155 4806 299 4872 σχεῖν
320 4804 417 4858 τοῦ
438 4805 717 4878 βαρϐάρου
744 4811 1051 4881 τεταμένην
1072 4810 1239 4866 οὖσαν
1268 4817 1362 4869 καὶ
1390 4818 1489 4887 τὴν
1519 4819 1733 4889 σφαγὴν

156 4896 605 4965 σχηματίζουσαν
616 4901 684 4953 θ’.
703 4902 801 4965 Ὃς
828 4903 922 4955 καὶ
948 4903 1277 4973 ἐπισχεθεὶς,
1294 4906 1370 4970 ώς
1393 4907 1466 4977 μὴ
1483 4907 1732 4978 δυνηθεὶς

153 4987 212 5039 τὺ
239 4988 438 5042 δοκοῦν
471 4992 771 5054 ἐκτελέσαι,
793 4995 928 5063 πρὸς
956 4996 1177 5050 πλείονα
1199 4996 1400 5069 ἐξῆπτο
1420 4998 1610 5069 θυμόνο
1639 5002 1732 5053 καὶ

156 5079 351 5149 φρίξας
381 5082 479 5143 τάς
510 5084 770 5149 σιαγόνας
798 5086 925 5147 τούς
960 5104 1018 5139 τε
1052 5088 1364 5158 ὀφθαλμοὺς
1387 5090 1732 5161 στρεϐλώσας

155 5173 247 5224 καὶ
276 5173 408 5234 τοὺς
451 5174 666 5239 ὀίόντας
701 5181 972 5248 κροτήσας
1004 5180 1182 5249 (τοῦτο
1212 5182 1320 5252 γὰρ
1350 5183 1654 5254 Βαρϐάρων
1682 5184 1736 5218 ⁸⁸

155 5264 317 5334 ἔθος),
351 5266 538 5334 φόνιόν
567 5285 620 5321 τι
663 5272 759 5323 καὶ
804 5270 1065 5341 βλοσυρὸν
1094 5275 1305 5338 ἐνιδὼν,
1336 5276 1610 5345 ἐπεχείρει
1638 5278 1733 5330 τοῦ

156 5357 483 5427 κατέχοντος
501 5360 697 5414 ἑαυτὸν
721 5363 1029 5436 ἀπορρῆξαι
1051 5368 1145 5419 καὶ
1170 5366 1323 5430 αὖθίς
1351 5370 1728 5438 μοιέπελθεῖν.

156 5451 268 5504 οὐκ
293 5451 387 5504 εῐαν
401 5451 458 5506 δὲ
478 5453 671 5509 τοῦτον
693 5458 900 5520 ἐκεῖνος
921 5460 950 5510 ὁ
972 5459 1109 5528 πρὸς
1132 5460 1267 5513 Θεοῦ
1298 5458 1571 5531 πεμφθεὶς
1601 5464 1732 5532 ἡμῖν

156 5543 214 5594 ἐν
254 5543 435 5615 καιρῷ
473 5549 681 5618 σωτὴρ,
716 5548 853 5603 ἀλλὰ
897 5550 1101 5615 πάσαις
1140 5554 1181 5586 ⁵⁸
1220 5553 1386 5607 αὑτὸν
1421 5554 1733 5617 κολακείαις

1840 4641 2060 4685 mortem
2100 4642 2433 4701 appetentes.
2470 4632 2573 4688 His
2599 4646 2910 4689 commotus
2952 4635 3041 4689 ille
3084 4637 3271 4690 statim
3308 4651 3405 4689 ex-

1838 4724 2033 4788 currit,
2057 4732 2219 4793 atque
2243 4725 2309 4779 ad
2335 4725 2511 4779 locum
2544 4726 2812 4781 accedens
2840 4740 3121 4780 extensum
3140 4726 3251 4795 jam
3280 4727 3421 4780 bar-.

1837 4819 1958 4873 bari
2009 4818 2289 4872 dexteram
2352 4833 2650 4886 ensemque
2691 4819 2998 4873 vibrantem
3047 4819 3304 4873 detinuit.
3356 4817 3407 4872 ls

1837 4924 1987 4971 vero,
2043 4908 2146 4961 etsi
2186 4915 2389 4961 conatu
2454 4908 2709 4972 inhibito,
2746 4917 2806 4961 ut
2861 4909 2948 4962 cui
3002 4925 3107 4961 non
3166 4908 3409 4962 licuisset

1838 5001 2164 5056 destinatam
2214 5000 2395 5053 animo
2449 5010 2664 5069 patrare
2703 5000 2928 5063 caedem,
2978 5000 3170 5069 majori
3223 4999 3409 5054 furore

1840 5093 2066 5158 exarsit,
2098 5092 2445 5160 maxillisque
2477 5092 2715 5147 fremens
2752 5101 2804 5146 et
2832 5091 3408 5160 oculos.distorquens

1841 5186 2143 5255 dentesque
2172 5186 2415 5240 stridens
2442 5184 2698 5256 556(id
2733 5186 2878 5239 enim
2904 5183 3162 5238 Barbaris
3188 5184 3239 5237 in
3260 5197 3408 5236 more

1844 5279 1948 5344 est)
1982 5286 2223 5332 cruento
2246 5278 2753 5347 trucique‘aspectu
2779 5290 2809 5329 a
2847 5283 3065 5330 tenente
3096 5290 3217 5331 sese
3247 5290 3382 5342 expc

1839 5368 1958 5422 dire
1998 5367 2304 5422 conabatur
2334 5382 2398 5423 ac
2439 5382 2635 5421 rursus
2669 5368 2720 5421 in
2755 5381 2839 5420 me
2870 5366 3084 5421 irruere
3116 5384 3129 5419 :
3163 5364 3254 5418 sed
3298 5378 3407 5418 non

1841 5461 2053 5517 sinebat
2101 5459 2200 5517 illo
2241 5461 2333 5531 qui
2366 5476 2396 5514 a
2431 5459 2541 5516 Deo
2575 5468 2918 5531 opportunus
2948 5459 3106 5513 nobis
3152 5469 3411 5513 servator

1841 5550 2045 5604 missus
2100 5547 2299 5617 fuerat,
2332 5553 2426 5605 sed
2475 5550 2671 5605 blande
2717 5550 3000 5605 suadendo
3055 5562 3084 5602 a
3129 5548 3409 5618 proposito

1448 5666 1682 5725 VARIE
1713 5664 2114 5724 LECTIONES.

224 5748 347 5806 ..π

162 5755 274 5875 πῖ·
292 5755 626 5873 ῐπροσειπὼν
656 5760 714 5814 P.
798 5760 840 5792 "
873 5761 971 5848 ήδη
1005 5777 1113 5818 om.
1142 5761 1201 5817 Ρ.
1284 5764 1326 5796 ³⁸
1353 5764 1736 5835 σχεδασοέντες

1788 5763 1892 5818 ΑΡ.
1969 5761 2012 5792 δ’
2066 5761 2577 5831 σχηματίσιιισοινΑι-⁸
2655 5763 2700 5795 ³⁵
2732 5759 3027 5831 βαρϐάροις
3065 5758 3121 5811 Ρ.
3198 5759 3241 5789 ⁸⁸
3292 5758 3413 5809 πεί-
