4174 6442
741 366 845 430 599

1956 370 2295 433 JOANNES
2333 373 2770 439 CAMENIATA

3895 378 4003 442 600

742 498 885 536 mur.
937 482 1173 536 Plurima
1217 491 1399 538 autem
1432 483 1798 539 Barbarorutn
1845 493 2001 554 parte
2047 484 2196 539 ferox
2236 486 2325 539 ille

2432 488 2673 558 ἀλλήλων
2726 489 3058 554 ἐνατενίζειν
3099 491 3165 555 ⁸⁵,
3220 490 3410 563 ὥσπερ
3454 489 3885 561 ἐκπληττόμενοι
3912 498 4003 544 καὶ

742 583 903 641 atque
924 587 1191 641 arrogans
1219 588 1246 625 a
1278 588 1338 629 se
1364 574 1613 635 dimissa,
1650 575 1701 627 in
1731 590 1956 643 equum.
1998 577 2093 644 qui
2124 585 2321 643 pra'sto

741 676 877 729 erat,
914 668 1167 721 insiliens
1198 685 1227 722 e
1261 668 1443 721 mcdiu
1489 671 1664 723 nostri
1696 670 1966 733 avolavit,
1998 684 2192 724 rursus
2222 670 2323 723 int-

745 775 954 826 ponens
997 768 1146 813 utet
1197 761 1356 814 nobis
1407 762 1706 829 assumptis
1758 761 1823 812 ad
1878 762 2029 815 littus
2083 761 2322 815 civitatis

744 865 972 916 propere
1017 850 1360 912 festinarent,
1400 866 1509 919 quo
1549 851 1807 905 nimirum
1837 852 1953 921 ipse
1981 866 2199 921 quoque
2218 852 2322 905 iter

738 941 1027 995 celeraret.

808 1123 899 1178 53.
936 1124 1024 1176 Sic
1057 1127 1243 1195 itaque
1280 1135 1594 1193 assumptos
1623 1139 1789 1192 quam
1832 1124 2123 1178 celerrime
2151 1122 2318 1177 duce-

740 1220 890 1278 lnant.
927 1233 1145 1273 onmem
1181 1220 1339 1274 nobis
1374 1219 1615 1286 undique
1650 1226 2013 1286 procurantes
2056 1217 2320 1272 securita-

744 1322 873 1361 tem.
904 1310 1013 1365 Nec
1041 1327 1165 1365 raro
1198 1313 1250 1364 in
1298 1310 1382 1364 via
1421 1310 1474 1363 in
1508 1311 1710 1364 multas
1765 1308 2127 1362 Barbarurum
2185 1323 2321 1362 con-

736 1405 1020 1457 ﬂuentium
1060 1414 1273 1457 turmas
1312 1418 1376 1456 ac
1437 1401 1743 1471 manipulos
1784 1400 2184 1465 incidebamus,
2226 1400 2318 1468 qui

741 1509 934 1548 omnes
995 1494 1197 1548 ctedem
1256 1496 1566 1562 spirat-ent;
1638 1508 1737 1547 nec
1758 1493 1874 1546 leve
1912 1498 2032 1545 erat
2069 1506 2132 1543 ac
2160 1504 2326 1557 expe-

736 1587 911 1638 ditum
946 1585 1067 1640 illos
1097 1587 1354 1655 effugere,
1394 1587 1635 1646 tametsi,
1693 1586 1785 1654 qui
1815 1600 1912 1639 nos
1949 1584 2108 1653 primi
2162 1597 2315 1651 cepe-

744 1689 892 1743 rant,
947 1679 1231 1747 Aithiopes
1267 1679 1368 1731 viri
1427 1693 1654 1747 corpore
1708 1677 2073 1732 robustissimi
2116 1685 2321 1739 essent,

741 1787 841 1824 nec
871 1772 978 1822 ulla
1043 1786 1099 1824 re
1150 1782 1244 1824 aut
1308 1771 1498 1825 terreri
1551 1779 1775 1839 possent
1821 1778 1914 1821 aut
1948 1774 2014 1822 ad
2056 1769 2319 1839 impetum

738 1866 1126 1919 remittrndnm
1179 1864 1386 1918 induci.
1436 1864 1702 1919 Caeterum
1746 1879 1852 1917 non
1882 1862 1980 1916 levi
2046 1861 2231 1915 labore
2260 1874 2321 1912 ac

736 1956 1105 2023 trepidatione
1139 1958 1205 2009 ad
1244 1973 1367 2009 eum
1402 1972 1563 2025 quem
1612 1956 1857 2008 dicebam
1906 1955 2159 2007 venimus
2181 1952 2319 2006 civi-

739 2049 869 2099 tatis
919 2056 1162 2116 portum.
1218 2047 1301 2100 lbi
1345 2046 1491 2101 enim
1520 2046 1757 2099 hostium
1788 2045 1984 2098 classis
2017 2045 2225 2099 ductor
2258 2058 2322 2097 ac

740 2141 1043 2207 ilttptrl‘.:lt)l‘
1089 2138 1441 2203 consederat;
1484 2137 1570 2192 cui
1598 2145 1652 2190 et
1692 2135 1759 2190 de
1805 2137 1965 2190 nobis
2010 2134 2320 2189 nuntiatum

741 2239 830 2285 est
864 2245 893 2283 a
939 2230 1221 2293 Barbaris,
1261 2231 1352 2299 qui
1380 2230 1545 2284 simul
1576 2238 1756 2292 erant,
1785 2243 2062 2296 causaque
2113 2227 2325 2295 exposi-

742 2333 795 2376 ta
832 2338 932 2375 cur
964 2338 1064 2377 nos
1089 2322 1189 2376 soli
1213 2321 1413 2377 servati
1447 2337 1699 2376 essemus
1721 2336 1787 2374 ex
1820 2322 2077 2373 omnibus
2102 2320 2152 2371 in
2186 2334 2325 2387 quos

742 2417 846 2484 ipsi
915 2415 1250 2469 inciderant.
1299 2414 1437 2467 Tum
1498 2414 1587 2467 ille
1649 2414 1832 2467 statim
1884 2428 2049 2465 umnn
2086 2413 2323 2480 aliquem

742 2522 1088 2562 assessormt.
1128 2522 1352 2576 surgere
1374 2504 1575 2574 jubens
1600 2520 1661 2559 ac
1700 2514 1908 2559 rectum
1970 2515 2134 2566 stare,
2175 2503 2325 2573 ejus-

736 2598 951 2655 cctnodi
992 2599 1188 2653 innos
1219 2598 1548 2652 sententiam
1602 2597 2054 2667 promulgandam
2099 2605 2326 2650 contra-

738 2691 901 2758 ilidit,
934 2707 1154 2761 nempe,
1195 2691 1239 2745 si
1278 2705 1407 2745 vera
1455 2690 1923 2759 comperirentur,
1982 2689 2139 2760 561
2179 2704 2330 2758 quze-

740 2801 959 2855 cunque
1016 2787 1070 2840 in
1140 2800 1300 2838 muro
1370 2791 1499 2838 ante
1564 2782 1821 2836 Barbaris
1879 2784 2329 2850 promiseramns,

739 2881 1015 2949 rebusque
1077 2880 1211 2948 ipsis
1267 2892 1387 2947 qua:
1442 2877 1585 2946 pacti
1649 2891 1897 2930 essemus
1954 2877 2327 2945 impleremus,

740 2974 903 3027 nobis
976 2970 1311 3042 parcendum
1380 2985 1505 3026 esse
1568 2978 1733 3039 atque
1810 2972 1879 3024 ad
1949 2968 2128 3036 ipsum
2209 2984 2332 3021 rur-

738 3083 837 3122 sus
870 3067 1256 3120 revertendum
1296 3081 1309 3117 :
1341 3063 1426 3116 sin
1463 3063 1598 3116 nihil
1627 3062 1905 3131 ejusmodi
1967 3078 2095 3116 vere
2124 3062 2334 3115 dixisse

2429 581 2564 650 μηδὲ
2603 582 2790 652 φωνὴν
2820 582 3038 648 άφεῖναι
3088 582 3166 651 τῷ
3221 584 3502 653 πράγματα
3536 583 4002 651 συγχωρούμενα.

2427 671 2564 736 Τοὺς
2598 674 2848 735 πλείονας
2892 674 2948 726 δὲ
2997 673 3105 726 τῶν
3158 672 3451 743 βαρϐάρων
3480 676 3507 726 ὁ
3550 672 3778 740 σοϐαρὸς
3802 673 4007 732 ἐκεῖνος

2425 764 2856 833 ἀποτεμόμενος,
2889 765 3041 834 ἵππῳ
3082 763 3278 827 ἐπιϐὰς
3322 763 3590 831 ἑφεστῶτι
3623 762 3843 830 ἀπέπτη
3874 761 3920 791 ⁵⁸
3944 764 4005 811 ἐκ

2428 857 2592 925 μέσου
2624 857 2803 925 ἡμῶν,
2838 856 3147 924 προστάξας
3196 857 3288 909 καὶ
3341 856 3496 918 αὖθις
3540 854 3828 908 συλλαϐεῖν
3855 855 4005 923 ἡμᾶς

2424 948 2519 1001 καὶ
2552 948 2687 1019 πρὸς
2701 949 2794 1001 τὸν
2817 949 3013 1018 λιμένα
3036 949 3135 1015 τῆς
3153 949 3360 1011 πόλεως
3381 948 3584 1017 σπουδῇ
3605 947 3749 1000 θέειν
3773 964 3787 976 ·
3816 946 4009 998 αὐτόθι

2424 1038 2532 1108 γὰρ
2561 1038 2960 1101 κατασπεύδειν
2984 1040 3077 1091 καὶ
3099 1039 3296 1091 ἑαυτὸν
3330 1039 3456 1107 ἔφη.

2496 1130 2596 1197 νγ⁹.
2643 1132 3062 1200 Παραλαϐόντες
3109 1127 3202 1185 οὖν
3250 1132 3399 1201 ἡμᾶς
3450 1126 3586 1200 ἦγον
3631 1129 3705 1191 ὡς
3750 1128 4005 1197 τάχιστα,

2424 1225 2607 1278 πᾶσαν
2639 1226 2776 1293 ἡμίν
2802 1222 3144 1294 πανταχόθεν
3193 1223 3499 1291 ἀσφάλειαν
3535 1222 4006 1293 περιποιούμενοι.

2424 1313 2534 1365 Καὶ
2558 1313 2825 1384 πολλαχοῦ
2858 1314 2958 1382 τῆς
2989 1313 3111 1367 όδοῦ
3167 1314 3577 1384 περιπίπτομεν
3622 1314 3838 1377 πολλοῖς
3869 1316 4010 1382 πλή-

2424 1402 2542 1457 θεσι
2572 1405 2678 1457 τῶν
2704 1406 3029 1474 εἰσρεόντων
3054 1404 3364 1475 βαρὸάρων,
3392 1405 3611 1458 πάντων
3635 1406 3796 1472 φόνον
3821 1407 4010 1458 πνεόν-

2422 1510 2551 1544 τωνο
2586 1494 2678 1547 καὶ
2696 1494 2755 1547 οὐ
2785 1496 2980 1564 μικρὸν
3001 1489 3069 1562 ἦν
3091 1494 3251 1563 ἔργον
3266 1493 3551 1547 λανθάνειν
3578 1494 3824 1556 τούτους,
3848 1496 3901 1546 εί
3921 1496 4011 1546 καὶ

2422 1586 2504 1638 ὅτι
2545 1584 2704 1657 ῥώμῃ
2742 1586 2914 1656 πολλῇ
2940 1588 3212 1656 σωμάτων
3240 1585 3332 1637 καὶ
3359 1587 3409 1637 oi.
3437 1585 3834 1653 προειληφότες
3865 1587 4011 1653 ἡμᾶς

2422 1676 2681 1740 Αἰθίοπες
2736 1677 2984 1747 ὑπῆρχον
3022 1680 3439 1749 ἁνεσταλμένοι,
3476 1679 3570 1731 καὶ
3589 1678 3745 1731 οὐδὲν
3790 1672 3859 1747 ἦν
3892 1677 3926 1747 ἢ
3968 1678 4009 1707 ⁸⁷

2426 1769 2778 1839 καταπτῆξαι
2810 1769 2973 1841 ἢτῆς
3016 1772 3196 1841 ὁρμῆς
3226 1771 3427 1832 αὐτοὺς
3467 1767 3709 1822 ἐνδοῦναι
3737 1769 3800 1821 τὸ
3832 1769 4009 1837 παρὰ·

2425 1879 2532 1915 παν
2564 1863 2890 1931 δυνάμενον.
2933 1863 3081 1932 Πλὴν
3138 1863 3201 1915 οὐ
3240 1863 3361 1931 μετ’
3404 1860 3587 1928 όλίγου
3631 1862 3887 1930 καμάτου
3920 1863 4014 1913 καὶ

2423 1955 2661 2022 ἀγωνίας
2674 1954 2767 2006 τον
2785 1954 3019 2023 ρηθέντα
3039 1955 3235 2025 λιμένα
3262 1956 3359 2025 τῆς
3386 1957 3589 2020 πόλεως
3614 1954 4012 2024 κατελάίομεν.

2422 2048 2627 2101 Αύτόθι
2646 2049 2753 2118 γὰρ
2778 2048 2968 2118 ἔτυχεν
2997 2045 3072 2100 ὢν
3100 2049 3194 2101 καὶ
3222 2049 3251 2100 δ
3282 2048 3392 2100 τῶν
3422 2048 3697 2118 πολεμίων
3729 2045 3824 2098 τοῦ
3854 2063 4015 2114 στρα-

2423 2137 2524 2191 τοῦ
2552 2137 2989 2207 καθηγούμενος,
3010 2131 3056 2203 ᾧ
3084 2137 3149 2206 δὴ
3183 2137 3276 2190 καὶ
3313 2137 3592 2207 ἀνηγγέλη
3615 2139 3685 2189 τὰ
3715 2134 3839 2189 καθ’
3868 2135 4014 2203 ἡμᾶς

2426 2230 2531 2283 ὑπὸ
2551 2230 2660 2283 τῶν
2687 2229 2959 2282 συνόντων
3005 2228 3321 2300 βαρϐάρων,
3366 2229 3760 2300 γνωρισάντων
3798 2227 3896 2280 καὶ
3921 2225 4016 2294 τὴν

2425 2323 2607 2375 αἰτίαν
2639 2322 2705 2374 δι’
2756 2323 2823 2393 ἣν
2879 2320 3075 2392 μόνους
3106 2320 3255 2390 ἡμᾶς
3288 2322 3352 2375 ἐκ
3382 2321 3603 2374 πάντων
3632 2319 3741 2373 τῶν
3780 2335 4021 2388 προστυσ

2428 2417 2631 2485 χόντων
2662 2413 3091 2485 περιεσώσαντο.
3122 2414 3218 2475 Ὃς
3262 2413 3322 2477 ἐξ
3372 2414 3543 2483 αὐτῆς
3588 2413 3687 2467 ἕνα
3736 2411 3864 2466 τινα
3913 2410 4017 2464 τῶν

2429 2511 2528 2562 σὺν
2557 2506 2705 2576 αύτῷ
2737 2506 2840 2574 τῆς
2867 2506 3142 2576 καθέδρας
3177 2506 3553 2572 ἐξαναστήσας
3584 2508 3678 2559 καὶ
3709 2506 3822 2567 τοῖς
3850 2504 4017 2557 ὲστῶι

2432 2618 2516 2653 σιν
2567 2600 2929 2669 ἑπισυνάψας,
2977 2600 3238 2668 τοιαύτην
3279 2600 3483 2652 δέδωκε
3526 2600 3651 2653 καθ’
3680 2600 3840 2669 ἡμῶν
3869 2600 4020 2668 αὖτῷ

2429 2693 2633 2761 ψῆφον,
2680 2690 2757 2753 ὡς
2814 2692 2863 2743 εἰ
2903 2690 3001 2759 μὲν
3030 2689 3209 2758 ἀληθῆ
3244 2692 3463 2758 φανεῖεν
3500 2691 3600 2742 ὅσα
3650 2691 3763 2750 τοῖς
3810 2687 4020 2757 βαρϐά-

2435 2804 2547 2856 ροις
2583 2782 2664 2856 [Ρ.
2696 2782 2823 2856 ⁸561]
2857 2786 2917 2837 ὲν
2949 2782 3025 2851 τῷ
3076 2782 3246 2851 τείχει
3311 2780 3804 2853 προῦπεσχόμεθα,
3833 2778 4020 2851 ἔργοις

2433 2879 2617 2940 αὐτοῖς
2674 2876 3030 2947 πληρούντων
3093 2875 3192 2937 τὰς
3272 2875 3598 2944 ὑποθήκας,
3647 2874 3743 2927 καὶ
3800 2872 4019 2942 φειδοῦς

2434 2970 2730 3039 ἀξιωθῆναι
2784 2970 2879 3022 καὶ
2923 2970 3059 3039 πρὸς
3123 2968 3286 3022 αὐτὸν
3317 2968 3479 3020 πάλιν
3534 2963 4015 3034 ἀνθυποστρέψαιο

2436 3066 2485 3116 εἰ
2520 3064 2576 3115 δέ
2606 3080 2667 3131 γε
2699 3063 2866 3133 μηδὲν
2901 3060 3141 3115 τοιοῦτον
3188 3060 3403 3130 ἀληθῶς
3435 3060 3622 3129 λεχθὲν
3645 3059 3878 3129 εὕροιεν,
3906 3056 4020 3110 ἀλλ’

739 3160 1075 3222 invenerint,
1119 3156 1211 3211 sed
1269 3155 1353 3209 vel
1394 3165 1554 3210 antea
1606 3156 1748 3209 male
1788 3154 2132 3222 consumptis
2165 3168 2328 3222 pecu-

2438 3155 2469 3223 ἢ
2502 3155 3027 3223 προαπολωλεκότας
3052 3156 3120 3205 τὰ
3172 3154 3455 3223 χρήματα.
3483 3152 3514 3220 ἢ
3546 3152 3641 3204 τὸν
3674 3153 3911 3206 θάνατον
3938 3151 4021 3203 δε-

740 3251 851 3302 niis
884 3251 963 3302 \‘cl
996 3255 1144 3302 metu
1199 3247 1395 3301 mortis
1422 3246 1708 3302 mendacio
1753 3254 1949 3299 cuncta
1989 3243 2328 3306 finxerimus,

736 3350 880 3397 etut
919 3341 1154 3411 primum
1214 3342 1478 3409 impetum
1536 3340 1860 3402 vitaremus,
1900 3326 2230 3392 necessitate
2260 3338 2330 3389 ita

740 3446 969 3505 urgente
1001 3449 1121 3487 eam
1166 3433 1412 3487 fraudem
1462 3432 1779 3495 fecerimus,
1837 3430 2039 3484 ibidem
2084 3428 2333 3497 singulos

738 3529 817 3603 in
846 3526 1099 3580 membra
1154 3526 1362 3579 divisos
1406 3525 1527 3579 neri
1585 3523 1883 3579 dedendos.
1933 3522 2128 3577 Statim
2170 3521 2335 3590 igitur

760 3635 1070 3687 rursusque
1092 3635 1194 3672 nos
1223 3619 1703 3672 circumvallantcs
1727 3632 1793 3670 eo
1815 3617 2018 3670 ducere
2048 3614 2331 3683 iubebant,

742 3708 832 3761 ubi
872 3707 1142 3776 repositas
1170 3721 1295 3759 esse
1322 3706 1579 3773 pecunias
1599 3714 1761 3757 antea
1784 3704 2132 3767 dixeramus;
2168 3702 2334 3764 simul

741 3801 906 3854 etiam
941 3800 1272 3853 sententiam
1316 3808 1509 3852 contra
1570 3814 1670 3853 nos
1699 3798 1862 3851 latam
1898 3797 2155 3862 edebant,
2187 3807 2241 3851 et
2287 3799 2331 3849 si

741 3894 873 3961 quid
907 3909 971 3946 ex
1034 3892 1220 3945 dictis.
1249 3892 1387 3946 forte
1444 3891 1624 3960 reipsa
1657 3891 1957 3960 praestitum
2003 3906 2110 3943 non
2165 3898 2331 3951 esset,

742 3988 944 4056 quibus
976 3986 1210 4041 accincti
1263 3994 1442 4048 erant,
1472 3986 1701 4040 ensibus
1736 3983 2145 4039 decernendum
2188 3998 2331 4038 essr.

742 4081 926 4147 Quare
989 4091 1103 4132 Iunt
1165 4080 1341 4147 magis
1386 4093 1553 4147 quam
1607 4086 1733 4131 ante
1760 4087 1937 4131 unctus
1979 4077 2228 4138 incessit,
2269 4090 2335 4127 ne

744 4179 889 4231 forte
921 4191 1216 4229 vernarum
1268 4174 1578 4242 quispiam,
1623 4174 1709 4227 vel
1729 4188 1918 4227 eorum
1957 4173 2048 4242 qui
2082 4180 2207 4225 ante
2228 4170 2332 4224 luci

744 4275 1003 4335 cupertcs
1033 4274 1239 4327 essent,
1278 4266 1395 4334 ipse
1422 4279 1643 4334 quoque
1674 4263 1789 4332 pari
1819 4263 2055 4332 quadam
2090 4261 2336 4315 necessi-

746 4366 855 4408 tale
930 4355 1159 4407 adactus
1216 4354 1519 4422 mortisque
1561 4351 1839 4405 interitum
1896 4365 2091 4404 cavere
2144 4351 2334 4404 volens

744 4447 1194 4499 uhsCunditarum
1261 4460 1445 4498 rerum
1496 4444 1709 4511 copiam
1792 4442 1942 4510 prior
2010 4442 2330 4502 indicasSi-t.

2434 3245 2615 3309 διότας
2655 3246 2869 3300 ἅπαντα
2890 3245 3268 3314 ψευσαμένους
3305 3245 3399 3297 καὶ
3428 3244 3616 3315 ὥσπερ
3644 3243 3742 3314 τὴν
3794 3242 4022 3313 πρώτην

2435 3338 2679 3402 ἔντευξιν
2711 3338 3165 3408 ἀποκρούσασθαι
3189 3335 3279 3389 διὰ
3310 3337 3409 3407 τὴν
3429 3336 3674 3407 ἀνάγκην
3705 3335 3799 3387 τοῦ
3822 3333 4021 3404 καιροῦ

2438 3426 2860 3496 σοφισαμὲνους,
2896 3427 3008 3487 τοῖς
3060 3424 3271 3493 ξίφεσιν
3295 3424 3393 3477 ἕνα
3432 3426 3664 3478 ἕκαστον
3706 3427 3897 3476 ἐκεῖσε
3952 3424 4025 3475 δια

2436 3517 2655 3580 ελόντας
2679 3517 2776 3587 τῆς
2829 3515 2975 3582 ζωῆς
3034 3515 3363 3581 ἀπαλλάξαι.
3405 3515 3757 3585 Παραχρῆμα
3789 3511 3885 3567 οὖν
3929 3513 4024 3565 καὶ

2437 3609 2600 3661 πάλιν
2642 3611 2841 3679 μέσους
2886 3609 3036 3677 ἡμᾶς
3086 3607 3432 3670 διαλαῦόντες
3480 3608 3634 3670 ἄγειν
3696 3607 4021 3666 ἐπέταττον,

2436 3701 2566 3753 ἔνθα
2595 3702 2661 3771 δὴ
2708 3700 3126 3770 τιταμιεῦσθαι,
3176 3701 3361 3768 φασὶν,
3403 3700 3492 3768 ὑφ’
3528 3700 3684 3770 ἡμῶν
3714 3700 3759 3731 ⁸⁸
3782 3700 4019 3767 προεδηο

2435 3792 2581 3863 λώθη
2610 3792 2680 3845 τὰ
2709 3795 2990 3863 χρήματα,
3060 3791 3368 3857 ἐξειπόντες
3425 3792 3521 3845 καὶ
3567 3792 3668 3861 τὴν
3709 3790 3834 3843 καθ’
3864 3790 4023 3861 ἡμῶν

2436 3883 2812 3953 ὲξενεχθείσαν
2876 3884 3178 3953 ἀπόφασιν,
3240 3884 3336 3937 καὶ
3407 3883 3483 3947 ὡς
3510 3884 3565 3935 εί
3606 3901 3658 3935 τι
3706 3882 3876 3951 τυχὸν
3914 3881 4023 3935 τῶν

2435 3976 2741 4045 λεχθέντων
2769 3976 2845 4047 μὴ
2870 3976 3005 4048 πρὸς
3035 3976 3195 4047 ἔργον
3216 3975 3431 4046 ἀχθείη,
3465 3978 3575 4039 τοῖς
3604 3974 3779 4043 ξίφεσι
3809 3973 4022 4034 τούτοις

2435 4066 2873 4139 διακριθήσεται.
2910 4068 3039 4131 Δέος
3094 4062 3190 4121 οὖν
3238 4068 3368 4136 ἡμῖν
3393 4067 3437 4097 ⁸⁸
3472 4066 3567 4119 καὶ
3588 4066 3709 4118 τότε
3754 4064 3960 4134 μᾶλλον
3990 4064 4021 4131 ἧ

2438 4161 2705 4230 πρότερον
2737 4158 3005 4230 ὲπεισῄει,
3048 4158 3187 4227 τάχα
3221 4159 3297 4227 μή
3334 4157 3438 4209 πού
3474 4174 3557 4219 τις
3581 4156 3691 4208 τῶν
3721 4155 3957 4208 οἰκετῶν
3987 4152 4021 4221 ἦ

2436 4251 2545 4303 τῶν
2578 4248 3058 4321 προπειραθέντων
3078 4250 3173 4302 τοῦ
3218 4250 3409 4310 τόπου,
3470 4246 3831 4319 παραπλησία
3868 4261 4025 4314 περιο

2436 4341 2614 4411 τυχὼν
2666 4340 2885 4413 ἀνάγκῃ
2935 4344 3029 4394 καὶ
3080 4341 3249 4394 θέλων
3287 4342 3383 4393 καὶ
3440 4341 3604 4403 αὐτὸς
3650 4338 3741 4391 τὸν
3798 4336 4024 4407 ὄλεθρον

2440 4438 2724 4507 ἐκφυγεῖν,
2774 4438 3134 4505 ⁴’προεσήμανε
3184 4436 3284 4504 τὴν
3307 4434 3589 4505 δαψίλειαν
3627 4433 3738 4485 τῶν
3768 4447 4024 4501 κεκρυμ-

748 4540 1065 4606 frustraque
1112 4538 1279 4591 tantis
1303 4534 1575 4590 machinis
1607 4549 1672 4589 ac
1692 4536 1940 4589 consiliis
1971 4537 2094 4589 vitae
2114 4536 2328 4590 studere

2448 4532 2645 4600 μένων,
2661 4527 2763 4598 καὶ
2793 4527 2969 4596 μάτην
2994 4526 3302 4597 εὑρέθημεν
3325 4528 3485 4596 ἡμεῖς
3511 4524 3801 4585 τοσαύταις
3838 4539 4024 4593 μηχα-

749 4631 1145 4684 int-enitemur.

820 4720 912 4772 54.
946 4718 1239 4772 Enimvero
1275 4734 1401 4770 cutn
1441 4716 1671 4771 necdum
1716 4716 1830 4770 haec
1879 4726 2032 4772 certo
2060 4716 2336 4791 dispicere

751 4825 1063 4878 possemus,
1096 4811 1163 4863 ad
1209 4811 1390 4863 locum
1420 4810 1768 4888 devenimqs,
1800 4810 1993 4879 sicque
2043 4809 2335 4865 habentem

746 4902 1080 4958 offendimus
1113 4901 1580 4972 quemadmodum
1636 4917 1783 4965 cum,
1816 4918 1940 4957 cum
1969 4918 2058 4957 res
2091 4903 2337 4957 occulta-

749 5005 965 5061 rentur,
1002 4996 1446 5064 signaveramus.
1479 4996 1541 5049 In
1586 5011 1694 5050 uno
1747 4997 1895 5050 enim
1935 4997 2154 5051 occulto
2204 5011 2339 5049 con-

750 5090 914 5152 clavi,
970 5090 1289 5157 quicunque
1323 5103 1549 5143 eramus
1583 5090 1871 5156 sanguinis
1931 5092 2341 5145 necessitudine

751 5180 1034 5248 conjuncti
1066 5190 1231 5249 atque
1281 5181 1599 5251 propinqui,
1636 5198 1733 5238 sua
1765 5185 2003 5254 quisque
2052 5200 2338 5255 reponere,

750 5272 909 5340 quasi
981 5270 1034 5323 id
1082 5269 1228 5338 quod
1272 5282 1391 5324 erat
1448 5272 1692 5326 futurum
1740 5274 2137 5334 divinat-emus.
2196 5276 2338 5328 haud

752 5360 1069 5413 inconsulta
1106 5359 1318 5413 ratione
1348 5358 1511 5429 562
1536 5369 1927 5415 statueramus.
1983 5360 2159 5431 Hujus
2180 5363 2331 5416 aditu

743 5450 1010 5506 barbaris
1067 5461 1524 5518 connnoustrato,
1580 5454 1701 5522 ipso
1760 5454 1971 5525 lapidea
2014 5456 2197 5510 tabula
2230 5457 2331 5511 ob-

752 5552 983 5608 structo,
1010 5546 1285 5606 stetimus,
1317 5546 1505 5601 multis
1565 5548 1853 5617 anxiisque
1905 5548 2333 5621 cogitationibus

755 5639 937 5693 animo
977 5638 1225 5692 liberato.
1258 5636 1376 5693 Jum
1408 5640 1552 5694 enim
1588 5641 1722 5695 nihil
1752 5649 1873 5696 erat
1914 5643 2056 5712 quod
2096 5644 2334 5713 promis-

2436 4626 2555 4681 ναῖς
2578 4619 2677 4691 τὴν
2708 4621 2918 4673 ἑαυτῶν
2945 4619 3089 4679 ζωὴν
3125 4617 3573 4689 συντηρούμενοι.

2509 4711 2600 4766 νδ’.
2640 4711 2778 4765 Ἀλλ’
2834 4707 2988 4764 οὔπω
3038 4709 3211 4763 ταῦτα
3258 4709 3492 4779 βεϐαίως
3519 4709 3733 4777 ἔχοντες
3772 4709 4024 4769 σκοπεῖν,

2437 4805 2802 4875 πεφθάκαμεν
2823 4804 2870 4833 ⁷ο
2905 4803 2996 4854 τὸν
3024 4802 3188 4854 τόπον
3216 4800 3391 4863 οὕτως
3430 4801 3622 4870 ἔχοντα
3654 4798 3835 4861 καθὼς
3864 4802 3925 4852 ὲν
3948 4800 4026 4865 τῷ

2437 4900 2618 4971 καιρῴ
2678 4902 2777 4969 τῆς
2832 4896 3080 4966 φυλακῆς
3118 4892 3618 4964 ἐσημειωσάμεθα·
3663 4890 3754 4959 ὑφ’
3784 4892 3868 4943 ἐνὶ.
3916 4892 4029 4960 γάρ

2440 5011 2546 5047 τινι
2570 4989 2869 5062 κρυφιώδει
2895 4986 3131 5057 ταμείῳ,
3167 4986 3391 5057 ὅσοιπερ
3435 4984 3503 5038 ἄν
3529 4980 3673 5055 ἦμεν
3711 4983 3854 5035 κατὰ
3892 5000 4028 5049 συγ-

2442 5086 2662 5152 γένειαν
2723 5079 3180 5151 ἀγχιστεύοντες,
3241 5077 3635 5148 προαποθεῦαι
3699 5076 3765 5130 τὰ
3829 5075 4030 5129 ἑαυτοῦ

2441 5178 2689 5238 ἕκαστος,
2713 5175 2905 5244 ὥσπερ
2936 5171 3032 5224 τοῦ
3066 5170 3350 5241 μέλλοντος
3380 5170 3792 5239 μαντευόμενοι,
3816 5187 4031 5239 συμφε-

2445 5271 2645 5339 ρόντως
2678 5265 3144 5334 ἐϐουλευσάμεθα.
3180 5258 3256 5315 (ιῦ
3295 5265 3390 5316 καὶ
3419 5264 3517 5332 τὴν
3530 5263 3724 5327 .ἔξοδον
3753 5265 3869 5325 τοῖς
3898 5264 4032 5333 βαρ-

2444 5364 2635 5433 εάροις
2656 5359 3173 5425 ,καθυποδείξαντεω
3230 5358 3350 5426 ἥτις
3372 5353 3441 5427 ἦν
3467 5356 3643 5427 λιθίνῃ
3688 5356 3862 5408 πλακὶ
3894 5373 4029 5408 κατ·

2444 5452 2849 5523 ησφαλισμένη,
2906 5449 3177 5519 ἱστάμεθα
3208 5450 3317 5500 τῶν
3347 5448 3559 5501 πολλῶν
3610 5448 3896 5516 λογισμῶν
3930 5448 4029 5511 τὰς

2443 5549 2619 5619 ψυχας
2647 5546 3032 5615 περιάραντες.
3060 5542 3199 5611 Ἤδη
3233 5542 3333 5610 μὲν
3382 5543 3490 5613 γὰρ
3524 5542 3691 5613 μηδὲν
3712 5540 3810 5594 τοῦ
3841 5542 4031 5594 λοιποῦ

2443 5642 2674 5697 δεδιέναι
2708 5639 2867 5708 χάριν
2917 5637 3013 5703 τῆς
3051 5628 3431 5704 ὑποσχέσεωςζ
3466 5634 3783 5687 τούναντίον
3818 5634 3916 5702 μὲν
3941 5633 4033 5685 οὖν

2048 5737 2285 5793 VARI/El
2322 5734 2731 5794 LECTIONES.

758 5831 1093 5897 ⁸³ἁτενὶζειν
1119 5832 1175 5884 l‘.
1255 5834 1299 5863 "‘
1324 5830 1517 5899 διέπτη
1548 5833 1609 5884 Α.
1693 5832 1731 5863 ⁶τ
1764 5828 1829 5905 ἦν
1860 5832 1915 5902 ﬁl
1951 5830 2017 5902 ἦν
2044 5834 2071 5884 ὃ
2101 5834 2163 5887 .~\.

2252 5835 2518 5905 ⁵³ὐμῶνῨ

2598 5834 2639 5861 ⁸³³
2705 5832 2863 5900 ἡμῶν
2898 5831 3003 5884 ΑΡ.
3083 5831 3128 5859 τ’
3180 5827 3465 5895 πέφυαμεν
3502 5823 3562 5876 l'.
