4174 6442
766 411 868 471 607

1999 418 2238 478 J'OANN
2250 418 2336 474 ES
2374 417 2520 476 CAN
2536 419 2627 476 EN
2642 419 2806 475 ΙἈἸἋ

3918 417 4042 479 608

762 529 934 578 disset
967 537 1117 579 certo
1157 526 1258 578 sibi
1297 527 1499 578 conscii
1535 537 1711 592 erant,
1759 529 1859 597 ipsi
1897 546 1955 583 se
1996 532 2179 583 Statim
2221 545 2346 597 pro-

2458 530 2557 580 ιῶν
2585 526 2904 581 ἑαλωκότων
2935 527 3181 595 ὑπῆρχον
3209 525 3424 594 ἔχοντες
3447 527 3874 596 είδησινάκρισῆ
3906 547 4037 599 περι

763 618 954 670 dentes
1007 617 1136 670 dare
1189 618 1476 684 urgebant,
1527 628 1584 671 ut
1648 621 1738 686 qui
1807 638 1916 675 rem
1959 623 2081 677 vita:
2152 625 2345 694 pignus

763 709 868 762 sibi
905 717 1166 760 noverant
1195 727 1208 763 :
1243 710 1333 775 qui
1372 726 1497 763 vero
1550 711 1681 765 nihil
1711 713 1820 767 tale
1855 715 1994 780 apud
2038 731 2095 768 se
2126 726 2344 770 exstare

764 804 1029 862 sciebant.
1089 804 1182 854 sed
1241 802 1387 856 inani
1443 807 1788 859 solummodo
1837 827 1929 875 spe
1987 811 2345 877 pasciscendo

767 893 928 944 verba
962 891 1247 952 dederant.
1280 896 1502 948 iudubie
1536 909 1764 950 mortem
1793 902 2186 968 exspectabant
2211 904 2341 965 illis,

765 984 966 1048 quibus
1016 986 1127 1038 lizec
1168 988 1440 1052 deessent,
1470 987 1767 1043 decretam.
1799 991 1978 1056 Quare
2026 1011 2193 1063 super
2244 999 2344 1048 lioc

768 1071 1132 1128 Barbarorum
1181 1077 1401 1144 quidam
1437 1078 1804 1144 destinantur,
1837 1093 1915 1142 ut,
1949 1084 2040 1151 qui
2078 1101 2176 1136 sua
2208 1103 2343 1154 prie-

766 1166 894 1218 bere
932 1165 1154 1227 vellent,
1191 1182 1285 1221 eos
1331 1169 1383 1221 in
1421 1170 1666 1236 pr0prias
1705 1171 1848 1225 :edes
1895 1176 2250 1240 reducerent;
2294 1187 2347 1230 et

768 1256 811 1308 si
872 1255 984 1308 lure
1036 1259 1173 1310 tanti
1222 1269 1409 1313 essent
1451 1277 1573 1328 qua
1626 1277 1850 1316 avarum
1888 1266 2105 1319 oculum
2154 1269 2346 1322 merito

767 1348 1036 1398 exsatiare
1099 1363 1356 1414 possent,
1411 1353 1588 1403 salute
1646 1353 1887 1407 donatos
1934 1355 2076 1407 inter
2135 1359 2346 1410 vini-tos

770 1453 963 1490 rursus
1009 1439 1379 1504 collocarent;
1425 1441 1569 1506 quod
1599 1443 1641 1494 si
1703 1444 1826 1496 vilia
1865 1447 2110 1510 quaedam
2161 1457 2212 1500 et
2247 1466 2348 1517 pu-

768 1529 908 1590 silla,
938 1544 997 1580 ac
1025 1546 1146 1596 quae
1185 1532 1362 1584 minus
1405 1533 1671 1600 placitura
1713 1535 1945 1588 mittenti
1983 1539 2336 1600 exsisterent.

766 1634 860 1671 eos
911 1619 1072 1684 giadii
1133 1637 1395 1675 mucrone
1445 1624 1800 1677 conficerent.
1858 1627 1977 1680 Non
2037 1631 2152 1682 leve
2223 1633 2347 1684 hinc

772 1725 962 1763 rursus
1011 1712 1307 1777 periculum
1345 1712 1592 1778 captivos
1624 1716 2004 1782 circumstare,
2038 1735 2161 1773 cum
2208 1725 2349 1776 inter

692 1803 697 1808 '
768 1813 862 1849 eos
921 1801 1070 1851 ntulti
1130 1809 1314 1852 essent
1365 1801 1564 1868 quibus
1608 1803 1755 1854 nulla
1803 1804 2073 1872 ejusmodi
2121 1811 2348 1862 materia

2457 615 2530 672 ὧν
2567 619 2703 688 ἦσαν
2736 621 3200 690 προκεκρυφὸτες,
3277 619 3478 680 εὐθέως
3518 619 3774 688 ἐκδήλους
3809 622 4041 688 ἑαυτοὺς

2459 711 2733 763 καθίστων
2755 714 2798 743 ⁸³
2830 711 3245 776 κατεπείγοντες
3292 713 3392 778 τὴν
3436 709 3581 760 δόσιν
3628 709 3701 771 ὠς
3735 709 3836 777 τῆς
3894 711 4038 777 ζωῆς

2459 805 2752 871 παραιτίαν
2779 820 2791 832 ο
2830 802 2943 854 ὅσοι
2974 801 3030 853 δὲ
3066 800 3230 868 μηδὲν
3278 799 3516 852 τοιοῦτον
3549 801 3694 868 ἔχειν
3730 803 3859 869 παρ’
3905 803 4038 852 ἐαυ-

2457 897 2568 955 τοῖς
2609 892 3002 958 ἐπεγίνωσκον,
3046 893 3161 944 ἀλλ’
3202 893 3295 945 ἐπὶ
3354 893 3609 960 ματαίαις
3642 893 3800 960 μόνοῡ
3853 893 4039 943 ἐλπίσι

2455 984 2555 1046 τὰς
2603 983 2878 1052 συνθήκας
2931 983 3274 1046 ἐπλάσαντο,
3319 986 3417 1050 τὴν
3466 985 3680 1051 σφαγὴν
3717 983 4041 1050 ’ἐξεδέχοντο

2456 1075 2838 1142 ἀναμφιϐόλως
2867 1076 2975 1135 τοῖς
3007 1073 3204 1137 ἐνδεῶς
3225 1075 3404 1144 έχουσι
3437 1074 3769 1144 κεκριμένην
3794 1075 3860 1124 ’³.
3893 1075 4038 1123 Tuto

2457 1183 2639 1218 τονται
2667 1167 2732 1234 δὴ
2759 1163 2852 1218 οὖν
2886 1165 2977 1217 ἐπὶ
3004 1165 3178 1235 τούτῳ
3215 1165 3324 1218 τῶν
3354 1164 3645 1234 βαρϐάρων
3677 1163 3839 1225 τινὲς,
3897 1164 4040 1215 ὥστε

2457 1259 2579 1320 τοὺς
2608 1258 2965 1327 βουλομένους
2991 1257 3258 1328 παρέχειν
3289 1259 3358 1310 τά
3384 1258 3592 1310 ἑαυτῶν
3623 1259 3679 1310 ἐν
3712 1260 3830 1319 ταῖς
3876 1256 4038 1317 ἰδίαις

2457 1349 2753 1418 ἀποφέρειν
2787 1350 3006 1412 οἰκίαις,
3042 1351 3135 1402 xui
3164 1352 3212 1401 εί
3250 1350 3346 1418 μὲν
3377 1349 3503 1414 ἀξια
3538 1350 3622 1416 εἴη
3656 1348 4040 1400 πλεονεκτικὶν

2457 1439 2736 1508 ὀφθαλμὸν
2769 1440 3014 1507 κορέσαι,
3071 1439 3346 1510 σωτηρίας
3377 1456 3436 1490 τε
3477 1438 3760 1502 ἀξιοῦσθαι
3811 1437 4039 1496 τούτους

2458 1531 2550 1582 καὶ
2580 1528 2737 1592 αὖθις
2769 1534 2878 1593 τοῖς
2921 1531 3164 1600 δεσμίοις
3195 1530 3634 1601 ἐναριθμεῖσθαι,
3663 1531 3709 1581 εί
3741 1530 3798 1582 δ’
3843 1528 4042 1596 εὐτελῆ

2457 1637 2580 1671 ¹ιινα
2603 1620 2695 1671 xui
2724 1621 2931 1690 βραχέα
2955 1623 3047 1672 καὶ
3077 1615 3159 1684 οἷς
3187 1622 3286 1674 οὐκ
3336 1620 3402 1674 ἂν
3430 1623 3669 1687 κρίνοιεν
3709 1619 4043 1672 εὐδοκοῦντα

2458 1712 2549 1761 τὸν
2581 1711 3003 1772 ἀποστείλαντα,
3031 1711 3130 1778 τῆς
3162 1712 3437 1780 μαχαίρας
3464 1711 3734 1778 γενέσθαι,
3779 1712 3894 1760 Οὐκ
3926 1710 4043 1760 ὀλί-

2459 1818 2553 1868 γος
2583 1796 2650 1870 ἦν
2691 1804 2754 1854 ἐκ
2777 1801 2968 1852 τούτου
3006 1802 3168 1853 πάλιν
3199 1805 3310 1862 τοῖς
3341 1802 3388 1832 ’⁵
3418 1800 3758 1869 χειρωθεῖσιν
3783 1802 3809 1852 ὁ
3858 1799 4047 1850 κίνδυ-

772 1891 1008 1950 pretiosa
1066 1902 1382 1960 suppeteret
1413 1893 1610 1963 suique
1656 1895 1907 1949 illecebra
1938 1900 2178 1967 capiens.
2223 1899 2352 1954 Pro-

2464 1911 2575 1955 νος,
2625 1894 2838 1945 πολλῶν
2880 1893 3309 1962 διακρινομένων
3357 1895 3422 1944 ἐκ
3470 1891 3576 1943 τῶν
3626 1893 3860 1961 ἐχόντων
3914 1892 4047 1960 ὓλην

769 1985 943 2030 tracta
997 1978 1109 2032 haec
1145 1995 1239 2048 per
1288 1991 1430 2036 totos
1478 1983 1664 2036 decem
1720 1985 1838 2038 dies
1887 1996 2205 2057 noctesque,
2240 2008 2360 2044 cum

772 2071 1126 2134 pecuniarum
1180 2073 1472 2126 multitudo
1519 2075 1780 2129 continue
1831 2094 1894 2129 ex
1943 2079 2076 2133 urbe
2105 2093 2361 2146 exporta-

771 2171 943 2221 retur,
975 2169 1026 2213 et
1063 2161 1166 2215 alia
1205 2165 1516 2218 necessaria
1576 2169 1828 2231 materia,
1867 2169 1983 2237 ipsa
2033 2173 2232 2225 sericis
2285 2175 2366 2224 in-

771 2253 1050 2307 dumentis
1114 2257 1383 2320 emicans,
1445 2258 1528 2309 vel
1582 2274 1702 2325 quae
1758 2259 1869 2312 lino
1927 2259 2172 2315 confecta
2238 2280 2361 2318 cum

771 2353 990 2396 textura
1048 2361 1376 2399 aranearum
1407 2347 1786 2414 contenderet,
1819 2360 1876 2404 ut
1917 2351 2110 2405 borum
2157 2357 2361 2416 cumuli

776 2448 988 2489 montes
1042 2451 1104 2488 ac
1152 2439 1319 2492 colles
1365 2450 1740 2509 exaequarent;
1775 2459 1899 2496 cum
1949 2446 2051 2498 alia
2103 2448 2224 2501 aliis
2275 2467 2364 2504 su-

777 2535 1095 2594 pcraggcsla
1162 2529 1474 2596 subjectum
1526 2535 1702 2586 locum
1751 2539 2145 2606 constiparcut.
2185 2540 2365 2596 Airca:

775 2619 919 2670 enim
967 2629 1059 2671 aut
1103 2621 1290 2676 ferreae
1334 2625 1697 2690 supellectilis
1733 2639 1823 2680 aut
1865 2647 1926 2682 ex
1971 2631 2090 2682 lana
2138 2644 2363 2688 contex-

775 2717 953 2763 tarum
1005 2711 1234 2764 vestium
1287 2713 1432 2768 nulla
1488 2715 1566 2768 eis
1616 2728 1730 2770 erat
1779 2721 1940 2782 ratio,
1975 2724 2116 2788 quod
2168 2724 2359 2779 horum

775 2815 944 2853 censu
968 2801 1130 2872 569
1155 2806 1401 2871 gravaris
1423 2805 1752 2875 superﬂuum
1773 2809 2056 2865 ducerent.
2089 2814 2148 2865 lit
2173 2817 2215 2867 si
2242 2820 2362 2881 quis

778 2894 1093 2959 imprudens
1133 2897 1238 2948 tale
1269 2898 1395 2963 quid
1439 2900 1733 2964 attulisset,
1772 2903 1823 2954 in
1861 2920 2007 2956 mare
2056 2906 2356 2972 iacit-bant,

779 2986 878 3039 hoc
918 3001 1134 3055 quoque
1179 3004 1273 3043 eos
1324 2993 1619 3046 multantes
1667 2995 1756 3062 qui
1807 2997 2112 3062 periculum
2148 3002 2360 3052 evasis-

777 3085 917 3139 sent,
966 3085 1024 3128 ut
1063 3077 1129 3130 'et
1176 3079 1278 3147 ipsi
1332 3081 1677 3151 multijugam
1732 3085 2117 3155 diversamque
2178 3106 2357 3142 renum

773 3167 1042 3233 jacturam
1099 3172 1398 3226 sentientes
1461 3175 1736 3227 vastitatis
1787 3187 1839 3228 et
1901 3178 2025 3230 tnali
2094 3182 2359 3248 tantisper

777 3261 1070 3324 participes
1111 3261 1322 3314 fierent.

852 3346 939 3404 59.
966 3347 1101 3403 Cum
1126 3351 1334 3420 reliqua
1379 3355 1718 3422 captivorum
1753 3357 2107 3413 multitudine
2161 3372 2352 3431 captus

778 3455 996 3508 quoque
1025 3442 1203 3495 fuerat
1238 3443 1457 3512 quidam
1489 3446 1836 3514 imperatoris
1869 3453 2176 3510 eunuchus.
2212 3469 2354 3507 unus

779 3545 845 3583 ex
900 3532 1248 3600 primatibus,
1303 3537 1391 3589 cui
1453 3536 1816 3610 Rhodophylo
1867 3557 2064 3595 nomen
2116 3553 2257 3599 erat.
2305 3543 2354 3599 ls

782 3623 942 3690 paulo
968 3637 1092 3678 ante
1124 3627 1428 3694 periculum
1460 3629 1513 3682 in
1547 3630 1900 3684 Occidentem
1947 3633 2171 3694 missus,
2226 3650 2350 3687 cum

781 3717 1104 3770 necessariis
1129 3718 1455 3785 quibusdam
1487 3735 1552 3773 ex
1580 3723 1763 3776 causis
1786 3722 1840 3774 in
1870 3723 2062 3777 urbem
2091 3725 2351 3789 venisset,

781 3806 897 3872 pari
927 3806 1084 3860 nobis
1126 3819 1325 3863 eventu
1373 3812 1640 3872 inclusus.
1704 3814 1974 3866 malorum
2031 3831 2151 3884 qua:
2207 3817 2352 3870 dicta

779 3904 908 3949 sunt
943 3899 1057 3965 ipse
1084 3916 1302 3970 quoque
1325 3919 1554 3957 consors
1581 3903 1837 3958 efﬁcitur.
1872 3905 2079 3975 Nempe
2107 3908 2213 3959 vim
2241 3923 2354 3961 ma-

778 4004 934 4056 gnam
970 3991 1087 4043 auri
1118 3993 1387 4058 portabat,
1423 4012 1584 4064 quam
1626 3997 1678 4048 in
1713 4006 1965 4065 sumptus
1992 4008 2045 4050 et
2080 3998 2352 4066 stipendia

777 4080 1054 4134 exercitus
1082 4082 1278 4145 Siculi,
1305 4085 1566 4140 continue
1604 4102 1729 4140 cum
1784 4088 2055 4143 Africanis
2103 4089 2354 4142 barbaris

779 4185 970 4224 manus
998 4175 1339 4229 conserentis
1369 4193 1599 4246 eamque
1630 4179 1702 4231 ob
1731 4195 1844 4232 rem
1871 4181 2039 4234 multa
2062 4196 2166 4250 ope
2192 4197 2355 4250 egen-

781 4264 870 4324 tis,
907 4281 963 4316 se
996 4264 1209 4321 deferre
1245 4269 1444 4322 aiebat.
1500 4268 1600 4324 llic
1630 4272 1812 4340 itaque
1839 4282 2001 4326 nocte
2032 4289 2154 4341 qua:
2202 4283 2354 4327 aute-

777 4353 944 4404 cessit
967 4354 1261 4410 discrimen
1281 4359 1437 4427 cujus
1456 4375 1554 4412 nos
1571 4375 1762 4414 omnes
1779 4363 2083 4430 periculum
2101 4363 2350 4430 fecimus,

777 4445 915 4497 clam
954 4461 1149 4499 aurmn
1191 4447 1322 4502 illud
1358 4461 1526 4519 atque
1562 4468 1626 4504 ex
1660 4454 1835 4507 servis
1869 4453 1986 4506 suis
2029 4455 2347 4519 nonnullos,

2464 1985 2586 2036 τινά
2629 1985 3120 2052 περισπούδαστον.
3167 1984 3432 2037 Ἐτελεῖτο
3465 1985 3520 2037 δὲ
3556 1984 3728 2036 ταῦτα
3779 1985 3866 2051 ἐφ’
3905 1985 4048 2044 ὅλοις

2464 2075 2834 2145 νυχθημέροις
2859 2076 3015 2142 δέκα,
3051 2077 3150 2145 τῆς
3186 2076 3425 2145 πληθύος
3460 2077 3548 2128 ἀεὶ
3597 2075 3708 2127 τῶν
3737 2075 4047 2144 χρημάτων

2465 2167 2872 2237 ἐκφορουμένης
2906 2168 3010 2220 ἀπὺ
3035 2169 3133 2238 τῆς
3163 2168 3368 2229 πόλεως
3407 2167 3503 2236 τῆς
3537 2185 3596 2219 τε
3653 2167 3846 2236 λοιπῆς
3879 2169 4049 2234 ἀναγ-

2466 2257 2629 2318 καίας
2669 2255 2824 2324 ὕλης,
2855 2259 2950 2328 Eur;
2999 2257 3087 2310 διὰ
3125 2258 3358 2328 σηρικῆς
3406 2258 3626 2328 ἐσθῆτος
3669 2258 3952 2328 εὐπρεπὴς
3981 2255 4050 2328 ἦν

2464 2348 2558 2401 καὶ
2579 2349 2676 2419 ὅση
2701 2349 2786 2401 διὰ
2808 2350 2954 2402 λίνου
2987 2352 3099 2412 τοῖς
3144 2351 3460 2419 ἀραχναίοις
3481 2351 3527 2381 ⁹⁸
3557 2350 3744 2420 ἧριξεν
3784 2351 4047 2420 ὑφάσμα-

2467 2457 2570 2507 σιν,
2598 2442 2671 2504 ὡς
2699 2443 2800 2512 ὅρη
2827 2443 2918 2496 xui
2945 2443 3164 2510 βουνοὺς
3190 2441 3530 2494 ἐκτελεῖσθαι
3553 2443 3652 2504 τὰς
3703 2443 3909 2495 τούτων
3937 2461 4046 2496 σω-

2469 2531 2640 2601 ρείας,
2667 2531 2842 2583 ἄλλων
2869 2533 2952 2582 ἐπ’
2976 2531 3155 2592 ἄλλοις
3181 2530 3576 2598 ἐπιτιθεμένων
3597 2529 3798 2581 καὶτὸν
3822 2529 4049 2581 ὑποκεί-

2469 2641 2626 2693 μενον
2654 2624 2818 2675 τόπον
2843 2624 3220 2692 πληρούντων.
3251 2621 3487 2674 Χαλκῶν
3522 2621 3630 2690 γάρ
3660 2622 3749 2672 καὶ
3780 2620 4049 2689 σιδηρέων

2468 2716 2677 2768 σκευῶν
2707 2716 2738 2784 ἣ
2771 2715 2878 2767 τῶν
2933 2715 2990 2778 ἐξ
3032 2713 3196 2783 ἐρίων
3242 2712 3568 2781 ἐσθημάτων
3620 2712 3887 2779 οὐμενοῦν
3934 2713 4047 2764 οὐδ’

2471 2807 2606 2869 ὅλως
2653 2806 3010 2875 ἐφρόντισαν,
3065 2804 3318 2872 περιττὸν
3351 2803 3644 2873 ἡγούμενοι
3694 2803 3796 2872 τὴν
3847 2803 4048 2871 κτῆσιν

2464 2898 2665 2952 αὐτῶν.
2706 2899 2770 2948 Εἴ
2799 2916 2898 2949 που
2931 2899 2985 2948 δέ
3016 2913 3067 2948 τι
3092 2895 3332 2949 τοιοῦτον
3358 2896 3580 2962 ἀγαγὼν
3618 2895 3775 2946 ἔλαθέ
3815 2913 3900 2956 τις
3921 2937 3935 2956 ,
3971 2897 4049 2962 τῷ

2464 2991 2560 3058 τῆς
2591 2990 2867 3058 οαῖἀσσης
2902 2989 3202 3042 δεδώκασιν
3233 2988 3409 3052 ὕδατι,
3440 2991 3542 3042 κάν
3569 2989 3740 3058 τούτῳ
3768 2993 3894 3051 τοὺς
3929 2991 4046 3042 δια-

2461 3083 2694 3151 δράντας
2724 3083 2813 3134 τὸν
2858 3082 3102 3134 κίνδυνον
3136 3082 3492 3151 ἀμυνόμενοι,
3532 3082 3618 3132 ἴνα
3669 3083 3762 3133 καὶ
3811 3083 3966 3134 αὐτοί
3995 3100 4049 3134 τι

2467 3175 2733 3242 μετέχωσι
2775 3173 2865 3225 τοῦ
2913 3171 3107 3236 κακοῦ,
3141 3172 3436 3241 πολυσχιδῆ
3496 3172 3589 3226 καὶ
3623 3173 3888 3243 διάφορον
3944 3176 4048 3241 τὴν

2461 3265 2568 3316 τῶν
2601 3264 3020 3334 ἐνυπαρχόντων
3066 3265 3269 3333 ζημίαν
3303 3263 3774 3331 ἐπαισθανόμενοι.

2526 3356 2620 3408 νθ’.
2643 3353 2750 3408 ἾΙν
2771 3358 2826 3410 δέ
2854 3374 2937 3418 τις
2965 3359 3103 3425 μετά
3119 3357 3213 3408 τοῦ
3240 3355 3433 3408 λοιποῦ
3462 3355 3698 3424 πλήθους
3735 3356 3844 3406 τῶν
3887 3359 4048 3423 αἰχμ-

2455 3446 2678 3499 αλώτων
2709 3447 3036 3514 συλληφθεὶς
3064 3446 3321 3515 εὐνοῦχος
3369 3446 3462 3498 τοῦ
3492 3444 3754 3514 βασιλέως
3813 3446 3908 3496 καὶ
3938 3446 4048 3495 τῶν

2455 3539 2652 3607 ἐξόχων
2700 3532 2798 3600 εἷς,
2848 3537 3179 3606 Ῥοδοφύλης
3209 3537 3350 3590 οὕτω
3387 3535 3744 3603 καλούμενος,
3804 3536 3863 3595 ὃς
3889 3536 4046 3602 ἔτυχε

2455 3629 2559 3698 πρὸ
2588 3629 2788 3695 μικροῦ
2815 3626 2909 3679 τοῦ
2945 3626 3192 3679 κινδύνου
3225 3626 3323 3697 τὴν
3368 3628 3458 3677 ἐπὶ
3494 3627 3654 3678 Λύσιν
3681 3626 3918 3688 σταλεὶς,

2452 3739 2614 3773 τινων
2644 3720 2843 3790 χρειῶν
2885 3721 3068 3771 ἕνεκεν
3097 3720 3234 3788 πρὸς
3264 3723 3328 3788 τῇ
3393 3720 3542 3771 πόλει
3576 3721 3890 3787 γενόμενος,
3929 3722 4048 3788 μεθ’

3955 3630 4048 3678 καί

2454 3812 2609 3881 ἡμῶν
2646 3809 3067 3878 συγκλεισθῆναι
3090 3811 3184 3862 καὶ
3222 3811 3329 3862 τῶν
3357 3811 3631 3879 ῥηθέντων
3664 3809 3908 3880 ἀνιαρῶν
3948 3830 4029 3877 με-

2453 3904 2672 3970 τασχεῖν
2699 3919 2710 3930 ·
2743 3901 2801 3963 ὃς
2824 3901 2914 3953 xui
2942 3900 3163 3970 ἐκόμιζε
3202 3900 3318 3971 μεθ’
3340 3900 3536 3952 ἐαυτοῦ
3569 3901 3768 3970 πλῆθος
3791 3903 4046 3970 χρυσίου,

2455 3994 2590 4062 ὅπερ
2619 3993 2802 4061 ἔλεγεν
2832 3994 3068 4060 ἀπάγειν
3087 3992 3405 4062 ἐπικουρίας
3424 3993 3568 4056 τινὸς
3589 3995 3749 4061 χάριν
3779 3993 3877 4045 τοῦ
3905 3998 4048 4045 κατα

2456 4081 2708 4134 Σικελίαν
2762 4080 3029 4150 στρατοῦ,
3093 4081 3542 4151 συμπλεκομένου
3597 4084 3710 4143 τοῖς
3749 4083 3894 4134 κατά
3946 4083 4048 4149 τὴν

2467 4174 2732 4242 ’Λφρικὴν
2762 4173 3059 4244 βαρϐάροις
3099 4173 3185 4224 ἀεὶ
3212 4174 3304 4225 xui
3333 4173 3532 4241 πολλῆς
3561 4173 3820 4240 δεομένου
3852 4176 3953 4242 τῆς
3993 4179 4050 4224 ἐν

2454 4269 2565 4329 τοῖς
2592 4266 2880 4335 πράγμασι
2905 4265 3218 4335 συνεργίας.
3249 4261 3418 4328 Οὗτος
3447 4262 3539 4319 οὖν
3571 4267 3712 4318 κατά
3740 4269 3842 4333 τὴν
3872 4267 4055 4318 νύκτα

2459 4359 2578 4428 μεθ’
2614 4361 2681 4428 ἢν
2711 4359 2802 4410 τοῦ
2839 4357 3085 4410 κινδύνου
3111 4357 3210 4427 τὴν
3227 4361 3425 4427 πεῖραν
3450 4357 3685 4419 ἅπαντες
3714 4358 4050 4423 ἐδεξάμεθα,

2455 4450 2664 4516 ἔλαθεν,
2692 4451 2791 4502 οὐκ
2824 4446 2919 4502 οἶδ’
2946 4451 3114 4512 ὅπως.
3136 4451 3443 4517 ἐξενεγκεῖν
3470 4449 3572 4517 τῆς
3604 4449 3813 4512 πόλεως
3829 4452 3890 4500 τὸ
3914 4466 4052 4518 χρυ-

779 4537 962 4590 nescio
997 4541 1296 4606 quomodo.
1330 4543 1464 4596 urbe
1486 4544 1756 4596 extulerat
1782 4553 1946 4614 atque
1995 4547 2061 4599 ad
2103 4546 2348 4611 Strymo-

2459 4541 2569 4592 σίον
2600 4541 2776 4591 ἐκεῖνο
2796 4537 2882 4610 [1³.
2913 4537 3038 4609 566]
3079 4541 3214 4607 μετά
3247 4539 3340 4590 καί
3371 4556 3532 4590 τινων
3581 4540 3690 4590 τῶν
3728 4541 4048 4608 ὑπηρετου-

777 4628 862 4680 nis
887 4629 1079 4683 ducem
1114 4632 1360 4698 miserat,
1393 4635 1536 4690 datis
1559 4637 1758 4690 litteris
1793 4638 1897 4690 hoc
1929 4645 2142 4701 tenore,
2186 4650 2245 4693 ut
2283 4643 2349 4695 ad

780 4720 902 4772 belli
943 4737 1115 4790 usque
1150 4725 1356 4778 exitum
1386 4730 1672 4795 pecuniam
1705 4732 1971 4784 creditam
2025 4743 2144 4786 tuto
2173 4749 2354 4787 serva-

779 4819 880 4863 ret.
911 4809 1118 4880 Captus
1155 4815 1322 4884 igitur
1378 4815 1776 4891 Rbodopliylus
1830 4831 1884 4876 et
1935 4823 2000 4876 ad
2060 4820 2352 4895 tyrannum

776 4902 1047 4959 adductus
1089 4905 1165 4960 illi
1207 4923 1390 4962 coram
1443 4910 1674 4967 sistitur.
1713 4897 1824 4969 ‘llle
1859 4927 2082 4986 aspectu
2121 4927 2353 4983 mutato,

778 4997 1078 5066 majorique
1107 5015 1267 5067 quam
1299 5001 1535 5056 habebat
1563 5013 1722 5058 antea
1752 5021 1818 5059 ex
1867 5006 2050 5061 indole
2095 5007 2354 5063 ﬁrmitate

776 5101 844 5140 ac
876 5088 1227 5144 vehementia
1254 5089 1332 5145 illi
1376 5108 1727 5163 congressus,
1772 5097 2146 5167 interrogabat
2183 5118 2196 5152 :
2231 5100 2350 5155 Ubi-

777 5193 922 5233 nam.
954 5177 1154 5247 inquit.
1185 5181 1520 5251 imperatoris
1549 5202 1764 5250 aurum,
1787 5187 1889 5239 duo
1913 5189 2110 5242 scilicet
2145 5190 2350 5245 talenta

775 5286 893 5338 qua!
914 5271 967 5324 in
989 5269 1228 5328 Siciliam
1257 5280 1475 5330 avehere
1498 5280 1679 5348 jussus
1717 5297 1768 5333 es
1795 5281 1820 5332 ?
1849 5281 1917 5335 At
1943 5282 2302 5353 Rodophylus
2335 5301 2349 5336 ε

779 5360 886 5414 Hoc
921 5364 1114 5433 ipsum,
1144 5368 1195 5419 in
1229 5367 1392 5438 570
1420 5386 1521 5439 quo
1554 5379 1601 5423 et
1627 5388 1825 5436 versor,
1861 5374 2004 5426 urbis
2045 5373 2240 5427 scilicet
2263 5392 2352 5427 cx-

775 5459 967 5511 cidium
997 5461 1211 5523 veritus,
1237 5464 1473 5534 quodque
1505 5483 1597 5536 ego
1621 5468 1749 5533 ipse,
1773 5485 1890 5521 cum
1915 5485 2142 5537 prazsens
2161 5486 2346 5533 essem,

779 5558 928 5602 tanta
969 5561 1203 5606 vertente
1249 5557 1479 5623 periculo
1527 5561 1670 5611 haud
1700 5561 1937 5613 secedere
1968 5570 2227 5629 poteram,
2258 5580 2351 5616 nec

777 5655 894 5708 qua!
922 5660 1155 5697 mearum
1187 5649 1415 5715 partium
1445 5661 1610 5703 essent
1634 5651 1889 5720 conferre,
1928 5655 2158 5706 omnium
2187 5654 2240 5706 in
2271 5671 2348 5706 mc

2458 4633 2636 4702 μένων
2682 4631 2854 4701 αὐτῷ,
2910 4634 3003 4683 καὶ
3035 4631 3171 4698 πρὸς
3222 4631 3312 4683 τὸν
3377 4631 3684 4709 στρατηγὸν
3735 4632 4052 4701 Στρυμόνος

2454 4722 2851 4788 ἐξαποστεῖλαι,
2883 4723 3125 4792 χαράξας
3157 4722 3446 4790 ἐπιστολὴν
3476 4723 3836 4792 περιέχουσαν
3864 4725 4052 4790 ἀσφα-

2454 4817 2560 4878 λῶς
2600 4815 2890 4884 φυλάττειν
2919 4815 3075 4867 τοῦτο
3116 4816 3278 4885 μέχρι
3303 4815 3401 4884 τῆς
3434 4815 3716 4877 ἐκϐάσεως
3746 4814 3842 4867 τοῦ
3879 4816 4052 4868 πολέ-

2459 4931 2586 4984 μου.
2615 4913 2911 4981 Χειρωθεὶς
2951 4908 3044 4965 οὖν
3090 4905 3244 4976 οὗτος
3295 4912 3434 4983 ἢχθη
3483 4912 3625 4964 κατά
3657 4913 3716 4964 τὸ
3745 4913 4050 4981 πρόσωπον

2454 5006 2549 5058 τοῦ
2568 5005 2853 5076 τυράννου.
2898 5003 2957 5058 Ὀ
3011 5006 3188 5076 δὲτὴν
3228 5005 3444 5075 μορφὴν
3490 5004 3811 5066 ἀλλοιώσας,
3847 5005 4053 5075 ἐμϐρι-

2449 5099 2700 5165 θέστερόν
2725 5113 2782 5150 τε
2813 5099 3012 5168 μᾶλλον
3047 5101 3080 5162 ἦ
3112 5100 3376 5169 πρότερον
3406 5094 3518 5168 εἶχε
3551 5099 3688 5168 πρὸς
3710 5098 3878 5150 αὐτὸν
3906 5117 4049 5169 χρη-

2449 5192 2703 5258 σάμενος,
2735 5192 3010 5260 ἀνηρώτα.
3051 5191 3173 5244 Ποῦ
3197 5191 3294 5258 δὴ,
3325 5193 3481 5260 φησὶ,
3505 5191 3568 5244 τὸ
3597 5190 3704 5244 τοῦ
3728 5191 4051 5257 βασιλέως

2449 5281 2728 5346 χρυσίον,
2760 5279 2828 5332 τὰ
2858 5280 2967 5334 δύο
2985 5279 3251 5332 τάλαντα
3279 5280 3431 5347 ἅπερ
3445 5281 3543 5334 ἐπὶ
3571 5283 3859 5334 Σικελίαν·
3873 5281 4048 5348 ἄγειν

2448 5371 2739 5439 ἐτάχθης;
2784 5374 2843 5425 '0
2870 5372 2947 5436 δὲ,
2977 5371 3163 5426 Τοῦτο
3187 5373 3286 5438 δὴ.
3324 5375 3510 5441 φησιν,
3539 5376 3625 5439 εις
3659 5372 3806 5440 ὅπερ
3845 5376 4049 5427 κατεί-

2458 5470 2705 5535 λημμαι,
2744 5465 2950 5532 δεδιὼς
2980 5505 2994 5528 ,
3027 5466 3141 5534 τὴν
3189 5467 3542 5534 πολιορκίαν
3577 5465 3731 5535 λέγω
3778 5465 3892 5532 τῆς
3937 5468 4049 5519 πό-

2457 5561 2629 5623 λεως,
2658 5557 2900 5625 ἐπείπερ
2934 5559 3120 5621 αὐτὸς
3147 5557 3263 5626 ἐγὼ
3297 5557 3475 5624 δεῦρο
3511 5558 3710 5627 τυχὼν
3732 5559 4049 5624 ἀδυνάτως

2457 5647 2625 5720 εἶχον
2673 5653 2965 5705 τοσούτου
3022 5651 3308 5704 κινδύνου
3362 5651 3659 5718 παρόντος
3711 5654 4048 5720 ὑποχωρεῖν·

2073 5744 2301 5799 νΑίῖΙίΕ
2359 5743 2767 5797 LECTIUNES.

850 5828 896 5861 ³³
935 5828 1295 5896 καθιστῶντες
1346 5835 1450 5888 Δι’.
1527 5838 1571 5867 ⁴³
1605 5839 1994 5907 κεκρυμμένην
2033 5840 2096 5894 Δ.

2174 5841 2217 5871 ’³
2261 5839 2420 5892 πάλιν
2482 5839 2539 5891 ἐν
2573 5841 2682 5903 τοῖς
2718 5838 2776 5891 1³.

2855 5840 2899 5871 ’³
2951 5837 3096 5892 λινοῦ
3152 5840 3260 5902 τοῖς
3329 5837 3608 5908 ἀραχνίοις
3646 5839 3756 5892 ΛΡ.
