4174 6442
82 429 187 490 509

1155 425 1253 483 DE
1280 420 2065 483 EXCIDIOTHESSALOX
2085 421 2239 481 ιρις.

3231 424 3334 487 0'16

82 537 178 589 καί
213 538 301 606 μὴ
338 534 411 587 τὰ
468 535 601 603 παρ’
657 533 876 588 ἑαυτοῦ
929 533 1259 595 δεικνύναι,
1296 534 1536 588 πάντων
1585 536 1671 599 εις

1779 536 2030 584 conversis
2061 532 2245 595 oculis,
2290 540 2345 584 ut
2392 532 2480 601 qui
2536 534 2608 585 eis
2664 533 2867 604 aliquid
2922 535 3245 589 conducibile
3282 552 3347 591 ac

83 628 183 697 ἐμὲ
200 628 570 693 ,ϐλεπόντων
605 628 685 691 ὡς
717 625 795 678 ἄν
828 644 883 680 τι
915 627 1187 695 χρηστὸν
1218 627 1425 692 αὐτοῖς
1450 628 1546 680 καὶ
1588 623 1668 689 τῷ

86 718 267 786 καιρῷ
304 718 498 781 τούτῳ
554 715 853 785 χρήσιμον
904 715 1247 784 δυνάμενον
1304 713 1667 783 παρασχεῖν,

85 799 305 862 τούτου
337 808 415 873 δὴ
442 808 615 877 χάριν
635 811 703 861 τὸ
720 808 839 876 μὲν
864 808 1122 875 χρυσίον
1157 806 1353 859 ἐκεῖνο
1403 806 1513 872 τῆς
1562 808 1670 859 πό-

85 909 235 963 .tewc
269 901 664 969 ὑπεξήγαγον
715 904 819 969 (οὐ
876 901 986 967 γὰρ
1045 898 1365 967 ἠδυνάμην
1415 896 1671 965 ἀκριϐῶς

82 983 225 1051 περὶ
255 986 504 1057 ἀδήλων
549 990 968 1058 στοχάσασθαι
1000 993 1099 1057 ⁸⁵⁸),
1136 991 1249 1057 ἐγὼ
1276 990 1344 1042 δέ
1371 1007 1469 1042 σοι
1527 1004 1674 1054 παρ-

86 1097 321 1141 mnam
344 1081 605 1146 τήμερον
619 1080 1019 1147 δορυάλωτος,
1043 1080 1293 1135 πολλῶν
1314 1080 1517 1132 ἄλλων
1536 1097 1672 1144 χρη·

83 1177 291 1243 μάτων
334 1173 662 1240 παραίτιος,
690 1173 815 1241 εἴγε
840 1170 1023 1232 ζῶντά
1050 1188 1124 1239 με
1155 1172 1251 1223 καὶ
1278 1169 1509 1235 ἀϐλαΕῆ
1529 1186 1675 1221 συν-

88 1264 439 1331 τηρήσειας.
493 1263 805 1333 Ἀχθεσθεὶς
838 1262 930 1316 οὖν
988 1265 1081 1315 ἐπὶ
1128 1264 1341 1325 τούτοις
1389 1264 1418 1314 ὁ
1462 1262 1674 1314 ἁλαῖιὶιλ

90 1356 319 1417 ἐκεῖνος,
348 1357 444 1409 καὶ
473 1356 563 1408 τὸν
592 1353 763 1424 θυμὸν
783 1358 963 1416 ὁποῖος
994 1357 1037 1386 ’⁷
1062 1355 1226 1406 αὑτὸν
1250 1349 1363 1422 εἶχε
1387 1355 1472 1408 διά
1494 1373 1545 1403 τς
1572 1356 1626 1404 τι·
1662 1376 1673 1397 μ’

91 1448 391 1517 ὀφθαλμῶν
444 1453 538 1500 καὶ
585 1451 680 1515 τῆς
714 1448 896 1514 φωνῆς
954 1447 1175 1514 ἔκδηλον
1230 1451 1580 1505 καταπτύσας
1609 1446 1673 1501 “.

94 1539 277 1607 βύθιον
304 1539 611 1607 ἐξεϐόησεν.
668 1536 1017 1607 Ἐπειδήπρρ
1044 1578 1057 1598 ,
1092 1542 1275 1607 φησὶν,
1310 1542 1420 1590 οὐκ
1460 1540 1679 1603 ἔμαθεν

90 1635 152 1683 ἐκ
188 1629 313 1684 τῶν
342 1629 747 1698 προκειμένοιν·
774 1628 1177 1694 ἁδιάδραστον
1229 1625 1381 1681 εἶναι
1412 1631 1526 1693 τὴν
1574 1630 1678 1679 τοῦ

92 1724 359 1775 θανάτου
377 1721 591 1789 ψῆφον
619 1719 743 1785 τοῖς
755 1719 839 1788 μὴ
861 1719 931 1771 τὰ
956 1719 1141 1772 οίκεῖα
1163 1720 1436 1787 χρήματα
1457 1721 1683 1785 λύτρον

92 1812 589 1881 παρεχομένοις-ο
618 1810 729 1878 τῆς
776 1811 1259 1878 γυναικωνίτιδος
1284 1807 1482 1875 οὗτος,
1541 1808 1681 1862 ἀλλ’

1775 624 2000 692 tempori
2033 632 2385 692 opportunum
2428 630 2686 691 prtestare
2745 624 2966 691 forsitan
3007 643 3230 695 possem,
3287 628 3347 679 ob

1774 727 1890 765 eam
1921 712 2100 779 utique
2134 727 2352 763 causam
2386 726 2576 763 aurum
2612 708 2746 763 illud
2778 722 2977 763 secreto
3000 714 3127 767 urbe
3156 728 3349 781 exporu

1776 806 1898 855 tnui.
1938 804 2053 856 Non
2080 805 2219 856 enim
2241 804 2304 854 de
2323 804 2551 856 obscuris
2597 819 2659 856 ac
2685 802 2853 855 dubiis
2880 804 3007 855 certi
3053 805 3252 873 aliquid
3279 804 3353 856 ίὶ-

1776 896 1920 947 cebat
1953 895 2259 960 coniectari.
2297 892 2466 947 Porro
2497 910 2589 964 ego
2614 895 2705 947 tibi
2729 896 2878 947 hodie
2919 898 3155 962 captivus
3209 906 3348 963 asto,
3418 907 3425 914 '

1780 985 2067 1045 multarum
2098 985 2332 1039 aliarum
2376 987 2718 1054 pecuniarum
2753 988 2845 1040 tibi
2885 997 3072 1040 auctor
3115 990 3348 1057 futurus,

1776 1078 1821 1128 si
1846 1094 2007 1130 unum
2044 1093 2124 1130 me
2147 1078 2319 1130 vivum
2342 1083 2502 1145 atque
2534 1093 2567 1129 a
2596 1092 2733 1128 noxa
2767 1076 2985 1131 liberum
3034 1081 3349 1133 servaveris.

1781 1170 1937 1223 Hisce
1994 1168 2270 1237 superbus
2312 1169 2406 1223 ille
2457 1178 2768 1223 commotus
2851 1178 2907 1223 et
2963 1186 3105 1239 aegre
3149 1171 3353 1238 ferens,

1779 1275 2113 1328 omnemque
2143 1261 2323 1329 ipsum
2375 1260 2722 1315 obsidentem
2763 1260 2943 1315 oculis
2974 1273 3222 1330 voceque
3280 1263 3357 1314 fu-

1781 1368 1958 1405 rorem
1987 1353 2244 1421 prodens,
2266 1353 2387 1407 imis
2418 1368 2485 1406 ex
2515 1353 2835 1422 praecordiis
2860 1354 3105 1407 intonuit
3134 1372 3146 1407 :
3173 1354 3358 1418 (λιιαη-

1781 1442 2081 1510 doquidem,
2107 1443 2307 1510 inquit.
2342 1443 2485 1495 haud
2513 1459 2575 1496 ea:
2605 1444 2948 1511 prasentibus
2971 1445 3151 1497 didicit
3175 1448 3356 1499 mortis

1781 1530 2094 1582 sententiam
2124 1530 2313 1582 evitari
2340 1545 2445 1582 non
2475 1547 2624 1599 posse
2646 1531 2710 1585 ab
2732 1533 2809 1584 his
2843 1534 2932 1601 qui
2957 1549 3081 1586 suas
3108 1537 3357 1602 pecunias

1782 1636 1877 1686 pro
1908 1620 2265 1687 redemptione
2294 1638 2395 1674 sua
2429 1639 2532 1676 non
2564 1624 2906 1692 prtebuerint.
2932 1627 3013 1677 hic
3042 1628 3130 1694 qui
3166 1643 3230 1679 ea:
3260 1645 3355 1697 gy-

1784 1710 1944 1763 na'cio
1975 1719 2071 1773 est,
2102 1711 2195 1763 sed
2224 1711 2364 1765 velut
2386 1714 2441 1766 in
2474 1731 2632 1768 scena
2657 1731 2771 1769 sese
2788 1721 2898 1785 ipse
2923 1726 3174 1781 ostentat,
3209 1736 3351 1771 men-

1782 1803 1921 1855 dacii
1948 1802 2156 1857 larvam
2186 1804 2327 1858 velut
2358 1823 2520 1876 prape
2546 1824 2655 1860 rem
2691 1825 2943 1877 magnam
2979 1827 3041 1862 ac
3078 1811 3357 1863 admiran-

90 1907 295 1972 ὥσπερ
323 1903 424 1955 ἐπί
459 1901 698 1969 σκηνῆς
728 1901 1021 1964 ἐπίδειξιν
1038 1901 1307 1961 ποιεῖται,
1341 1901 1406 1952 τὸ
1427 1900 1675 1967 πλάσμα

1779 1893 1905 1947 dam
1955 1896 2206 1950 adversus
2261 1914 2415 1950 suam
2465 1900 2736 1967 proferens
2799 1901 3052 1967 salutem,
3104 1919 3260 1956 coras
3309 1912 3358 1955 et

92 1997 194 2050 τοῦ
224 1995 501 2062 ψεύδους
532 1992 686 2062 μέγα
718 1993 816 2045 καὶ
840 1992 1190 2060 θαυμαστόν
1220 1990 1351 2045 οἷον
1374 1995 1523 2046 κατὰ
1570 1992 1679 2059 τῆς

92 2086 308 2140 ἑαυτοῦ
327 2086 819 2151 προϐαλλόμενος
840 2084 1157 2149 σωτηρίας,
1187 2084 1435 2152 ρἁδοις
1468 2085 1680 2140 τυπτέ-

90 2183 214 2231 σθω
246 2179 321 2231 τά
353 2195 417 2231 τε
448 2179 618 2247 ίσχία
636 2180 732 2231 καὶ
766 2178 837 2231 τὰ
856 2178 1007 2231 κατὰ
1028 2178 1134 2231 τὸν
1174 2178 1368 2232 νῶτον
1393 2178 1567 2249 μέρη,
1599 2183 1679 2247 ὡς

90 2270 163 2323 ἂν
196 2272 243 2302 ’³
282 2272 415 2338 ἄρτι
440 2268 562 2337 γνῷ
586 2268 823 2336 πρῶτον
850 2270 965 2323 τίνι
999 2270 1359 2337 ,παρίσταται
1392 2272 1491 2325 καί
1544 2274 1677 2341 περὶ

91 2365 273 2415 τίνων
302 2363 639 2430 διαλέγεται
658 2404 672 2421 .
732 2361 831 2413 καί
853 2361 940 2429 μὴ
993 2362 1312 2430 χρημάτων
1344 2364 1680 2431 ἀλλοτρίων

90 2451 489 2520 ἀμφισϐητῶν
536 2451 643 2503 τὸν
667 2451 801 2517 περὶ
846 2450 1055 2519 ψυχῆς
1080 2451 1276 2516 ἑαυτῷ
1304 2453 1679 2521 πεμποιῆται

92 2544 402 2595 κίνδυνον.
432 2545 493 2595 Οἱ
514 2542 818 2612 λειτουργοὶ
850 2539 943 2594 οὖν
970 2540 1080 2594 τῶν
1132 2542 1333 2595 ἀδίκων
1363 2545 1563 2612 φόνων,
1598 2545 1677 2609 ὼς

96 2636 253 2701 μόνον
284 2630 425 2686 εἶδον
456 2635 619 2686 αὐτὸν
652 2633 769 2702 μεθ’
800 2632 1120 2703 ὑποσυρμοῦ
1143 2634 1329 2704 φωνῆς
1356 2636 1450 2688 καὶ
1481 2638 1679 2705 μανίας

91 2729 186 2795 τὴν
216 2725 482 2795 τοιαύτην
518 2725 699 2795 ψῆφον
723 2726 866 2778 κατὰ
898 2724 991 2776 τοῦ
1026 2724 1261 2786 ἑστῶτος
1310 2727 1676 2797 ἐξενεγκάμε-

95 2835 199 2879 κον,
236 2818 434 2870 θᾶττον
462 2818 621 2884 λόγου
653 2817 850 2879 παντὸς
875 2820 938 2886 τῇ
964 2818 1034 2886 γῇ
1065 2816 1252 2870 τοῦτον
1274 2819 1672 2891 πωσέρῤαξαν,

94 2910 181 2959 καὶ
200 2906 499 2969 τοσαύταις
529 2906 780 2975 βάλλουσι
802 2907 1054 2974 πληγαῖς,
1081 2907 1156 2970 ὡς
1188 2910 1264 2977 μὴ
1296 2909 1390 2960 ἐπὶ
1417 2909 1557 2961 πολὺ
1584 2912 1678 2963 ἀν-

90 3002 297 3069 τισχεῖν
322 2997 420 3051 τοῦ
448 2998 633 3051 ἀθλίου
661 2998 721 3050 τὸ
746 2997 925 3065 σῶμα,
951 2997 1064 3049 ἀλλ’
1087 2998 1167 3060 είς
1194 2998 1363 3051 πολλὰ
1384 2998 1674 3070 διαιρεθὲν,

92 3093 321 3153 καὶτοῖς
352 3091 561 3160 ὀχετοῖς
596 3089 707 3142 τῶν
732 3088 980 3159 αἱμάτων
1004 3088 1095 3142 τὸν
1130 3090 1488 3160 ὑποκείμενον
1514 3092 1677 3144 τόπον

93 3182 419 3252 πληρῶσαν,
458 3178 632 3243 οὕτως
661 3182 761 3250 τὴν
792 3180 972 3251 ψυχὴν
1016 3182 1332 3250 ἐπαφεῖναι,
1384 3186 1676 3255 καρτερεῖν

1784 1987 2030 2056 scapulas
2056 1989 2277 2058 fustibus
2292 1992 2669 2054 contundatur,
2704 2002 2759 2045 ut
2786 2010 2923 2045 nunc
2949 1995 3163 2047 tandem
3190 2011 3360 2063 agno-

1783 2090 1892 2131 scat
1922 2082 2004 2133 cui
2043 2090 2179 2134 astet
2208 2088 2256 2134 et
2279 2082 2342 2134 de
2374 2083 2557 2150 quibus
2578 2083 2853 2152 loquatur,
2897 2093 2945 2137 ct
2986 2102 3051 2137 ne
3077 2088 3140 2139 de
3170 2086 3357 2142 alienis

1786 2172 2017 2241 pecuniis
2046 2174 2314 2242 ambigens
2343 2177 2463 2228 vita
2495 2177 2593 2230 sibi
2636 2176 2929 2246 periculum
2956 2188 3209 2231 arcessat.
3255 2179 3356 2232 Mi-

1786 2264 1943 2318 nistri
1973 2265 2140 2333 igitur
2172 2266 2489 2337 iniquarum
2547 2269 2800 2327 caedium.
2841 2281 2900 2325 ut
2944 2271 3120 2324 solum
3179 2272 3356 2339 ipsum

1780 2355 2044 2410 viderunt
2067 2358 2229 2425 longo
2263 2360 2413 2413 vocis
2447 2367 2620 2413 tractu
2649 2360 2822 2415 effusa
2858 2361 3067 2414 insania
3092 2363 3358 2416 adversus

1782 2462 1970 2501 coram
2019 2459 2253 2503 stantem
2314 2451 2505 2505 tulisse
2572 2454 2926 2514 sententiam,
2993 2456 3141 2508 (διηΠί
3189 2458 3359 2510 verbo

1784 2540 1940 2594 ocius
1981 2540 2258 2596 hominem
2291 2542 2448 2613 5'71
2483 2543 2634 2596 humi
2693 2545 2949 2605 allidunt,
3004 2556 3192 2615 totque
3241 2566 3358 2601 ma-

1777 2642 1937 2687 ctant
1966 2634 2293 2689 verberibus
2323 2644 2382 2689 ut
2421 2636 2608 2691 miseri
2638 2652 2840 2706 corpus
2869 2654 2975 2691 non
3010 2640 3103 2693 diu
3139 2641 3359 2695 restite-

1788 2725 1879 2785 rit,
1912 2726 2006 2778 sed
2041 2727 2095 2780 in
2136 2727 2305 2780 multa
2364 2729 2671 2792 concisum,
2702 2729 3060 2800 subjectoque
3093 2732 3208 2786 solo
3236 2748 3362 2787 san-

1785 2817 2011 2885 guinum
2086 2818 2220 2872 rivis
2278 2818 2523 2888 impleto,
2576 2820 2743 2872 tantis
2809 2820 3021 2874 scilicet
3078 2822 3362 2877 doloribus

1787 2909 1962 2978 impar
2000 2924 2065 2963 ac
2086 2910 2444 2971 cruciatibus.
2473 2914 2710 2966 animam
2738 2912 3021 2968 elllaverit.
3066 2916 3181 2969 Jaxu
3226 2933 3359 2984 ergo

1785 3000 1878 3054 illo
1942 2998 2246 3071 defatigato
2286 3017 2350 3057 ac
2392 3002 2699 3064 fatiscente,
2759 3019 2883 3056 cum
2946 3020 3048 3057 nec
3097 3016 3362 3059 cruentos

1785 3099 2022 3145 tortores
2048 3107 2138 3147 res
2172 3093 2389 3157 lateret,
2423 3095 2541 3163 ipso
2575 3096 2687 3165 jam
2720 3096 2991 3151 exstincto
3035 3107 3091 3151 et
3122 3113 3149 3149 a
3184 3109 3359 3153 morte

1786 3182 1996 3237 caedere
2026 3183 2390 3251 desinebant;
2440 3201 2565 3241 cum
2596 3184 2686 3239 vix
2736 3186 2955 3239 tandem
3008 3188 3363 3244 inexorabilis

92 3251 212 3334 ταῖς
262 3272 544 3344 δριμείαις
601 3271 839 3335 ἐκείναις
891 3271 1183 3342 ἀλγηδόσιν
1226 3273 1329 3326 οὐκ
1383 3251 1675 3344 ἐξισχύσα-

1780 3276 1965 3331 bellua
1998 3276 2135 3334 iram
2179 3277 2513 3331 remittens:
2548 3278 2676 3331 Esto
2728 3280 2808 3331 hic
2861 3296 3086 3348 quoque,
3159 3282 3358 3350 inquit.

86 3382 190 3419 σαν
251 3367 293 3419 ³.
331 3365 422 3426 Ὠς
480 3361 572 3416 οὖν
621 3362 891 3433 ἀπείρηκε
938 3364 1032 3416 καὶ
1079 3363 1235 3433 δῆλος
1265 3360 1334 3433 ἦν
1363 3366 1476 3427 τοῖς
1506 3365 1677 3434 ὠμοῖς

88 3456 321 3519 ἐκείνοις
348 3454 691 3526 δορυφόροις,
720 3453 920 3525 μηκέτι
956 3453 1055 3517 τὰς
1094 3453 1309 3523 πληγὰς
1334 3456 1541 3523 ἀφιεῖσι
1585 3458 1679 3509 καὶ

94 3548 229 3617 μετὰ
262 3549 525 3619 θάνατον,
571 3545 723 3616 μόλις
754 3546 887 3598 ποτέ
944 3549 1045 3617 τῆς
1097 3546 1435 3617 κατεχούσης
1487 3547 1680 3602 ἐαυτὸν

1782 3385 1901 3422 cum
1935 3383 2069 3421 auro
2094 3367 2187 3421 illo
2217 3369 2272 3421 in
2298 3369 2646 3437 perditionem
2688 3387 2705 3424 :
2738 3388 2884 3429 nam.
2948 3380 3005 3423 ut
3058 3374 3282 3433 videtur.
3316 3374 3361 3425 si

1782 3463 1949 3516 etiam
1987 3461 2169 3530 fuisset
2193 3470 2481 3531 repertum,
2513 3462 2566 3515 in
2611 3478 2721 3515 rem
2775 3472 3011 3516 nostram
3061 3464 3191 3516 nihil
3238 3481 3359 3518 con-

1784 3552 2033 3606 duxisset.

86 3642 260 3711 ὀργῆς
294 3640 568 3709 περιάρας
602 3640 632 3692 ὁ
672 3638 1058 3701 δυσέντευκτος
1092 3638 1218 3710 θὴρ,
1287 3641 1505 3703 Ἔστω,
1544 3642 1699 3710 φησὶ,
1734 3644 1885 3711 μετὰ
1942 3644 2049 3697 τοῦ
2098 3642 2359 3711 χρυσίου
2422 3642 2658 3695 ἐκείνου
2714 3643 2811 3695 καὶ
2867 3638 3045 3708 οὗτος
3111 3646 3199 3709 εἰς
3244 3644 3358 3697 ἁπ-

90 3734 341 3788 ὠλειαν·
375 3732 738 3799 ἀλυσιτελὲς
767 3731 899 3801 γὰρ,
933 3732 1013 3798 ὡς
1037 3730 1256 3797 ἔοικεν,
1307 3733 1407 3786 καὶ
1429 3736 1675 3801 εὑρεθὲν
1710 3737 1788 3791 ἂν
1814 3736 2202 3791 διε-δείκνυτο.

161 3825 223 3892 ξ’.
258 3826 389 3889 Τοῖς
413 3827 468 3879 δὲ
498 3825 605 3879 τῶν
650 3826 798 3896 νηῶν
830 3829 1094 3898 ἀρχηγοῖς
1113 3827 1449 3898 προσέταττε
1482 3830 1682 3883 σκευά-

93 3919 281 3982 ζεσθαι
312 3919 452 3988 πρὸς
484 3918 578 3972 τὸν
618 3917 899 3972 ἀπόπλουν
925 3958 940 3979 .
969 3919 1071 3989 τὴν
1100 3919 1402 3984 νεάςουσαν
1424 3921 1634 3992 κούραν
1659 3924 1678 3953 ¹

93 4010 178 4079 |P.
209 4007 339 4080 367]
374 4007 469 4061 τοῦ
491 4008 729 4080 πλήθους
756 4010 1003 4081 ἀρρένων
1033 4026 1094 4063 τε
1140 4010 1239 4063 καὶ
1267 4011 1500 4079 Θηλειῶν
1528 4012 1676 4082 πρῶ-

92 4118 181 4152 τον
200 4103 323 4163 ταῖς
355 4102 548 4153 ναυσὶν
576 4101 1007 4169 εἰσενεγκόντας,
1048 4102 1121 4173 μὴ
1143 4101 1288 4155 κατὰ
1330 4102 1675 4171 συγγένειαν,

93 4194 223 4247 ἀλλὰ
255 4191 715 4262 διακεκριμένως.
746 4191 813 4245 ἵν’
844 4193 1012 4263 ἔχωσι
1046 4196 1151 4247 κάν
1188 4210 1363 4265 τούτῳ
1406 4195 1679 4265 τιμωρίαν

92 4286 151 4335 οὐ
175 4284 277 4353 τὴν
304 4283 597 4352 τυχοῦσαν,
635 4282 735 4353 τὴν
765 4282 1003 4353 φυσικὴν
1030 4281 1091 4348 ἐξ
1120 4282 1369 4355 ἀλλήλων
1391 4284 1674 4355 διαίρεσιν,

92 4372 187 4427 εἷθ’
216 4374 365 4427 οὕτω
392 4374 462 4427 τὰ
490 4375 773 4443 χρήματα,
791 4374 889 4428 καὶ
907 4374 1010 4427 ὅσα
1031 4374 1167 4429 ἄλλα
1188 4376 1300 4429 τῶν
1329 4377 1678 4447 συνειλεγμέ-

92 4485 193 4519 νων
218 4468 443 4534 φανεῖεν
471 4466 738 4535 χρήσιμα,
763 4464 1227 4535 συμφορήσαντας
1252 4466 1275 4499 ³
1292 4467 1538 4537 αὐτάρκη
1560 4468 1679 4528 ταῖς

90 4556 249 4609 ναυσὶ
280 4555 394 4609 τῶν
422 4552 722 4623 ἀγωγίμων
755 4555 1063 4625 ἐμποιῆσαι
1093 4558 1186 4611 τὸν
1215 4557 1435 4629 φόρτον.
1477 4558 1680 4624 Ἥγετο

91 4647 180 4703 οὖν
203 4649 268 4702 τὸ
301 4646 494 4713 νεάζον
521 4647 813 4719 πρόσωπον
846 4648 1017 4713 ἅπαν,
1058 4648 1216 4702 τοῦτο
1247 4650 1407 4720 μόνον
1438 4665 1674 4720 κατηγο-

93 4742 211 4810 ρίαν
231 4741 382 4811 ἔχον,
420 4740 483 4793 τὸ
514 4739 750 4811 ἀνθηρὸν
782 4740 884 4811 τῆς
916 4740 1132 4811 ἡλικίας
1171 4740 1338 4813 ητῶν
1363 4744 1673 4813 προσώπων

92 4838 181 4904 τὴν
205 4836 543 4905 ὡραιότητα.
579 4834 701 4888 Κᾶν
725 4834 834 4906 γὰρ
878 4836 913 4905 η
949 4833 1213 4906 σύγχυσις
1262 4833 1371 4889 τῶν
1413 4834 1674 4908 λυπηρῶν

92 4930 338 4991 ἅπαντας
372 4929 510 4997 πρὸς
541 4927 602 4981 τὸ
650 4927 979 4997 σκυθρωπὸν
1028 4923 1186 4999 ἦγεν,
1236 4928 1352 4983 ἀλλ’
1380 4928 1410 4981 ὁ
1443 4930 1674 4999 φυσικὸς

92 5018 379 5090 χαρακτὴρ
404 5018 593 5089 ἐδήλου
622 5021 743 5082 ταῖς
768 5016 923 5089 ὄψεσι
948 5017 1046 5091 τὴν
1073 5019 1353 5089 εὐγένειαν
1374 5038 1388 5052 ·
1413 5023 1509 5076 καὶ
1539 5022 1676 5092 πρό-

92 5130 248 5180 ςαςις
282 5112 305 5143 δ
332 5108 404 5183 ἦν
434 5114 547 5175 τοῖς
584 5112 796 5175 πολλοῖς
843 5111 906 5165 τὸ
954 5110 1169 5179 κάλλος,
1228 5113 1287 5167 ἐν
1328 5117 1442 5179 τοῖς
1481 5115 1673 5177 δεινοῖς

91 5206 287 5269 αὐτοὺς
350 5205 757 5275 προδιδόμενον.
820 5204 981 5260 Ἀλλὰ
1020 5210 1173 5260 ποῖον
1202 5207 1408 5261 τούτων
1458 5211 1674 5280 πρῶτον

91 5296 289 5359 ἐξείπω
321 5294 384 5360 ⁸;
421 5297 574 5348 ποῖον
604 5297 662 5349 δέ
697 5296 818 5349 κατ’
856 5296 1016 5363 ἀξίαν
1048 5297 1409 5369 ἐλεεινότερον
1460 5300 1668 5369 κρίνω;

92 5390 246 5441 ὁπότε
271 5388 557 5459 συμμιγής
601 5404 685 5451 τις
715 5389 735 5419 ⁸
765 5390 859 5441 καὶ
906 5389 1136 5461 σφοδρὸς
1171 5391 1443 5463 ἀνήγερτο
1475 5390 1673 5463 θρῆνος

94 5481 553 5551 ὃιχοτομουμένης
574 5480 675 5549 τῆς
705 5480 1221 5552 φύσεως,ὰλλή).ου;
1240 5486 1365 5547 τοὺς
1393 5486 1671 5555 ἀγχιστεῖς

1859 3831 1948 3888 60.
1986 3831 2126 3884 Tum
2179 3827 2479 3883 navarcbis
2516 3842 2819 3883 convasare
2880 3826 3134 3896 imperat,
3192 3838 3251 3881 ut
3302 3843 3359 3881 se

1778 3923 2017 3979 recessui
2045 3929 2356 3992 praeparent
2386 3936 2714 3990 omnemque
2742 3920 3112 3975 multitudinis
3144 3936 3361 3974 mascu-

1779 4016 1960 4069 lorum
1989 4014 2201 4083 pariter
2231 4029 2294 4068 ac
2321 4014 2649 4068 feminarum
2679 4013 2954 4084 juniorem
2996 4013 3197 4083 pubem
3249 4012 3361 4082 pri-

1778 4120 1926 4159 mum
1953 4104 2010 4158 in
2037 4119 2205 4158 naves
2228 4102 2493 4164 inferant,
2526 4102 2680 4156 nulla
2736 4099 3233 4170 consanguinitatis
3269 4114 3358 4152 ra-

1779 4196 1948 4260 tione,
1975 4195 2069 4250 sed
2087 4195 2382 4264 separatim
2408 4202 2490 4258 ,ut
2509 4194 2897 4261 hincquoque,
2923 4191 3358 4261 propinquorum

1780 4288 1849 4342 ab
1882 4287 2117 4341 invicem
2168 4285 2341 4341 invita
2370 4294 2567 4339 natura
2620 4285 2880 4346 divortio,
2938 4297 3045 4336 non
3101 4282 3235 4336 levis
3278 4282 3361 4336 eis

1780 4394 1940 4448 pana
1968 4387 2347 4441 accresceret;
2384 4377 2585 4430 deinde
2614 4385 2674 4430 ut
2710 4376 2996 4445 pecunias,
3030 4384 3357 4444 etquaecun-

1780 4486 1887 4540 que
1918 4470 2025 4523 alia
2052 4469 2108 4523 in
2136 4469 2224 4523 bis
2249 4485 2372 4539 qua:
2391 4470 2726 4538 collegerant
2756 4466 2911 4521 utilia
2944 4466 3061 4520 fore
3100 4466 3360 4520 videreno

1783 4572 1891 4628 tur,
1924 4570 2355 4632 comportantes,
2388 4570 2628 4615 vecturae
2651 4574 2794 4613 onus
2825 4557 3101 4613 sufﬁciens
3126 4559 3358 4613 navibus

1714 4631 1754 4684 θ
1781 4631 2147 4724 imponerent.
2186 4653 2501 4708 Ducebatur
2556 4652 2741 4721 itaque
2772 4652 3039 4721 juveuum
3102 4650 3355 4703 universa

1783 4747 1978 4818 pubes,
2041 4748 2147 4801 hoc
2171 4745 2348 4799 solum
2377 4752 2602 4799 onerata
2651 4743 2901 4806 crimine,
2948 4740 3094 4811 quod
3139 4740 3357 4794 ﬂorenti

1779 4848 1939 4894 aetate
1970 4845 2118 4893 esset
2144 4846 2240 4891 aut
2270 4837 2417 4906 quod
2443 4835 2679 4907 eleganti
2704 4851 2767 4889 ac
2811 4843 3041 4888 venusta
3065 4832 3227 4887 facie.
3261 4831 3355 4884 Li-

1780 4941 1869 4987 cet
1897 4932 2044 4986 enim
2084 4930 2353 4984 malorum
2390 4928 2642 4984 confusio
2690 4936 2887 4982 moesto
2949 4940 3141 4980 omnes
3198 4924 3356 4979 vultu

1781 5024 2044 5089 aiIiceret,
2071 5024 2338 5078 naturalis
2384 5032 2564 5077 tamen
2599 5022 2887 5076 character
2932 5020 3243 5073 elucentem
3299 5017 3353 5073 in

1777 5130 1846 5170 eo
1895 5114 2292 5185 ingenuitatem
2346 5113 2706 5177 monstrabat,
2765 5128 2828 5165 ac
2863 5111 3081 5165 decoris
3146 5110 3356 5163 micans

1776 5208 1894 5279 ipse
1934 5207 2122 5262 radius
2151 5223 2261 5261 non
2295 5207 2488 5277 paucis
2535 5216 2595 5260 ut
2625 5204 2785 5259 malis
2820 5204 2979 5275 572
3016 5202 3353 5257 dederentur

1778 5316 1940 5355 causa
1963 5299 2086 5354 fuit.
2122 5298 2408 5365 Quodnam
2432 5314 2565 5353 vero
2591 5298 2790 5352 borum
2812 5297 3049 5367 primum
3075 5294 3358 5350 referam?

1778 5393 2055 5463 quodnam
2078 5402 2263 5447 autem
2287 5392 2447 5462 digne
2467 5392 2724 5461 justaque
2747 5389 2961 5443 ratione
2988 5386 3354 5441 miserabilius

1781 5494 2015 5539 statuam
2040 5485 2062 5536 ?
2091 5500 2217 5538 cum
2245 5484 2535 5539 immiscuo
2566 5481 2886 5554 ingentique
2906 5480 3113 5547 ejulalu
3137 5486 3350 5542 exorto,

1410 5659 1638 5716 \‘ARIIE
1681 5660 2093 5717 LECTIONES.

154 5772 200 5801 "
234 5768 596 5840 στοχάζεσθαι
634 5769 701 5823 Α.
811 5772 856 5802 ’⁷
914 5774 1100 5827 ὁποῖον
1130 5772 1191 5827 Ρ.

97 5841 115 5872 ³
146 5846 603 5912 συμφορήσαντες
656 5841 715 5896 Ρ.
794 5841 1084 5914 δεμφασις
1136 5844 1201 5903 Ρ,
1291 5846 1312 5880 ⁸
1342 5841 1571 5903 εἵπωῬ.

1338 5776 1384 5808 ⁸⁸
1414 5778 1774 5879 παραστησας
1839 5779 1906 5833 Α.
1979 5778 2001 5808 ⁹

1342 5846 1482 5901 εἴπω
1513 5848 1571 5903 Ι’.
1699 5865 1781 5912 τις
1806 5864 1917 5904 ont.
1943 5846 2005 5902 P.

1979 5778 2024 5809 ”
2052 5778 2117 5833 ἂν
2150 5793 2261 5832 om.
2304 5774 2366 5829 Ρ.
2448 5774 2462 5804 ¹
2507 5738 2795 5843 ἐξισχύσαν
2858 5773 2919 5828 P.
2994 5772 3013 5802 ⁸
3052 5770 3229 5844 κηραν
3279 5767 3349 5823 Α.
