4174 6442
125 377 227 439 613

1196 381 1293 441 DE
1326 378 1640 443 EXCIDIO
1670 378 2279 443 THESSALONICJZ.

3288 391 3391 451 614

123 500 463 570 πραγμῶιων
491 501 811 571 ἀσυντελὴς,
845 496 890 570 ᾧ
945 502 1019 573 μὴ
1052 502 1242 573 κέρδος
1274 502 1453 573 ἐαυτῷ
1503 518 1708 573 συμπο-

1816 501 1955 557 Cum
1986 503 2133 557 enim
2169 504 2375 572 optime
2396 504 2564 559 sciret
2598 519 2708 560 non
2744 505 2838 561 diu
2869 518 2993 577 post
3022 507 3268 575 captivos
3301 524 3399 577 per

124 593 326 660 ρίσοιτο
361 592 427 646 ⁸⁵.
506 590 777 662 Ἀκριὸὦς
806 592 920 661 γὰρ
982 592 1138 656 εἰδὼς
1188 594 1266 655 ὡς
1324 594 1461 662 μετὰ
1520 594 1715 661 μικρὸν

120 684 342 738 ἔσεσθαι
375 684 562 753 μέλλει
587 683 698 736 τῶν
724 683 1092 753 αἰχμαλώτων
1121 686 1153 753 ή
1191 685 1279 738 διὰ
1310 685 1408 753 τῆς
1439 684 1710 736 καταλλα-

120 776 222 843 γῆς
248 775 654 845 ἀπολύτρωσις,
708 776 1000 843 ἑσοφίσατο
1050 776 1183 846 μηδὲ
1214 775 1439 838 τούτους
1465 776 1588 844 εἰκῆ
1618 777 1712 829 καὶ

118 868 192 930 ὡς
213 867 409 937 ἔτυχεν
443 866 756 938 ἐλευθερίας
787 870 991 938 τυχεῖν.
1019 869 1132 921 Καὶ
1159 867 1438 922 σκόπειτὸ
1469 866 1712 938 πανοῦρ-

118 974 211 1023 γον
238 958 340 1010 τοῦ
398 958 699 1028 δράματος.
756 958 1106 1030 Ἐρχομένοις
1162 961 1270 1030 γάρ
1321 977 1432 1013 τισι
1476 960 1618 1029 μετὰ
1651 960 1712 1012 τὸ

118 1049 213 1119 τὴν
244 1049 407 1102 πόλιν
434 1050 658 1113 ἁλῶναι,
688 1053 802 1115 τοῖς
833 1052 1252 1122 ὀπωσδηποτοῦν
1299 1052 1569 1123 διαδρᾶσι,
1618 1052 1711 1103 καὶ

116 1142 241 1202 τοὺς
268 1140 438 1204 ἰδίους
463 1139 844 1211 αἰχμαλώτους
868 1141 1221 1211 ὠνουμένοις,
1256 1143 1544 1195 συνείπετο
1591 1144 1710 1211 μετ’

116 1234 303 1284 αὐτῶν
338 1234 434 1287 καί
460 1251 542 1296 τις
572 1235 714 1305 ἀνὴρ
760 1234 1099 1303 καλούμενος
1137 1235 1388 1304 Συμεὼν,
1445 1236 1708 1304 φρονήσει

120 1324 371 1395 βεϐηκὼς
406 1328 503 1379 καὶ
528 1328 615 1379 διὰ
647 1328 844 1397 πείρας
890 1328 969 1378 ὢν
1007 1327 1220 1381 πολλῶν
1252 1329 1618 1399 πραγμάτων,
1650 1328 1709 1390 ὃς

115 1413 181 1485 ἦν
210 1418 355 1487 πρὸς
382 1418 475 1470 τοῦ
506 1416 773 1487 βασιλέως
787 1417 1002 1480 σταλεὶς
1030 1419 1097 1471 δι’
1122 1420 1302 1471 αἰτίαν
1322 1419 1442 1471 τινὰ
1472 1417 1705 1489 χρειώδη

116 1509 221 1577 πρὸ
267 1508 471 1578 μικροῦ
500 1512 563 1579 τῇ
602 1509 929 1579 πύὶ.ει,⁸περὶ
958 1506 1026 1582 ἦς
1049 1508 1145 1561 νῦν
1181 1511 1282 1563 οὐκ
1310 1510 1608 1577 ἀναγκαῖον
1630 1511 1708 1561 εί-

117 1603 262 1651 πεῐν.
300 1600 528 1663 Τούτοις
559 1597 652 1653 οὖν
690 1601 811 1653 καθ’
854 1602 1092 1672 ἑκάστην
1125 1602 1289 1672 μέχρι
1334 1602 1441 1655 τῶν
1479 1603 1706 1672 ἡμερῶν

114 1691 204 1743 τοῦ
237 1691 491 1743 ἀπόπλου
543 1692 752 1761 συχνῶς
785 1692 1105 1761 ἐρχομένοις
1164 1690 1563 1759 ἀνικοινώνησε
1606 1690 1705 1758 τὴν

114 1782 257 1834 κατὰ
313 1782 424 1835 τῶν
474 1784 783 1852 είρημένων
846 1784 1041 1853 βουλὴν
1085 1784 1310 1847 ὁδεινὺς
1340 1775 1495 1844 οὗτος
1527 1784 1699 1848 Λέων,

114 1875 289 1926 εἰπὼν
340 1876 480 1944 πρὸς
514 1876 732 1937 αὐτοὺς,
788 1873 873 1947 [Ρ.
914 1875 1042 1947 369]
1075 1876 1150 1939 ὼς
1202 1875 1345 1943 Ἐγὼ
1404 1872 1700 1942 ἀπεχθῶς.

115 1968 269 2034 φησι,
292 1968 625 2035 φερόμενος
660 1967 729 2031 ἐξ
748 1965 941 2035 ἀρχῆς
968 1967 1098 2020 καθ’
1124 1966 1292 2035 ὑμῶν
1320 1968 1432 2021 οὐκ
1467 1967 1708 2035 ἔκρινον

103 2058 338 2118 ζωῶσαι
368 2059 485 2112 τῶν
510 2061 782 2114 ἁλόντων
801 2059 1023 2113 οὐδένα
1041 2076 1054 2088 ’
1096 2062 1189 2125 τίς
1222 2059 1331 2130 γὰρ
1362 2061 1431 2114 ἐκ
1456 2059 1601 2115 Θευῦ
1618 2080 1707 2129 μιν

110 2153 266 2217 σθὸς
315 2154 633 2221 πολεμίοις
688 2152 986 2220 ἀνδράσιν
1030 2156 1101 2208 ἐν
1152 2155 1337 2222 καιρῷ
1382 2157 1561 2222 νίκης
1601 2156 1707 2209 τὸν

116 2244 384 2298 θάνατον
405 2246 762 2313 συγχωρεῖν,
792 2246 864 2299 ὃν
896 2247 1067 2300 αὐτοὶ
1096 2245 1340 2315 μᾶλλον
1361 2248 1708 2302 ἐτέκταινον

116 2335 480 2401 εαθ⁹ήμῶν;
508 2337 650 2390 ἀλλ’
703 2337 914 2403 ἐπειδὴ
954 2339 1123 2406 χρεία
1161 2357 1251 2404 τις
1302 2340 1547 2407 ἐπείγει,
1577 2343 1706 2393 καθ’

120 2427 195 2491 ἣν
240 2426 421 2480 ἔστιν
455 2427 790 2495 ἐπάναγκες
852 2428 1149 2497 ζωωθῆναι
1204 2432 1480 2497 τούτους,
1539 2432 1707 2501 ειπερ

113 2521 321 2573 αἰσίου
349 2521 521 2588 τύχοι
555 2522 661 2575 τοῦ
696 2521 972 2590 πέρατος,
1006 2523 1139 2590 περὶ
1168 2526 1385 2578 τούτου
1415 2527 1544 2578 καθ’
1570 2525 1707 2580 έιιυ⁴

114 2610 256 2675 τοὺς
290 2611 466 2679 ὑμεῖς
500 2611 842 2681 σκέψασθε.
889 2615 1231 2684 Ἐπείγομαι
1285 2616 1395 2684 γὰρ
1443 2615 1557 2683 ἤδη
1599 2616 1706 2671 τοῦ

116 2703 331 2771 καιροῦ
354 2722 432 2772 μδ
462 2706 799 2772 καλοῦντος
831 2708 980 2773 πρὸς
1040 2707 1156 2776 τὴν
1204 2708 1363 2761 ἰδίαν
1406 2709 1709 2763 ἀποπλεῖν

115 2795 396 2863 πατρίδα.
426 2798 701 2851 Δύνασθε
719 2795 834 2853 οὖν
861 2800 1321 2869 ἀντιποιηθῆναι
1353 2803 1581 2856 τούτων
1609 2803 1706 2856 ὄν-

112 2904 229 2940 των
254 2888 588 2943 διακοσίων
611 2892 718 2944 τὸν
748 2892 1001 2960 ἀριθμὸν
1026 2892 1102 2947 δι’
1133 2893 1434 2963 ἐγγράφου
1463 2897 1704 2964 ἐγγύης,

112 2980 423 3043 ὠςλαόεῖν
452 2978 612 3049 ἡμᾶς
637 2981 762 3035 ἀντ’
784 2981 986 3036 αὐτῶν
1022 2984 1093 3037 ἐν
1118 2983 1198 3049 τῷ
1223 2986 1405 3054 καιρῷ
1436 2987 1544 3052 τῆς
1562 3004 1704 3039 κατ-

108 3072 395 3140 αλλαγῆς
423 3075 776 3142 ἰσαρίθμους
838 3076 1216 3145 Ἆγαρηνοὺς,
1246 3077 1453 3132 πεῖσαί
1490 3096 1555 3133 τε
1599 3080 1705 3131 τὸν

1818 594 2310 650 commutationem
2342 596 2457 651 fore
2493 596 2868 662 redimendos,
2902 600 3005 653 hoc
3035 615 3254 670 quoque
3306 616 3399 653 cx-

1818 687 2181 755 cogitavcrat,
2220 702 2288 741 ne
2317 688 2371 741 hi
2423 698 2632 744 temere
2660 699 2716 744 et
2745 690 2902 758 quasi
2935 692 3169 744 oblatam
3202 704 3400 761 sponte

1816 779 2129 833 libertatem
2190 795 2685 849 consequerentur.
2725 784 2791 838 Et
2822 784 3109 837 considera
3141 786 3397 839 callidum

1816 870 2059 925 hominis
2112 874 2428 928 consilium.
2492 874 2856 929 Venientibns
2918 876 3064 929 cnim
3119 878 3399 931 nonnullis

1815 972 1942 1032 post
1992 964 2147 1017 urbis
2200 965 2497 1030 excidium,
2527 965 2622 1034 qui
2678 967 2796 1036 ejus
2844 976 3129 1037 utcunque
3182 969 3399 1024 ruinam

1814 1066 2115 1121 casumque
2145 1064 2458 1117 evaserant,
2491 1069 2734 1123 suosque
2788 1056 3037 1123 captivos
3066 1057 3397 1112 redimenli-

1813 1142 1940 1204 bus,
1975 1158 2080 1196 una
2103 1158 2229 1196 cum
2255 1144 2335 1196 eis
2355 1144 2653 1200 advenerat
2684 1145 2769 1198 vir
2792 1145 2887 1215 cui.
2916 1146 3170 1215 Symeoni
3195 1164 3397 1202 nomen

1810 1241 1951 1293 erat.
2004 1233 2188 1288 adulta
2231 1234 2522 1302 prudentia
2561 1246 2617 1291 et
2663 1238 2960 1291 multarum
3010 1253 3194 1290 rerum
3230 1256 3398 1307 expe-

1812 1325 2010 1379 rientia
2053 1327 2306 1380 celebris.
2336 1327 2432 1379 llle
2468 1329 2630 1395 paulo
2668 1338 2795 1383 ante
2822 1329 2891 1381 ab
2920 1330 3254 1397 imperatore
3296 1348 3394 1383 nc-

1809 1419 1940 1486 gotii
1971 1421 2257 1489 cujusdam
2292 1420 2592 1474 necessarii
2638 1436 2802 1474 causa
2830 1421 3033 1476 missus
3085 1422 3289 1486 fuerat,
3327 1426 3395 1476 de

1807 1525 1917 1579 quo
1946 1511 2082 1565 nihil
2114 1512 2611 1581 impraesentiarum
2636 1511 2825 1566 dicere
2861 1512 3115 1567 interest.
3154 1514 3249 1567 His
3294 1516 3398 1567 ita-

1806 1615 1913 1670 que
1937 1600 2186 1669 quotidie
2208 1600 2618 1670 confertimque
2640 1601 2708 1655 ad
2741 1602 2966 1656 navium
3004 1618 3179 1672 usque
3205 1620 3390 1659 reces-

1808 1708 1929 1747 sum
1975 1693 2351 1755 venientibus,
2403 1694 2698 1748 consilium
2751 1712 2911 1749 suum
2963 1696 3229 1751 adversus
3282 1698 3392 1766 jam

1807 1784 1986 1839 dictos
2018 1786 2245 1840 immitis
2274 1786 2384 1840 Leo
2434 1787 2584 1841 hisce
2635 1789 3090 1842 communicavit.
3142 1790 3275 1857 Ego,
3319 1792 3396 1842 in-

1807 1877 1949 1946 quit,
1971 1893 2075 1946 quo
2107 1878 2163 1931 in
2186 1895 2273 1930 vos
2310 1879 2428 1932 odio
2464 1897 2496 1931 a
2532 1881 2791 1950 principio
2843 1882 3040 1932 excitus
3067 1896 3235 1937 eram.
3280 1893 3393 1934 sla-

1808 1979 2012 2024 tueram
2040 1973 2238 2025 nemini
2266 1975 2595 2041 captivorum
2618 1975 2738 2027 vita'
2768 1974 3159 2043 indulgentiam
3196 1975 3389 2042 facere.

1808 2062 1938 2128 Quae
1959 2066 2098 2117 enim
2122 2080 2183 2117 ex
2213 2064 2317 2118 Deo
2340 2083 2535 2119 merces
2563 2074 2659 2129 est,
2684 2066 2915 2120 hostibus
2942 2066 3146 2133 favente
3172 2068 3394 2120 victoria

1808 2163 2031 2208 mortem
2062 2156 2388 2214 condonare.
2437 2157 2525 2225 qui
2560 2158 2659 2224 ipsi
2689 2173 2807 2208 eam
2830 2157 2884 2208 in
2927 2173 3019 2209 nos
3042 2157 3223 2210 sedulo
3280 2175 3394 2210 ma-

1807 2244 2197 2297 chinarentur?
2236 2243 2369 2299 Cum
2425 2253 2601 2298 tamen
2639 2246 2841 2298 utilitas
2904 2246 3147 2315 qua’dam
3185 2256 3391 2314 urgeat,

1808 2353 1913 2400 qua
1944 2353 2149 2390 necesse
2172 2338 2239 2390 sit
2263 2347 2318 2389 ut
2344 2339 2417 2390 sic
2439 2340 2540 2390 vini
2576 2348 2867 2398 serventur,
2908 2339 3165 2407 siquidem
3213 2339 3387 2406 [ortu-

1809 2436 1994 2479 natum
2015 2426 2176 2495 ﬁnem
2215 2446 2297 2483 res
2331 2430 2611 2491 sortiatur,
2636 2428 2699 2478 de
2732 2431 2825 2480 hoc
2868 2427 3124 2480 vobiscum
3169 2429 3270 2497 ipsi
3299 2430 3391 2481 de-

1810 2518 2053 2573 liberate.
2100 2518 2309 2572 Festino
2355 2522 2515 2582 enim,
2573 2531 2811 2587 poscente
2855 2520 2973 2587 jam
3029 2529 3279 2585 tempore.
3326 2519 3395 2573 ad

1808 2614 2024 2680 propria
2082 2629 2346 2664 remeare.
2402 2612 2461 2663 In
2516 2611 2855 2680 575rrsne
2910 2610 3094 2663 valetis
3142 2613 3389 2679 recipere.

1808 2720 1927 2755 cunt
1960 2706 2012 2757 lii
2061 2707 2169 2757 sint
2208 2722 2425 2757 nuniero
2478 2706 2711 2766 ducenti,
2760 2704 2882 2770 [idri
2922 2705 3160 2771 jussione
3198 2705 3394 2772 scripto

1817 2799 2149 2866 consignata,
2180 2815 2272 2849 nos
2299 2816 2393 2866 pro
2430 2802 2501 2850 eis
2526 2798 2950 2850 commutationis
2994 2808 3225 2865 tempore
3266 2799 3392 2848 toti-

1807 2889 1926 2941 dem
1957 2904 2020 2941 επ
2053 2891 2247 2941 nostris
2274 2890 2580 2958 (Agareuos
2631 2886 2872 2953 scilicet)
2904 2894 3222 2953 recepturos.
3270 2901 3395 2937 sua-

1806 2998 2062 3050 surosque
2108 2981 2471 3035 Romanorum
2502 2987 2709 3047 sceptra
2754 2977 3051 3030 moderanti
3096 2984 3150 3027 ut
3188 2976 3392 3028 nullan:

1808 3076 1920 3144 ejus
1960 3075 2034 3126 rei
2056 3090 2216 3127 causa
2237 3074 2635 3143 ambiguitatem
2659 3072 2865 3141 afferat,
2888 3070 2976 3122 sed
2999 3071 3076 3122 his
3094 3084 3212 3138 quae
3236 3056 3393 3136 pacta

112 3167 456 3230 κρατοῦντα
510 3166 631 3220 τῶν
672 3168 972 3235 Ῥωμαίων
1001 3170 1071 3223 τὰ
1100 3170 1384 3238 σκῆπτρα
1407 3173 1705 3241 μηδεμίαν

1811 3185 1840 3220 a
1874 3167 2013 3220 vobis
2045 3176 2200 3219 erunt
2225 3182 2498 3220 assensum
2521 3164 2752 3231 praebeat
2780 3163 2804 3216 ?
2834 3180 2903 3216 an
2930 3162 3089 3229 ﬁdem
3119 3162 3250 3213 dare
3281 3161 3392 3228 for-

110 3259 243 3326 περι
274 3259 496 3313 τούτου
534 3260 897 3329 ἀμφιϐολίαν
941 3263 1128 3330 ἔχειν,
1169 3264 1329 3317 ἀλλὰ
1370 3264 1703 3319 συνθέσθαι

1811 3260 2038 3322 midatis,
2072 3260 2227 3327 quasi
2260 3274 2362 3310 non
2383 3258 2436 3310 in
2457 3265 2626 3310 vestro
2654 3257 2758 3310 sita
2794 3256 3013 3309 arbitrio
3045 3256 3134 3318 sit,
3161 3270 3223 3305 ac
3246 3252 3391 3304 velut

109 3353 209 3419 ὑφ’
248 3350 420 3419 ὑμῶν
445 3354 926 3422 πεπραγμένοις;
967 3354 1007 3423 ἦ
1043 3355 1387 3409 δεδίττεσθε
1429 3355 1547 3425 μὲν
1589 3357 1707 3425 τὴν

110 3444 341 3511 ἐγγύην
370 3444 450 3509 ὼς
475 3444 562 3513 μὴ
593 3447 665 3499 ἐν
701 3446 847 3515 ὑμῖν
886 3446 1208 3516 κειμένην,
1269 3448 1501 3514 ἄδηλον
1542 3448 1616 3501 ὃν
1653 3450 1707 3501 el

111 3536 641 3604 παραδεχθήσεται
666 3539 766 3590 ὑπ’
795 3540 1034 3593 ἐκείνου
1064 3540 1102 3607 ἢ
1130 3539 1240 3609 μὴ,
1289 3540 1359 3593 έν
1385 3539 1589 3593 οὐδενὶ
1638 3540 1708 3591 δὲ

110 3630 305 3680 τίθετε
326 3627 630 3681 τοσοῦτον
654 3629 850 3683 κακὸν
874 3668 890 3693 ,
917 3628 1135 3699 μικρᾶς
1162 3632 1495 3699 προθυμίας
1514 3631 1709 3700 μέγαν

110 3719 561 3787 προξενοῦντες
608 3721 735 3784 τοῖς
763 3723 1095 3791 ὁμοφύλοις
1147 3725 1254 3775 τὸν
1294 3723 1546 3790 ὄλεθρον
1565 3740 1585 3787 ;
1610 3724 1707 3776 Εἴ-

111 3826 268 3866 πατε
302 3807 422 3866 οὖν
480 3812 748 3879 ὁποτέρῳ
793 3814 1020 3866 τούτων
1066 3814 1381 3881 στοιχεῖτε,
1413 3815 1489 3866 ἵν’
1518 3815 1611 3867 ἑνί
1638 3830 1706 3883 γε

113 3902 229 3971 τζρν
261 3903 481 3973 ψῆφον
499 3902 715 3973 δῶμεν,
756 3904 795 3973 ἦ
818 3905 926 3959 τοῦ
957 3903 1181 3965 ζ’ωῶσαι
1210 3906 1247 3972 ἢ
1294 3905 1400 3959 τοῦ
1428 3905 1706 3960 ἀπαλλά-

113 3997 216 4059 ξαι
242 3998 493 4063 αὐτούς.
530 3997 590 4050 '0
615 3996 708 4050 οὖν
740 3996 929 4067 ῥηθεὶς
964 3997 1214 4066 Συμεὼν,
1262 3998 1355 4051 ista
1383 3996 1447 4068 δὴ
1468 3998 1576 4050 τῶν
1612 3998 1707 4052 ἄλ-

116 4088 225 4141 λων
254 4089 531 4158 προέχων.
556 4089 693 4157 πρὸς
726 4088 890 4142 αὐτὸν
938 4088 1071 4158 ἔφη’
1121 4087 1263 4158 Ἐγὼ
1320 4091 1547 4155 ταύτην
1595 4089 1710 4157 τὴν

115 4180 347 4248 ἐγγύην
364 4180 553 4247 μόνος
578 4179 1007 4248 κατεγγυώμαι,
1036 4182 1247 4247 σαφῶς
1272 4182 1443 4247 εἰδὼς
1476 4183 1541 4237 τὸ
1577 4184 1711 4252 περὶ

118 4273 320 4325 πάντα
345 4272 775 4341 φιλάνθρωπον
793 4274 902 4328 τοῦ
927 4275 1055 4328 καθ’
1079 4274 1239 4343 ἡμᾶς
1250 4276 1709 4345 αὐτοκράτορος,

118 4366 218 4418 καὶ
261 4365 355 4430 ὠς.
382 4365 524 4432 δίχα
586 4366 774 4433 ,λόγου
827 4366 1059 4433 παντὸς
1123 4366 1444 4435 παρέξεται
1486 4370 1712 4423 τούτων

120 4457 352 4520 ἕνεκεν,
392 4455 463 4520 ἐξ
502 4450 588 4510 ὧν
614 4458 739 4526 ἔχει
777 4458 1043 4526 δεσμίων
1090 4459 1453 4527 ’Δγαρηνῶν,
1495 4463 1710 4516 τοσού-

1802 3354 2059 3406 incertum
2078 3352 2353 3424 ‘habeatis,
2398 3351 2534 3403 sitne
2558 3350 2649 3402 ille
2688 3359 2865 3401 ratam
2892 3348 3163 3400 habiturus
3190 3362 3348 3397 necne
3371 3346 3396 3397 Ζ)

1806 3461 2017 3514 remque
2040 3444 2199 3497 nihili
2242 3444 2446 3514 grande
2494 3444 2624 3496 adeo
2678 3444 2881 3495 malum
2928 3442 3153 3501 ducatis,
3187 3447 3395 3492 tantum

1802 3534 1998 3588 scilicet
2030 3534 2373 3604 papularibus
2396 3535 2600 3597 vestris,
2627 3534 2820 3586 minori
2843 3542 3012 3586 vestra
3038 3532 3092 3583 in
3113 3529 3237 3583 illos
3267 3529 3390 3582 ala-

1804 3627 1992 3679 critate
2013 3642 2075 3678 ac
2106 3626 2324 3695 pietate,
2348 3632 2693 3694 procurantes
2714 3623 3036 3677 interitum?
3063 3620 3209 3692 Ergo
3237 3623 3394 3674 dicite

1805 3728 1985 3771 utrum
2011 3719 2269 3787 probetis;
2303 3734 2407 3788 quo
2432 3734 2599 3771 unam
2632 3719 2687 3771 in
2712 3726 2922 3787 partem
2965 3716 3076 3769 lata
3105 3716 3390 3775 sententia,

1805 3812 1956 3865 hosce
1979 3810 2061 3865 vel
2079 3812 2186 3865 vita
2224 3811 2561 3879 susperstites
2587 3824 2851 3863 servemus
2882 3806 2964 3860 vel
2992 3808 3253 3861 victorum
3268 3806 3395 3874 jure

1807 3905 2250 3959 contrucidemus.
2298 3903 2456 3957 Tunc
2500 3901 2686 3955 dictus
2736 3901 2993 3971 Symeon.
3051 3906 3111 3953 ut
3144 3899 3238 3968 qui
3272 3897 3395 3952 aliis

1808 3997 2081 4067 dignitate
2131 4003 2442 4065 praestaret,
2484 3993 2551 4047 ad
2594 4008 2720 4047 eum
2750 3991 2873 4047 iniit
2903 4011 2915 4045 :
2954 3992 3096 4047 Unus
3132 4007 3223 4061 ego
3259 3994 3397 4043 hanc

1810 4093 1864 4144 in
1907 4106 1988 4143 me
2026 4091 2359 4157 sponsionem
2398 4087 2614 4156 recipio,
2656 4093 2713 4140 ut
2739 4087 2829 4156 qui
2877 4084 3265 4138 clementissimi
3292 4084 3395 4136 im-

1812 4180 2077 4251 peratoris
2105 4181 2159 4232 in
2186 4178 2425 4232 omnibus
2446 4179 2835 4231 humanitatem
2861 4176 3134 4245 explorate
3155 4191 3394 4244 comper-

1813 4282 1924 4327 tam
1965 4272 2206 4335 habeam,
2240 4271 2350 4340 fore
2380 4270 2631 4323 nimirum
2662 4278 2718 4322 ut
2748 4270 2882 4321 citra
2904 4283 3109 4320 omnem
3132 4267 3396 4333 discepta-

1814 4366 2011 4417 tionem
2028 4363 2378 4432 jurgiumque
2424 4368 2574 4413 tanto
2617 4375 2835 4412 numero
2893 4359 3086 4411 vinctos
3124 4356 3395 4426 Agarenos

1815 4455 2136 4517 contribuat,
2175 4462 2376 4524 quanto
2410 4462 2533 4505 sun‘t
2559 4466 2687 4521 quos
2726 4451 2807 4503 hic
2858 4450 2914 4502 in
2964 4449 3145 4519 spoliis
3196 4448 3395 4501 habetis

120 4565 261 4614 τους
290 4548 429 4603 ὅσοι
458 4549 558 4603 καί
598 4545 762 4605 οὗτοι
794 4549 1211 4619 τυγχάνουσιν
1239 4552 1437 4619 ὄντες·
1480 4556 1589 4620 οὓς
1611 4555 1708 4608 καὶ

1819 4547 2080 4616 captivos;
2106 4561 2235 4615 quos
2261 4560 2352 4614 ego
2384 4544 2493 4612 ipse
2528 4541 2751 4596 Tarsum
2779 4539 3065 4603 adducam,
3113 4547 3170 4590 ut
3213 4538 3268 4590 in
3314 4552 3396 4589 me

120 4641 306 4707 αὐτὸς
321 4639 440 4710 ἐγὼ
471 4639 545 4709 τῇ
572 4639 783 4709 Ταρσῷ
829 4641 1180 4711 διακομίσω,
1218 4644 1295 4697 ἵν’
1325 4645 1420 4699 ἐπ’
1445 4646 1575 4714 ἐμοί
1603 4647 1714 4700 πά-

1816 4656 2002 4693 rursus
2036 4637 2161 4707 ﬁdei
2202 4639 2374 4708 jussio
2420 4635 2760 4700 dissolvatur,
2794 4632 3031 4701 nihilque
3060 4633 3116 4684 in
3144 4648 3226 4683 me
3271 4647 3397 4698 pro-

118 4736 223 4788 λιν
254 4736 329 4786 τὰ
353 4732 490 4800 περί
519 4730 629 4800 τῆς
683 4734 904 4803 ἐγγύης
937 4734 1120 4803 λυθῇ,
1173 4737 1273 4791 καὶ
1321 4736 1517 4806 μηδὲν
1568 4740 1708 4808 ἔχῃς

1819 4737 1957 4806 terre
1983 4734 2169 4804 possis,
2197 4740 2478 4803 postquam
2511 4729 2741 4783 debitum
2769 4726 3057 4781 exsolvero.
3089 4724 3317 4779 Tantum
3344 4723 3398 4775 hi

121 4826 249 4879 κατ’
274 4823 427 4893 ἐμοῦ
459 4823 799 4893 προφέρειν,
833 4824 989 4879 ἐπὰν
1037 4825 1153 4895 τὴν
1198 4828 1455 4896 ὀφειλὴν
1487 4830 1717 4898 ἐκπλη-

118 4914 314 4981 ρώσω.
346 4916 557 4971 Μόνον
593 4917 818 4985 τύχωσι
844 4917 963 4971 κᾶν
989 4913 1160 4974 οὗτοι
1187 4936 1353 4986 τινος
1381 4923 1709 4989 σωτηρίας,

122 5007 223 5061 ἵνα
244 5006 670 5075 συλλέξαντες
697 5006 854 5077 ταφῇ
879 5007 1030 5063 δῶσι
1049 5007 1169 5063 τῶν
1194 5010 1612 5081 ἀποιχομένων
1642 5015 1714 5067 τὰ

123 5092 395 5163 σώματα.
446 5093 486 5148 ἀ
522 5095 623 5150 διὰ
665 5097 871 5165 πάσης
918 5097 1032 5167 τῆς
1072 5100 1305 5167 πόλεως
1344 5104 1589 5171 κείμενα
1615 5103 1716 5155 και

123 5185 319 5240 αὐτὸν
357 5187 466 5240 τὸν
501 5186 648 5256 ἀέρα
682 5189 833 5258 πρὸς
865 5190 1090 5260 θρῆνον
1140 5192 1474 5262 ἐφέλκεται.
1532 5192 1716 5247 Ταῦτα

125 5277 374 5340 ἀκούσας
402 5280 431 5332 ὁ
457 5278 738 5349 κακοήθης
755 5281 987 5345 ἐκεῖνος,
1018 5281 1296 5352 ἔγγραφον
1317 5299 1377 5333 τε
1403 5282 1600 5345 πείσας
1627 5282 1717 5334 τὸν

128 5371 295 5424 αὐτὸν
316 5372 545 5443 Συμεὼν
570 5374 667 5427 καὶ
691 5372 963 5444 ἐνώμοτον
987 5377 1290 5446 παρασχεῖν
1312 5374 1404 5429 τὸν
1436 5376 1564 5445 περὶ
1611 5374 1719 5429 τῶν

1817 4823 1991 4879 salute
2025 4822 2208 4893 aliqua
2267 4824 2564 4893 potiantur,
2611 4828 2669 4872 ut
2716 4819 3083 4888 defunctorum
3134 4817 3399 4870 cadavera

1822 4916 2128 4986 colligentes
2179 4912 2465 4983 sepulturae
2495 4912 2736 4975 tradant,
2762 4913 2877 4981 ipsa
2911 4918 3021 4969 tota
3071 4911 3198 4964 urbe
3226 4911 3402 4980 proje-

1822 5016 1909 5061 cta
1932 5010 2206 5077 ipsumque
2228 5021 2406 5058 aerem
2439 5005 2553 5057 diro
2578 5005 2652 5057 rei
2673 5010 2947 5072 conspectu
2970 5002 3040 5055 ad
3069 5002 3264 5056 luctum
3290 5010 3402 5053 tra-

1825 5101 2026 5153 lientia.
2071 5099 2170 5151 His
2199 5096 2571 5167 nequissimus
2616 5095 2706 5151 ille
2740 5095 2964 5157 auditis.
2996 5109 3271 5163 suasoqne
3300 5092 3401 5165 Sy-

1825 5206 2020 5249 meone
2053 5198 2113 5244 ut
2135 5198 2293 5259 pacta
2325 5189 2415 5242 illa
2451 5188 2660 5257 scripto
2686 5187 3008 5256 consignata
3034 5186 3399 5256 jurejurando

1829 5282 2094 5345 ﬁrmaret,
2129 5281 2295 5353 576
2325 5294 2517 5335 omnes
2562 5278 2687 5334 illos
2732 5278 2825 5349 qui
2881 5293 2949 5333 ex
2990 5278 3151 5332 nobis
3190 5279 3402 5349 justum

1830 5390 2125 5430 numerum
2156 5373 2494 5429 excedebant
2524 5372 2728 5428 dimitti
2761 5371 3058 5428 mandavit.

131 5467 422 5537 συνθηκῶν
450 5468 655 5522 τούτων
684 5468 864 5538 λόγον,
882 5470 1219 5541 ἀπολυθῆναι
1244 5471 1457 5537 πάντας
1492 5471 1741 5535 ἐκείνους
1775 5474 1901 5536 τοὺς
1933 5471 1993 5537 ἐξ
2030 5471 2187 5544 ήμῶν
2215 5470 2673 5543 περιττεύσαντας
2705 5469 2905 5542 ἄνδρας
2937 5469 3257 5538 ἐπέτρεψεν.

1457 5713 1688 5770 ΥΑΒΙΛΕ
1723 5712 2128 5773 LECTIONES.

207 5854 252 5891 ι’
296 5852 695 5924 συμπορίσαιτο
736 5850 798 5906 Ρ.
