  <div class='ocr_page' id='page_1' title='image "/cluster/home/n/w/nwhite01/storage/ocr_20150623/109/nnc1.0046979867/315.png"; bbox 0 0 4174 6442; ppageno 0'>
   <div class='ocr_carea' id='block_1_1' title="bbox 787 371 898 433">
    <p class='ocr_par' dir='ltr' id='par_1_1' title="bbox 787 371 898 433">
     <span class='ocr_line' id='line_1_1' title="bbox 787 371 898 433; baseline 0 0"><span class='ocrx_word' id='word_1_1' title='bbox 787 371 898 433; x_wconf 77' lang='grc'>615</span> 
     </span>
    </p>
   </div>
   <div class='ocr_carea' id='block_1_2' title="bbox 863 475 2449 547">
    <p class='ocr_par' dir='ltr' id='par_1_2' title="bbox 863 475 2449 547">
     <span class='ocr_line' id='line_1_2' title="bbox 863 475 2449 547; baseline -0.008 -9"><span class='ocrx_word' id='word_1_2' title='bbox 863 483 954 544; x_wconf 77' lang='lat'>63,</span> <span class='ocrx_word' id='word_1_3' title='bbox 984 482 1072 536; x_wconf 76' lang='grc'>64.</span> <span class='ocrx_word' id='word_1_4' title='bbox 1096 479 1232 534; x_wconf 86' lang='lat' dir='ltr'>Cum</span> <span class='ocrx_word' id='word_1_5' title='bbox 1259 478 1363 532; x_wconf 93' lang='lat' dir='ltr'><strong>hoc</strong></span> <span class='ocrx_word' id='word_1_6' title='bbox 1386 491 1603 547; x_wconf 75' lang='lat' dir='ltr'><strong>quoque</strong></span> <span class='ocrx_word' id='word_1_7' title='bbox 1630 477 1684 530; x_wconf 83' lang='lat' dir='ltr'>in</span> <span class='ocrx_word' id='word_1_8' title='bbox 1702 490 1823 530; x_wconf 81' lang='lat' dir='ltr'>rem</span> <span class='ocrx_word' id='word_1_9' title='bbox 1848 491 2003 531; x_wconf 78' lang='lat' dir='ltr'><strong>suam</strong></span> <span class='ocrx_word' id='word_1_10' title='bbox 2022 475 2124 529; x_wconf 90' lang='lat' dir='ltr'><strong>rite</strong></span> <span class='ocrx_word' id='word_1_11' title='bbox 2139 475 2378 545; x_wconf 85' lang='lat' dir='ltr'><strong>peregis-</strong></span> <span class='ocrx_word' id='word_1_12' title='bbox 2403 476 2449 533; x_wconf 77' lang='grc' dir='ltr'><strong>Α</strong></span> 
     </span>
    </p>
   </div>
   <div class='ocr_carea' id='block_1_3' title="bbox 791 567 2367 631">
    <p class='ocr_par' dir='ltr' id='par_1_3' title="bbox 791 567 2367 631">
     <span class='ocr_line' id='line_1_3' title="bbox 791 567 2367 631; baseline -0.005 -4"><span class='ocrx_word' id='word_1_13' title='bbox 791 584 873 627; x_wconf 85' lang='lat' dir='ltr'>set</span> <span class='ocrx_word' id='word_1_14' title='bbox 902 587 965 626; x_wconf 91' lang='lat' dir='ltr'>ac</span> <span class='ocrx_word' id='word_1_15' title='bbox 1013 571 1118 625; x_wconf 87' lang='lat' dir='ltr'><strong>sibi</strong></span> <span class='ocrx_word' id='word_1_16' title='bbox 1183 570 1430 625; x_wconf 86' lang='lat' dir='ltr'><strong>fraudem</strong></span> <span class='ocrx_word' id='word_1_17' title='bbox 1469 578 1587 623; x_wconf 84' lang='lat' dir='ltr'><strong>tuto</strong></span> <span class='ocrx_word' id='word_1_18' title='bbox 1639 568 1945 631; x_wconf 76' lang='lat' dir='ltr'>statuisset,</span> <span class='ocrx_word' id='word_1_19' title='bbox 2005 581 2116 620; x_wconf 83' lang='lat' dir='ltr'><strong>non</strong></span> <span class='ocrx_word' id='word_1_20' title='bbox 2164 567 2367 620; x_wconf 91' lang='lat' dir='ltr'><strong>minori</strong></span> 
     </span>
    </p>
   </div>
   <div class='ocr_carea' id='block_1_4' title="bbox 786 659 2367 719">
    <p class='ocr_par' dir='ltr' id='par_1_4' title="bbox 786 659 2367 719">
     <span class='ocr_line' id='line_1_4' title="bbox 786 659 2367 719; baseline -0.005 0"><span class='ocrx_word' id='word_1_21' title='bbox 786 667 948 719; x_wconf 81' lang='lat' dir='ltr'><strong>aliam</strong></span> <span class='ocrx_word' id='word_1_22' title='bbox 973 664 1268 717; x_wconf 68' lang='lat' dir='ltr'>calliditate</span> <span class='ocrx_word' id='word_1_23' title='bbox 1302 661 1578 716; x_wconf 80' lang='lat' dir='ltr'><strong>instruxit.</strong></span> <span class='ocrx_word' id='word_1_24' title='bbox 1613 660 1777 715; x_wconf 86' lang='lat' dir='ltr'><strong>Jubet</strong></span> <span class='ocrx_word' id='word_1_25' title='bbox 1805 661 1950 713; x_wconf 91' lang='lat' dir='ltr'><strong>enim</strong></span> <span class='ocrx_word' id='word_1_26' title='bbox 1982 675 2199 713; x_wconf 81' lang='lat' dir='ltr'><strong>omnem</strong></span> <span class='ocrx_word' id='word_1_27' title='bbox 2232 659 2367 712; x_wconf 86' lang='lat' dir='ltr'><strong>civi-</strong></span> 
     </span>
    </p>
   </div>
   <div class='ocr_carea' id='block_1_5' title="bbox 788 749 2366 819">
    <p class='ocr_par' dir='ltr' id='par_1_5' title="bbox 788 749 2366 819">
     <span class='ocr_line' id='line_1_5' title="bbox 788 749 2366 819; baseline -0.002 -14"><span class='ocrx_word' id='word_1_28' title='bbox 788 762 955 808; x_wconf 85' lang='lat' dir='ltr'><strong>tatem</strong></span> <span class='ocrx_word' id='word_1_29' title='bbox 994 752 1231 811; x_wconf 82' lang='lat' dir='ltr'><strong>incendi,</strong></span> <span class='ocrx_word' id='word_1_30' title='bbox 1266 759 1322 803; x_wconf 92' lang='lat' dir='ltr'>ut</span> <span class='ocrx_word' id='word_1_31' title='bbox 1353 751 1458 804; x_wconf 92' lang='lat' dir='ltr'><strong>boc</strong></span> <span class='ocrx_word' id='word_1_32' title='bbox 1498 766 1721 819; x_wconf 78' lang='lat' dir='ltr'><strong>quoque</strong></span> <span class='ocrx_word' id='word_1_33' title='bbox 1753 766 1861 804; x_wconf 90' lang='lat' dir='ltr'>non</span> <span class='ocrx_word' id='word_1_34' title='bbox 1894 751 2103 819; x_wconf 80' lang='lat' dir='ltr'><strong>vulgari</strong></span> <span class='ocrx_word' id='word_1_35' title='bbox 2130 749 2234 802; x_wconf 84' lang='lat' dir='ltr'><strong>sibi</strong></span> <span class='ocrx_word' id='word_1_36' title='bbox 2278 751 2366 803; x_wconf 91' lang='lat' dir='ltr'>lu-</span> 
     </span>
    </p>
   </div>
   <div class='ocr_carea' id='block_1_6' title="bbox 785 840 2367 910">
    <p class='ocr_par' dir='ltr' id='par_1_6' title="bbox 785 840 2367 910">
     <span class='ocr_line' id='line_1_6' title="bbox 785 840 2367 910; baseline -0.003 -12"><span class='ocrx_word' id='word_1_37' title='bbox 785 860 879 898; x_wconf 90' lang='lat' dir='ltr'>cro</span> <span class='ocrx_word' id='word_1_38' title='bbox 926 845 1164 897; x_wconf 83' lang='lat' dir='ltr'><strong>cederet.</strong></span> <span class='ocrx_word' id='word_1_39' title='bbox 1226 843 1337 897; x_wconf 89' lang='lat' dir='ltr'><strong>Nec</strong></span> <span class='ocrx_word' id='word_1_40' title='bbox 1370 842 1646 897; x_wconf 86' lang='lat' dir='ltr'><strong>immerito</strong></span> <span class='ocrx_word' id='word_1_41' title='bbox 1680 865 1693 895; x_wconf 85' lang='lat'><strong>:</strong></span> <span class='ocrx_word' id='word_1_42' title='bbox 1729 841 1940 896; x_wconf 80' lang='lat' dir='ltr'><strong>sciebat</strong></span> <span class='ocrx_word' id='word_1_43' title='bbox 1964 843 2113 896; x_wconf 88' lang='lat' dir='ltr'><strong>enim</strong></span> <span class='ocrx_word' id='word_1_44' title='bbox 2143 855 2242 895; x_wconf 90' lang='lat' dir='ltr'>eos</span> <span class='ocrx_word' id='word_1_45' title='bbox 2271 840 2367 910; x_wconf 86' lang='lat' dir='ltr'><strong>qui</strong></span> 
     </span>
    </p>
   </div>
   <div class='ocr_carea' id='block_1_7' title="bbox 786 934 2369 1006">
    <p class='ocr_par' dir='ltr' id='par_1_7' title="bbox 786 934 2369 1006">
     <span class='ocr_line' id='line_1_7' title="bbox 786 934 2369 1006; baseline -0.001 -17"><span class='ocrx_word' id='word_1_46' title='bbox 786 937 1031 1006; x_wconf 87' lang='lat' dir='ltr'><strong>captivos</strong></span> <span class='ocrx_word' id='word_1_47' title='bbox 1066 936 1413 990; x_wconf 75' lang='lat' dir='ltr'>redimebant</span> <span class='ocrx_word' id='word_1_48' title='bbox 1442 937 1494 989; x_wconf 92' lang='lat' dir='ltr'>id</span> <span class='ocrx_word' id='word_1_49' title='bbox 1540 951 1820 1004; x_wconf 82' lang='lat' dir='ltr'><strong>nunquam</strong></span> <span class='ocrx_word' id='word_1_50' title='bbox 1878 935 2104 988; x_wconf 81' lang='lat' dir='ltr'>omnino</span> <span class='ocrx_word' id='word_1_51' title='bbox 2135 934 2369 1003; x_wconf 87' lang='lat' dir='ltr'><strong>permis-</strong></span> 
     </span>
    </p>
   </div>
   <div class='ocr_carea' id='block_1_8' title="bbox 784 1025 2367 1097">
    <p class='ocr_par' dir='ltr' id='par_1_8' title="bbox 784 1025 2367 1097">
     <span class='ocr_line' id='line_1_8' title="bbox 784 1025 2367 1097; baseline -0.003 -13"><span class='ocrx_word' id='word_1_52' title='bbox 784 1045 978 1092; x_wconf 82' lang='lat' dir='ltr'><strong>suros;</strong></span> <span class='ocrx_word' id='word_1_53' title='bbox 1012 1030 1084 1082; x_wconf 89' lang='lat' dir='ltr'>ita</span> <span class='ocrx_word' id='word_1_54' title='bbox 1138 1028 1401 1082; x_wconf 86' lang='lat' dir='ltr'>nimirum</span> <span class='ocrx_word' id='word_1_55' title='bbox 1450 1038 1508 1082; x_wconf 90' lang='lat' dir='ltr'><strong>ut</strong></span> <span class='ocrx_word' id='word_1_56' title='bbox 1566 1028 1644 1081; x_wconf 89' lang='lat' dir='ltr'>illi</span> <span class='ocrx_word' id='word_1_57' title='bbox 1695 1026 1797 1097; x_wconf 87' lang='lat' dir='ltr'><strong>ipsi</strong></span> <span class='ocrx_word' id='word_1_58' title='bbox 1859 1026 2091 1081; x_wconf 86' lang='lat' dir='ltr'><strong>flammis</strong></span> <span class='ocrx_word' id='word_1_59' title='bbox 2147 1025 2367 1081; x_wconf 87' lang='lat' dir='ltr'>incendi</span> 
     </span>
    </p>
   </div>
   <div class='ocr_carea' id='block_1_9' title="bbox 784 1116 2365 1191">
    <p class='ocr_par' dir='ltr' id='par_1_9' title="bbox 784 1116 2365 1191">
     <span class='ocr_line' id='line_1_9' title="bbox 784 1116 2365 1191; baseline -0.003 -16"><span class='ocrx_word' id='word_1_60' title='bbox 784 1122 1031 1181; x_wconf 87' lang='lat' dir='ltr'><strong>mallent,</strong></span> <span class='ocrx_word' id='word_1_61' title='bbox 1065 1137 1231 1191; x_wconf 82' lang='lat' dir='ltr'><strong>quam</strong></span> <span class='ocrx_word' id='word_1_62' title='bbox 1271 1130 1330 1174; x_wconf 93' lang='lat' dir='ltr'>ut</span> <span class='ocrx_word' id='word_1_63' title='bbox 1368 1119 1453 1173; x_wconf 88' lang='lat' dir='ltr'>vel</span> <span class='ocrx_word' id='word_1_64' title='bbox 1491 1120 1608 1173; x_wconf 91' lang='lat' dir='ltr'><strong>solo</strong></span> <span class='ocrx_word' id='word_1_65' title='bbox 1633 1119 1827 1174; x_wconf 91' lang='lat' dir='ltr'><strong>auditu</strong></span> <span class='ocrx_word' id='word_1_66' title='bbox 1856 1118 2129 1188; x_wconf 87' lang='lat' dir='ltr'>ejusmodi</span> <span class='ocrx_word' id='word_1_67' title='bbox 2154 1116 2365 1187; x_wconf 86' lang='lat' dir='ltr'><strong>aliquid</strong></span> 
     </span>
    </p>
   </div>
   <div class='ocr_carea' id='block_1_10' title="bbox 785 1209 2365 1281">
    <p class='ocr_par' dir='ltr' id='par_1_10' title="bbox 785 1209 2365 1281">
     <span class='ocr_line' id='line_1_10' title="bbox 785 1209 2365 1281; baseline -0.001 -16"><span class='ocrx_word' id='word_1_68' title='bbox 785 1213 1124 1281; x_wconf 82' lang='lat' dir='ltr'><strong>acciperent.</strong></span> <span class='ocrx_word' id='word_1_69' title='bbox 1158 1212 1410 1266; x_wconf 82' lang='lat' dir='ltr'><strong>Nondum</strong></span> <span class='ocrx_word' id='word_1_70' title='bbox 1461 1211 1610 1265; x_wconf 84' lang='lat' dir='ltr'><strong>enim</strong></span> <span class='ocrx_word' id='word_1_71' title='bbox 1660 1227 1756 1281; x_wconf 89' lang='lat' dir='ltr'>per</span> <span class='ocrx_word' id='word_1_72' title='bbox 1799 1210 2036 1264; x_wconf 85' lang='lat' dir='ltr'><strong>mediam</strong></span> <span class='ocrx_word' id='word_1_73' title='bbox 2083 1209 2365 1265; x_wconf 80' lang='lat' dir='ltr'><strong>civitatem</strong></span> 
     </span>
    </p>
   </div>
   <div class='ocr_carea' id='block_1_11' title="bbox 788 1298 2365 1371">
    <p class='ocr_par' dir='ltr' id='par_1_11' title="bbox 788 1298 2365 1371">
     <span class='ocr_line' id='line_1_11' title="bbox 788 1298 2365 1371; baseline -0.001 -13"><span class='ocrx_word' id='word_1_74' title='bbox 788 1305 939 1359; x_wconf 90' lang='lat' dir='ltr'><strong>illata</strong></span> <span class='ocrx_word' id='word_1_75' title='bbox 1004 1298 1263 1357; x_wconf 79' lang='lat' dir='ltr'><strong>Barbaris</strong></span> <span class='ocrx_word' id='word_1_76' title='bbox 1299 1303 1516 1358; x_wconf 83' lang='lat' dir='ltr'><strong>ﬂamma</strong></span> <span class='ocrx_word' id='word_1_77' title='bbox 1572 1314 1736 1371; x_wconf 87' lang='lat' dir='ltr'><strong>atque</strong></span> <span class='ocrx_word' id='word_1_78' title='bbox 1794 1302 2063 1371; x_wconf 88' lang='lat' dir='ltr'><strong>dispersa,</strong></span> <span class='ocrx_word' id='word_1_79' title='bbox 2109 1303 2202 1356; x_wconf 89' lang='lat' dir='ltr'>sed</span> <span class='ocrx_word' id='word_1_80' title='bbox 2242 1319 2365 1357; x_wconf 90' lang='lat' dir='ltr'><strong>cum</strong></span> 
     </span>
    </p>
   </div>
   <div class='ocr_carea' id='block_1_12' title="bbox 784 1393 2367 1462">
    <p class='ocr_par' dir='ltr' id='par_1_12' title="bbox 784 1393 2367 1462">
     <span class='ocr_line' id='line_1_12' title="bbox 784 1393 2367 1462; baseline -0.003 -12"><span class='ocrx_word' id='word_1_81' title='bbox 784 1397 965 1451; x_wconf 84' lang='lat' dir='ltr'><strong>adhuc</strong></span> <span class='ocrx_word' id='word_1_82' title='bbox 996 1395 1142 1449; x_wconf 67' lang='lat' dir='ltr'><strong>aedes</strong></span> <span class='ocrx_word' id='word_1_83' title='bbox 1193 1395 1330 1449; x_wconf 89' lang='lat' dir='ltr'><strong>mari</strong></span> <span class='ocrx_word' id='word_1_84' title='bbox 1377 1396 1590 1449; x_wconf 87' lang='lat' dir='ltr'><strong>vicinas</strong></span> <span class='ocrx_word' id='word_1_85' title='bbox 1644 1395 2055 1458; x_wconf 89' lang='lat' dir='ltr'><strong>comburereut,</strong></span> <span class='ocrx_word' id='word_1_86' title='bbox 2104 1410 2227 1447; x_wconf 77' lang='lat' dir='ltr'>mox</span> <span class='ocrx_word' id='word_1_87' title='bbox 2270 1393 2367 1462; x_wconf 88' lang='lat' dir='ltr'>qui</span> 
     </span>
    </p>
   </div>
   <div class='ocr_carea' id='block_1_13' title="bbox 785 1486 2366 1558">
    <p class='ocr_par' dir='ltr' id='par_1_13' title="bbox 785 1486 2366 1558">
     <span class='ocr_line' id='line_1_13' title="bbox 785 1486 2366 1558; baseline -0.003 -15"><span class='ocrx_word' id='word_1_88' title='bbox 785 1489 1013 1543; x_wconf 86' lang='lat' dir='ltr'><strong>aderant</strong></span> <span class='ocrx_word' id='word_1_89' title='bbox 1047 1490 1197 1543; x_wconf 80' lang='lat' dir='ltr'><strong>cives</strong></span> <span class='ocrx_word' id='word_1_90' title='bbox 1232 1504 1331 1558; x_wconf 89' lang='lat' dir='ltr'>pro</span> <span class='ocrx_word' id='word_1_91' title='bbox 1369 1489 1591 1543; x_wconf 85' lang='lat' dir='ltr'><strong>civitate</strong></span> <span class='ocrx_word' id='word_1_92' title='bbox 1638 1488 1881 1557; x_wconf 84' lang='lat' dir='ltr'><strong>pretium</strong></span> <span class='ocrx_word' id='word_1_93' title='bbox 1917 1502 2210 1539; x_wconf 83' lang='lat' dir='ltr'><strong>numerare</strong></span> <span class='ocrx_word' id='word_1_94' title='bbox 2263 1486 2366 1539; x_wconf 90' lang='lat' dir='ltr'>im-</span> 
     </span>
    </p>
   </div>
   <div class='ocr_carea' id='block_1_14' title="bbox 785 1577 2365 1646">
    <p class='ocr_par' dir='ltr' id='par_1_14' title="bbox 785 1577 2365 1646">
     <span class='ocr_line' id='line_1_14' title="bbox 785 1577 2365 1646; baseline -0.002 -13"><span class='ocrx_word' id='word_1_95' title='bbox 785 1580 973 1633; x_wconf 88' lang='lat' dir='ltr'><strong>mobili</strong></span> <span class='ocrx_word' id='word_1_96' title='bbox 1005 1581 1149 1634; x_wconf 91' lang='lat' dir='ltr'><strong>inter</strong></span> <span class='ocrx_word' id='word_1_97' title='bbox 1174 1596 1230 1634; x_wconf 90' lang='lat' dir='ltr'>se</span> <span class='ocrx_word' id='word_1_98' title='bbox 1253 1581 1486 1634; x_wconf 84' lang='lat' dir='ltr'><strong>consilio</strong></span> <span class='ocrx_word' id='word_1_99' title='bbox 1509 1588 1776 1632; x_wconf 85' lang='lat' dir='ltr'><strong>statuunt.</strong></span> <span class='ocrx_word' id='word_1_100' title='bbox 1806 1578 2055 1646; x_wconf 84' lang='lat' dir='ltr'><strong>Hineque</strong></span> <span class='ocrx_word' id='word_1_101' title='bbox 2078 1577 2216 1631; x_wconf 90' lang='lat' dir='ltr'><strong>adeo</strong></span> <span class='ocrx_word' id='word_1_102' title='bbox 2242 1594 2365 1630; x_wconf 92' lang='lat' dir='ltr'><strong>rur-</strong></span> 
     </span>
    </p>
   </div>
   <div class='ocr_carea' id='block_1_15' title="bbox 785 1670 2369 1743">
    <p class='ocr_par' dir='ltr' id='par_1_15' title="bbox 785 1670 2369 1743">
     <span class='ocr_line' id='line_1_15' title="bbox 785 1670 2369 1743; baseline -0.001 -19"><span class='ocrx_word' id='word_1_103' title='bbox 785 1688 883 1725; x_wconf 87' lang='lat' dir='ltr'>sus</span> <span class='ocrx_word' id='word_1_104' title='bbox 930 1672 1079 1743; x_wconf 82' lang='lat' dir='ltr'><strong>jussa</strong></span> <span class='ocrx_word' id='word_1_105' title='bbox 1135 1672 1342 1741; x_wconf 92' lang='lat' dir='ltr'><strong>ubique</strong></span> <span class='ocrx_word' id='word_1_106' title='bbox 1402 1681 1754 1741; x_wconf 84' lang='lat' dir='ltr'><strong>sparguntur,</strong></span> <span class='ocrx_word' id='word_1_107' title='bbox 1806 1671 1986 1739; x_wconf 86' lang='lat' dir='ltr'><strong>ignem</strong></span> <span class='ocrx_word' id='word_1_108' title='bbox 2040 1670 2109 1722; x_wconf 90' lang='lat' dir='ltr'><strong>ab</strong></span> <span class='ocrx_word' id='word_1_109' title='bbox 2158 1670 2369 1723; x_wconf 69' lang='lat' dir='ltr'><strong>aedibus</strong></span> 
     </span>
    </p>
   </div>
   <div class='ocr_carea' id='block_1_16' title="bbox 785 1762 2364 1831">
    <p class='ocr_par' dir='ltr' id='par_1_16' title="bbox 785 1762 2364 1831">
     <span class='ocr_line' id='line_1_16' title="bbox 785 1762 2364 1831; baseline -0.003 -13"><span class='ocrx_word' id='word_1_110' title='bbox 785 1765 1224 1818; x_wconf 69' lang='lat' dir='ltr'><strong>submovendum</strong></span> <span class='ocrx_word' id='word_1_111' title='bbox 1254 1778 1398 1826; x_wconf 88' lang='lat' dir='ltr'><strong>esse,</strong></span> <span class='ocrx_word' id='word_1_112' title='bbox 1427 1779 1553 1817; x_wconf 88' lang='lat' dir='ltr'><strong>cum</strong></span> <span class='ocrx_word' id='word_1_113' title='bbox 1579 1764 1695 1816; x_wconf 77' lang='lat' dir='ltr'><strong>haec</strong></span> <span class='ocrx_word' id='word_1_114' title='bbox 1724 1778 1948 1831; x_wconf 86' lang='lat' dir='ltr'><strong>quoque</strong></span> <span class='ocrx_word' id='word_1_115' title='bbox 1995 1762 2247 1815; x_wconf 86' lang='lat' dir='ltr'><strong>machina</strong></span> <span class='ocrx_word' id='word_1_116' title='bbox 2286 1762 2364 1814; x_wconf 82' lang='lat' dir='ltr'><strong>illi</strong></span> 
     </span>
    </p>
   </div>
   <div class='ocr_carea' id='block_1_17' title="bbox 2013 358 2831 422">
    <p class='ocr_par' dir='ltr' id='par_1_17' title="bbox 2013 358 2831 422">
     <span class='ocr_line' id='line_1_17' title="bbox 2013 358 2831 422; baseline -0.006 0"><span class='ocrx_word' id='word_1_117' title='bbox 2013 359 2352 422; x_wconf 80' lang='lat' dir='ltr'>JOANNES</span> <span class='ocrx_word' id='word_1_118' title='bbox 2391 358 2831 419; x_wconf 71' lang='lat' dir='ltr'>CAMENIATA</span> 
     </span>
    </p>
   </div>
   <div class='ocr_carea' id='block_1_18' title="bbox 2556 467 4064 543">
    <p class='ocr_par' dir='ltr' id='par_1_18' title="bbox 2556 467 4064 543">
     <span class='ocr_line' id='line_1_18' title="bbox 2556 467 4064 543; baseline 0.002 -20"><span class='ocrx_word' id='word_1_119' title='bbox 2556 471 2658 539; x_wconf 75' lang='grc' dir='ltr'>ξγ’,</span> <span class='ocrx_word' id='word_1_120' title='bbox 2684 472 2776 536; x_wconf 80' lang='grc' dir='ltr'>ξδ’.</span> <span class='ocrx_word' id='word_1_121' title='bbox 2826 468 3044 541; x_wconf 78' lang='grc' dir='ltr'>Ἐπειδὴ</span> <span class='ocrx_word' id='word_1_122' title='bbox 3064 469 3120 523; x_wconf 68' lang='grc' dir='ltr'>δὲ</span> <span class='ocrx_word' id='word_1_123' title='bbox 3161 472 3200 502; x_wconf 84' lang='grc'>¹⁸</span> <span class='ocrx_word' id='word_1_124' title='bbox 3232 471 3300 523; x_wconf 84' lang='grc' dir='ltr'>τὰ</span> <span class='ocrx_word' id='word_1_125' title='bbox 3324 471 3671 541; x_wconf 58' lang='grc' dir='ltr'>περὶξτούτου</span> <span class='ocrx_word' id='word_1_126' title='bbox 3710 470 3891 534; x_wconf 79' lang='grc' dir='ltr'>καλῶς</span> <span class='ocrx_word' id='word_1_127' title='bbox 3910 467 4064 543; x_wconf 75' lang='grc' dir='ltr'>εἶχεν</span> 
     </span>
    </p>
   </div>
   <div class='ocr_carea' id='block_1_19' title="bbox 2475 558 4064 635">
    <p class='ocr_par' dir='ltr' id='par_1_19' title="bbox 2475 558 4064 635">
     <span class='ocr_line' id='line_1_19' title="bbox 2475 558 4064 635; baseline -0.001 -17"><span class='ocrx_word' id='word_1_128' title='bbox 2475 564 2623 631; x_wconf 65' lang='grc' dir='ltr'>αὐτῷ</span> <span class='ocrx_word' id='word_1_129' title='bbox 2646 564 2739 617; x_wconf 79' lang='grc' dir='ltr'>καὶ</span> <span class='ocrx_word' id='word_1_130' title='bbox 2764 564 2821 614; x_wconf 70' lang='grc' dir='ltr'>ἐν</span> <span class='ocrx_word' id='word_1_131' title='bbox 2848 562 3119 635; x_wconf 76' lang='grc' dir='ltr'>ἀσφαλείᾳ</span> <span class='ocrx_word' id='word_1_132' title='bbox 3149 558 3217 633; x_wconf 75' lang='grc' dir='ltr'>ἦν</span> <span class='ocrx_word' id='word_1_133' title='bbox 3243 563 3303 616; x_wconf 78' lang='grc' dir='ltr'>τὸ</span> <span class='ocrx_word' id='word_1_134' title='bbox 3352 565 3745 635; x_wconf 87' lang='grc' dir='ltr'>πανούργευμα</span> <span class='ocrx_word' id='word_1_135' title='bbox 3771 565 3836 624; x_wconf 78' lang='grc'>⁸⁸,</span> <span class='ocrx_word' id='word_1_136' title='bbox 3870 566 4064 635; x_wconf 70' lang='grc' dir='ltr'>ἕτερον</span> 
     </span>
    </p>
   </div>
   <div class='ocr_carea' id='block_1_20' title="bbox 2475 654 4065 725">
    <p class='ocr_par' dir='ltr' id='par_1_20' title="bbox 2475 654 4065 725">
     <span class='ocr_line' id='line_1_20' title="bbox 2475 654 4065 725; baseline -0.001 -17"><span class='ocrx_word' id='word_1_137' title='bbox 2475 656 2634 709; x_wconf 79' lang='grc' dir='ltr'>πάλιν</span> <span class='ocrx_word' id='word_1_138' title='bbox 2668 656 2767 707; x_wconf 76' lang='grc' dir='ltr'>οὐκ</span> <span class='ocrx_word' id='word_1_139' title='bbox 2800 654 3017 708; x_wconf 77' lang='grc' dir='ltr'>ἔλαττον</span> <span class='ocrx_word' id='word_1_140' title='bbox 3050 656 3242 707; x_wconf 84' lang='grc' dir='ltr'>τούτου</span> <span class='ocrx_word' id='word_1_141' title='bbox 3283 659 3349 725; x_wconf 84' lang='grc' dir='ltr'>τῇ</span> <span class='ocrx_word' id='word_1_142' title='bbox 3380 656 3648 724; x_wconf 84' lang='grc' dir='ltr'>δολιότητι</span> <span class='ocrx_word' id='word_1_143' title='bbox 3698 657 3807 709; x_wconf 75' lang='grc' dir='ltr'>τῶν</span> <span class='ocrx_word' id='word_1_144' title='bbox 3843 657 4065 725; x_wconf 73' lang='grc' dir='ltr'>φρενῶν</span> 
     </span>
    </p>
   </div>
   <div class='ocr_carea' id='block_1_21' title="bbox 2473 746 4066 820">
    <p class='ocr_par' dir='ltr' id='par_1_21' title="bbox 2473 746 4066 820">
     <span class='ocr_line' id='line_1_21' title="bbox 2473 746 4066 820; baseline 0 -21"><span class='ocrx_word' id='word_1_145' title='bbox 2473 748 2753 815; x_wconf 74' lang='grc' dir='ltr'>ἐπενόησε.</span> <span class='ocrx_word' id='word_1_146' title='bbox 2778 746 3198 816; x_wconf 80' lang='grc' dir='ltr'>Πυρποληθῆναι</span> <span class='ocrx_word' id='word_1_147' title='bbox 3218 748 3325 816; x_wconf 77' lang='grc' dir='ltr'>γάρ</span> <span class='ocrx_word' id='word_1_148' title='bbox 3351 748 3570 802; x_wconf 78' lang='grc' dir='ltr'>ἃπασαν</span> <span class='ocrx_word' id='word_1_149' title='bbox 3592 749 3695 820; x_wconf 83' lang='grc' dir='ltr'>τὴν</span> <span class='ocrx_word' id='word_1_150' title='bbox 3718 749 3875 809; x_wconf 70' lang='grc' dir='ltr'>πόλιν</span> <span class='ocrx_word' id='word_1_151' title='bbox 3898 765 4066 816; x_wconf 76' lang='grc' dir='ltr'>προσ-</span> 
     </span>
    </p>
   </div>
   <div class='ocr_carea' id='block_1_22' title="bbox 2471 834 4061 910">
    <p class='ocr_par' dir='ltr' id='par_1_22' title="bbox 2471 834 4061 910">
     <span class='ocr_line' id='line_1_22' title="bbox 2471 834 4061 910; baseline -0.001 -20"><span class='ocrx_word' id='word_1_152' title='bbox 2471 839 2713 901; x_wconf 88' lang='grc' dir='ltr'>έταττεν,</span> <span class='ocrx_word' id='word_1_153' title='bbox 2772 838 2837 889; x_wconf 81' lang='grc' dir='ltr'>ἵν’</span> <span class='ocrx_word' id='word_1_154' title='bbox 2929 838 3026 891; x_wconf 72' lang='grc' dir='ltr'>καὶ</span> <span class='ocrx_word' id='word_1_155' title='bbox 3055 838 3214 891; x_wconf 83' lang='grc' dir='ltr'>τοῦτο</span> <span class='ocrx_word' id='word_1_156' title='bbox 3269 840 3420 908; x_wconf 83' lang='grc' dir='ltr'>αὺτῷ</span> <span class='ocrx_word' id='word_1_157' title='bbox 3449 841 3509 892; x_wconf 85' lang='grc' dir='ltr'>ού</span> <span class='ocrx_word' id='word_1_158' title='bbox 3538 841 3597 891; x_wconf 83' lang='grc' dir='ltr'>τὸ</span> <span class='ocrx_word' id='word_1_159' title='bbox 3629 841 3792 910; x_wconf 79' lang='grc' dir='ltr'>τυχὸν</span> <span class='ocrx_word' id='word_1_160' title='bbox 3834 857 4061 910; x_wconf 74' lang='grc' dir='ltr'>παρεμ-</span> 
     </span>
    </p>
   </div>
   <div class='ocr_carea' id='block_1_23' title="bbox 2473 928 4064 1002">
    <p class='ocr_par' dir='ltr' id='par_1_23' title="bbox 2473 928 4064 1002">
     <span class='ocr_line' id='line_1_23' title="bbox 2473 928 4064 1002; baseline 0.003 -21"><span class='ocrx_word' id='word_1_161' title='bbox 2473 929 2724 998; x_wconf 82' lang='grc' dir='ltr'>πόρευμα</span> <span class='ocrx_word' id='word_1_162' title='bbox 2744 944 2756 957; x_wconf 80' lang='grc'><strong><em>⁸</em></strong></span> <span class='ocrx_word' id='word_1_163' title='bbox 2785 928 2905 999; x_wconf 70' lang='grc' dir='ltr'>ᾔδει</span> <span class='ocrx_word' id='word_1_164' title='bbox 2934 929 3044 1000; x_wconf 79' lang='grc' dir='ltr'>γάρ</span> <span class='ocrx_word' id='word_1_165' title='bbox 3065 930 3139 992; x_wconf 84' lang='grc' dir='ltr'>ὡς</span> <span class='ocrx_word' id='word_1_166' title='bbox 3164 932 3215 984; x_wconf 69' lang='grc' dir='ltr'>οἱ</span> <span class='ocrx_word' id='word_1_167' title='bbox 3242 933 3367 994; x_wconf 87' lang='grc' dir='ltr'>τοὺς</span> <span class='ocrx_word' id='word_1_168' title='bbox 3398 931 3781 1002; x_wconf 77' lang='grc' dir='ltr'>αἰχμαλώτους</span> <span class='ocrx_word' id='word_1_169' title='bbox 3808 932 4064 1001; x_wconf 63' lang='grc' dir='ltr'>ὠνούμε-</span> 
     </span>
    </p>
   </div>
   <div class='ocr_carea' id='block_1_24' title="bbox 2469 1020 4063 1091">
    <p class='ocr_par' dir='ltr' id='par_1_24' title="bbox 2469 1020 4063 1091">
     <span class='ocr_line' id='line_1_24' title="bbox 2469 1020 4063 1091; baseline 0.001 -19"><span class='ocrx_word' id='word_1_170' title='bbox 2469 1038 2549 1073; x_wconf 90' lang='grc' dir='ltr'>νοι</span> <span class='ocrx_word' id='word_1_171' title='bbox 2571 1020 2691 1073; x_wconf 73' lang='grc' dir='ltr'>οὐδὲ</span> <span class='ocrx_word' id='word_1_172' title='bbox 2716 1020 2879 1073; x_wconf 89' lang='grc' dir='ltr'>τοῦτο</span> <span class='ocrx_word' id='word_1_173' title='bbox 2911 1022 3172 1091; x_wconf 82' lang='grc' dir='ltr'>πράττειν</span> <span class='ocrx_word' id='word_1_174' title='bbox 3199 1022 3361 1076; x_wconf 77' lang='grc' dir='ltr'>αὐτὸν</span> <span class='ocrx_word' id='word_1_175' title='bbox 3403 1023 3464 1085; x_wconf 76' lang='grc' dir='ltr'>ἐξ</span> <span class='ocrx_word' id='word_1_176' title='bbox 3497 1024 3741 1091; x_wconf 80' lang='grc' dir='ltr'>ἀνάγκης</span> <span class='ocrx_word' id='word_1_177' title='bbox 3768 1025 4063 1091; x_wconf 77' lang='grc' dir='ltr'>ἀνάσχοιν-</span> 
     </span>
    </p>
   </div>
   <div class='ocr_carea' id='block_1_25' title="bbox 2468 1106 4061 1184">
    <p class='ocr_par' dir='ltr' id='par_1_25' title="bbox 2468 1106 4061 1184">
     <span class='ocr_line' id='line_1_25' title="bbox 2468 1106 4061 1184; baseline 0.001 -18"><span class='ocrx_word' id='word_1_178' title='bbox 2468 1130 2550 1176; x_wconf 86' lang='grc' dir='ltr'>το,</span> <span class='ocrx_word' id='word_1_179' title='bbox 2574 1112 2891 1183; x_wconf 76' lang='grc' dir='ltr'>αἱρούμενοι</span> <span class='ocrx_word' id='word_1_180' title='bbox 2925 1114 3125 1183; x_wconf 76' lang='grc' dir='ltr'>μᾶλλον</span> <span class='ocrx_word' id='word_1_181' title='bbox 3143 1116 3343 1174; x_wconf 75' lang='grc' dir='ltr'>αὐτοὺς</span> <span class='ocrx_word' id='word_1_182' title='bbox 3380 1114 3625 1177; x_wconf 81' lang='grc' dir='ltr'>ὲκείνους</span> <span class='ocrx_word' id='word_1_183' title='bbox 3656 1106 4061 1184; x_wconf 64' lang='grc' dir='ltr'>καταπρησθῆὶ</span> 
     </span>
    </p>
   </div>
   <div class='ocr_carea' id='block_1_26' title="bbox 2470 1203 4063 1277">
    <p class='ocr_par' dir='ltr' id='par_1_26' title="bbox 2470 1203 4063 1277">
     <span class='ocr_line' id='line_1_26' title="bbox 2470 1203 4063 1277; baseline 0.002 -21"><span class='ocrx_word' id='word_1_184' title='bbox 2470 1205 2620 1273; x_wconf 86' lang='grc' dir='ltr'>ναιῆ</span> <span class='ocrx_word' id='word_1_185' title='bbox 2654 1203 2895 1261; x_wconf 80' lang='grc' dir='ltr'>τοιοῦτόν</span> <span class='ocrx_word' id='word_1_186' title='bbox 2925 1222 2977 1258; x_wconf 89' lang='grc' dir='ltr'>τι</span> <span class='ocrx_word' id='word_1_187' title='bbox 3036 1206 3140 1259; x_wconf 77' lang='grc' dir='ltr'>κᾶν</span> <span class='ocrx_word' id='word_1_188' title='bbox 3193 1207 3329 1277; x_wconf 78' lang='grc' dir='ltr'>ἀκοῇ</span> <span class='ocrx_word' id='word_1_189' title='bbox 3391 1207 3825 1275; x_wconf 76' lang='grc' dir='ltr'>παραδέξασθαι.</span> <span class='ocrx_word' id='word_1_190' title='bbox 3873 1208 4063 1275; x_wconf 55' lang='lat' dir='ltr'><strong>“tum</strong></span> 
     </span>
    </p>
   </div>
   <div class='ocr_carea' id='block_1_27' title="bbox 2471 1293 4063 1370">
    <p class='ocr_par' dir='ltr' id='par_1_27' title="bbox 2471 1293 4063 1370">
     <span class='ocr_line' id='line_1_27' title="bbox 2471 1293 4063 1370; baseline 0.003 -22"><span class='ocrx_word' id='word_1_191' title='bbox 2471 1293 2554 1367; x_wconf 84' lang='grc' dir='ltr'>[Ρ.</span> <span class='ocrx_word' id='word_1_192' title='bbox 2580 1295 2710 1369; x_wconf 82' lang='grc'>570]</span> <span class='ocrx_word' id='word_1_193' title='bbox 2740 1297 2844 1364; x_wconf 80' lang='grc' dir='ltr'>γὰρ</span> <span class='ocrx_word' id='word_1_194' title='bbox 2874 1297 2982 1350; x_wconf 83' lang='grc' dir='ltr'>τῶν</span> <span class='ocrx_word' id='word_1_195' title='bbox 3032 1298 3322 1369; x_wconf 87' lang='grc' dir='ltr'>βαρϐάρων</span> <span class='ocrx_word' id='word_1_196' title='bbox 3373 1299 3461 1352; x_wconf 83' lang='grc' dir='ltr'>διὰ</span> <span class='ocrx_word' id='word_1_197' title='bbox 3505 1300 3671 1370; x_wconf 77' lang='grc' dir='ltr'>μέσου</span> <span class='ocrx_word' id='word_1_198' title='bbox 3718 1304 3817 1367; x_wconf 69' lang='grc' dir='ltr'>τῆς</span> <span class='ocrx_word' id='word_1_199' title='bbox 3849 1299 4063 1362; x_wconf 70' lang='grc' dir='ltr'>πόλεως</span> 
     </span>
    </p>
   </div>
   <div class='ocr_carea' id='block_1_28' title="bbox 2466 1388 4063 1461">
    <p class='ocr_par' dir='ltr' id='par_1_28' title="bbox 2466 1388 4063 1461">
     <span class='ocr_line' id='line_1_28' title="bbox 2466 1388 4063 1461; baseline 0.002 -21"><span class='ocrx_word' id='word_1_200' title='bbox 2466 1389 2568 1457; x_wconf 85' lang='grc' dir='ltr'>τὴν</span> <span class='ocrx_word' id='word_1_201' title='bbox 2593 1388 2766 1457; x_wconf 78' lang='grc' dir='ltr'>φλόγα</span> <span class='ocrx_word' id='word_1_202' title='bbox 2787 1390 3241 1457; x_wconf 84' lang='grc' dir='ltr'>διασπειράντων,</span> <span class='ocrx_word' id='word_1_203' title='bbox 3274 1391 3390 1444; x_wconf 79' lang='grc' dir='ltr'>ἀλλ’</span> <span class='ocrx_word' id='word_1_204' title='bbox 3416 1391 3495 1443; x_wconf 78' lang='grc' dir='ltr'>ἔτι</span> <span class='ocrx_word' id='word_1_205' title='bbox 3518 1392 3617 1454; x_wconf 78' lang='grc' dir='ltr'>τὰς</span> <span class='ocrx_word' id='word_1_206' title='bbox 3647 1391 4063 1461; x_wconf 65' lang='grc' dir='ltr'>πλησιαζούσας</span> 
     </span>
    </p>
   </div>
   <div class='ocr_carea' id='block_1_29' title="bbox 2466 1479 4063 1553">
    <p class='ocr_par' dir='ltr' id='par_1_29' title="bbox 2466 1479 4063 1553">
     <span class='ocr_line' id='line_1_29' title="bbox 2466 1479 4063 1553; baseline 0.002 -22"><span class='ocrx_word' id='word_1_207' title='bbox 2466 1483 2532 1550; x_wconf 84' lang='grc' dir='ltr'>τῇ</span> <span class='ocrx_word' id='word_1_208' title='bbox 2568 1479 2815 1552; x_wconf 79' lang='grc' dir='ltr'>θαλάσσῃ</span> <span class='ocrx_word' id='word_1_209' title='bbox 2842 1482 3264 1550; x_wconf 83' lang='grc' dir='ltr'>πυρπολούντων</span> <span class='ocrx_word' id='word_1_210' title='bbox 3293 1484 3494 1544; x_wconf 79' lang='grc' dir='ltr'>οἰκίας,</span> <span class='ocrx_word' id='word_1_211' title='bbox 3532 1485 3692 1553; x_wconf 84' lang='grc' dir='ltr'>μόνον</span> <span class='ocrx_word' id='word_1_212' title='bbox 3722 1486 3803 1537; x_wconf 86' lang='grc' dir='ltr'>ὃτι</span> <span class='ocrx_word' id='word_1_213' title='bbox 3834 1485 3973 1553; x_wconf 73' lang='grc' dir='ltr'>πρὸς</span> <span class='ocrx_word' id='word_1_214' title='bbox 4004 1483 4063 1535; x_wconf 81' lang='grc' dir='ltr'>τὸ</span> 
     </span>
    </p>
   </div>
   <div class='ocr_carea' id='block_1_30' title="bbox 2467 1573 4061 1647">
    <p class='ocr_par' dir='ltr' id='par_1_30' title="bbox 2467 1573 4061 1647">
     <span class='ocr_line' id='line_1_30' title="bbox 2467 1573 4061 1647; baseline 0.002 -22"><span class='ocrx_word' id='word_1_215' title='bbox 2467 1573 2828 1626; x_wconf 84' lang='grc' dir='ltr'>καταϐάλλειν</span> <span class='ocrx_word' id='word_1_216' title='bbox 2856 1579 2953 1637; x_wconf 87' lang='grc' dir='ltr'>τάς</span> <span class='ocrx_word' id='word_1_217' title='bbox 2985 1576 3126 1644; x_wconf 79' lang='grc' dir='ltr'>ὑπὲρ</span> <span class='ocrx_word' id='word_1_218' title='bbox 3159 1576 3256 1645; x_wconf 79' lang='grc' dir='ltr'>τῆς</span> <span class='ocrx_word' id='word_1_219' title='bbox 3306 1577 3517 1639; x_wconf 79' lang='grc' dir='ltr'>πόλεως</span> <span class='ocrx_word' id='word_1_220' title='bbox 3550 1580 3714 1645; x_wconf 73' lang='grc' dir='ltr'>τιμάς</span> <span class='ocrx_word' id='word_1_221' title='bbox 3746 1580 3797 1629; x_wconf 84' lang='lat' dir='ltr'>ol</span> <span class='ocrx_word' id='word_1_222' title='bbox 3850 1580 4061 1647; x_wconf 74' lang='grc' dir='ltr'>παρόν-</span> 
     </span>
    </p>
   </div>
   <div class='ocr_carea' id='block_1_31' title="bbox 2467 1668 4063 1743">
    <p class='ocr_par' dir='ltr' id='par_1_31' title="bbox 2467 1668 4063 1743">
     <span class='ocr_line' id='line_1_31' title="bbox 2467 1668 4063 1743; baseline 0.003 -23"><span class='ocrx_word' id='word_1_223' title='bbox 2467 1684 2557 1730; x_wconf 88' lang='grc' dir='ltr'>τες</span> <span class='ocrx_word' id='word_1_224' title='bbox 2590 1669 2723 1735; x_wconf 88' lang='grc' dir='ltr'>πρὸς</span> <span class='ocrx_word' id='word_1_225' title='bbox 2756 1668 3020 1737; x_wconf 77' lang='grc' dir='ltr'>ἀλλήλους</span> <span class='ocrx_word' id='word_1_226' title='bbox 3058 1670 3366 1742; x_wconf 76' lang='grc' dir='ltr'>ἐκύρωσαν,</span> <span class='ocrx_word' id='word_1_227' title='bbox 3402 1672 3497 1724; x_wconf 72' lang='grc' dir='ltr'>καὶ</span> <span class='ocrx_word' id='word_1_228' title='bbox 3529 1672 3691 1723; x_wconf 84' lang='grc' dir='ltr'>πάλιν</span> <span class='ocrx_word' id='word_1_229' title='bbox 3723 1674 4063 1743; x_wconf 77' lang='grc' dir='ltr'>πρόσταγμα</span> 
     </span>
    </p>
   </div>
   <div class='ocr_carea' id='block_1_32' title="bbox 2469 1760 4062 1835">
    <p class='ocr_par' dir='ltr' id='par_1_32' title="bbox 2469 1760 4062 1835">
     <span class='ocr_line' id='line_1_32' title="bbox 2469 1760 4062 1835; baseline 0.003 -22"><span class='ocrx_word' id='word_1_230' title='bbox 2469 1760 2745 1829; x_wconf 78' lang='grc' dir='ltr'>πανταχοῦ</span> <span class='ocrx_word' id='word_1_231' title='bbox 2800 1761 3137 1832; x_wconf 80' lang='grc' dir='ltr'>διεπέμπετο</span> <span class='ocrx_word' id='word_1_232' title='bbox 3186 1763 3457 1816; x_wconf 79' lang='grc' dir='ltr'>παύεσθαι</span> <span class='ocrx_word' id='word_1_233' title='bbox 3493 1766 3594 1835; x_wconf 72' lang='grc' dir='ltr'>τῆς</span> <span class='ocrx_word' id='word_1_234' title='bbox 3631 1768 3841 1827; x_wconf 70' lang='grc' dir='ltr'>οἰκείας</span> <span class='ocrx_word' id='word_1_235' title='bbox 3865 1784 4062 1834; x_wconf 80' lang='grc' dir='ltr'>συνερ-</span> 
     </span>
    </p>
   </div>
   <div class='ocr_carea' id='block_1_33' title="bbox 784 1852 2370 1927">
    <p class='ocr_par' dir='ltr' id='par_1_33' title="bbox 784 1854 2363 1925">
     <span class='ocr_line' id='line_1_33' title="bbox 784 1854 2363 1925; baseline -0.001 -16"><span class='ocrx_word' id='word_1_236' title='bbox 784 1871 1046 1925; x_wconf 83' lang='lat' dir='ltr'><strong>prospcrc</strong></span> <span class='ocrx_word' id='word_1_237' title='bbox 1078 1856 1357 1909; x_wconf 84' lang='lat' dir='ltr'><strong>cessisset.</strong></span> <span class='ocrx_word' id='word_1_238' title='bbox 1390 1856 1493 1921; x_wconf 85' lang='lat' dir='ltr'>Qui</span> <span class='ocrx_word' id='word_1_239' title='bbox 1522 1856 1669 1909; x_wconf 88' lang='lat' dir='ltr'><strong>enim</strong></span> <span class='ocrx_word' id='word_1_240' title='bbox 1697 1870 1820 1909; x_wconf 90' lang='lat' dir='ltr'><strong>cum</strong></span> <span class='ocrx_word' id='word_1_241' title='bbox 1845 1854 2066 1908; x_wconf 88' lang='lat' dir='ltr'><strong>laudato</strong></span> <span class='ocrx_word' id='word_1_242' title='bbox 2094 1854 2363 1923; x_wconf 73' lang='lat' dir='ltr'><strong>Symeone</strong></span> 
     </span>
    </p>
   </div>
   <div class='ocr_carea' id='block_1_34' title="bbox 2471 1852 4066 1927">
    <p class='ocr_par' dir='ltr' id='par_1_34' title="bbox 2471 1854 4066 1927">
     <span class='ocr_line' id='line_1_34' title="bbox 2471 1854 4066 1927; baseline 0.003 -21"><span class='ocrx_word' id='word_1_243' title='bbox 2471 1854 2591 1921; x_wconf 83' lang='grc' dir='ltr'>γίας</span> <span class='ocrx_word' id='word_1_244' title='bbox 2625 1856 2665 1885; x_wconf 82' lang='grc'><strong><em>³⁸</em></strong></span> <span class='ocrx_word' id='word_1_245' title='bbox 2686 1856 2744 1907; x_wconf 73' lang='grc' dir='ltr'>τὸ</span> <span class='ocrx_word' id='word_1_246' title='bbox 2766 1856 2901 1924; x_wconf 78' lang='grc' dir='ltr'>πῦρ,</span> <span class='ocrx_word' id='word_1_247' title='bbox 2944 1857 3018 1919; x_wconf 82' lang='grc' dir='ltr'>ὼς</span> <span class='ocrx_word' id='word_1_248' title='bbox 3048 1859 3129 1917; x_wconf 84' lang='grc' dir='ltr'>εἰς</span> <span class='ocrx_word' id='word_1_249' title='bbox 3152 1857 3388 1927; x_wconf 80' lang='grc' dir='ltr'>χρηστὸν</span> <span class='ocrx_word' id='word_1_250' title='bbox 3419 1858 3569 1926; x_wconf 83' lang='grc' dir='ltr'>αὐτῷ</span> <span class='ocrx_word' id='word_1_251' title='bbox 3609 1861 3783 1927; x_wconf 77' lang='grc' dir='ltr'>πέρας</span> <span class='ocrx_word' id='word_1_252' title='bbox 3807 1862 3905 1912; x_wconf 78' lang='grc' dir='ltr'>καὶ</span> <span class='ocrx_word' id='word_1_253' title='bbox 3932 1861 4066 1911; x_wconf 77' lang='grc' dir='ltr'>ταύ-</span> 
     </span>
    </p>
   </div>
   <div class='ocr_carea' id='block_1_35' title="bbox 783 1945 2366 2015">
    <p class='ocr_par' dir='ltr' id='par_1_35' title="bbox 783 1945 2366 2015">
     <span class='ocr_line' id='line_1_35' title="bbox 783 1945 2366 2015; baseline 0 -16"><span class='ocrx_word' id='word_1_254' title='bbox 783 1948 886 2000; x_wconf 78' lang='lat' dir='ltr'><strong>viri</strong></span> <span class='ocrx_word' id='word_1_255' title='bbox 921 1948 1345 2006; x_wconf 84' lang='lat' dir='ltr'><strong>comitabantur,</strong></span> <span class='ocrx_word' id='word_1_256' title='bbox 1396 1947 1543 2015; x_wconf 85' lang='lat' dir='ltr'><strong>quod</strong></span> <span class='ocrx_word' id='word_1_257' title='bbox 1593 1946 1813 2000; x_wconf 87' lang='lat' dir='ltr'><strong>aliunde</strong></span> <span class='ocrx_word' id='word_1_258' title='bbox 1861 1961 1972 1999; x_wconf 91' lang='lat' dir='ltr'><strong>non</strong></span> <span class='ocrx_word' id='word_1_259' title='bbox 2037 1945 2366 2014; x_wconf 81' lang='lat' dir='ltr'><strong>suppetebat</strong></span> 
     </span>
    </p>
   </div>
   <div class='ocr_carea' id='block_1_36' title="bbox 781 2038 2363 2103">
    <p class='ocr_par' dir='ltr' id='par_1_36' title="bbox 781 2038 2363 2103">
     <span class='ocr_line' id='line_1_36' title="bbox 781 2038 2363 2103; baseline -0.001 -11"><span class='ocrx_word' id='word_1_260' title='bbox 781 2040 929 2093; x_wconf 83' lang='lat' dir='ltr'><strong>unde</strong></span> <span class='ocrx_word' id='word_1_261' title='bbox 961 2056 1228 2093; x_wconf 81' lang='lat' dir='ltr'><strong>summam</strong></span> <span class='ocrx_word' id='word_1_262' title='bbox 1265 2049 1647 2103; x_wconf 83' lang='lat' dir='ltr'><strong>numerarent,</strong></span> <span class='ocrx_word' id='word_1_263' title='bbox 1674 2039 1785 2092; x_wconf 88' lang='lat' dir='ltr'>duo</span> <span class='ocrx_word' id='word_1_264' title='bbox 1817 2041 1936 2093; x_wconf 89' lang='lat' dir='ltr'><strong>auri</strong></span> <span class='ocrx_word' id='word_1_265' title='bbox 1965 2039 2168 2091; x_wconf 84' lang='lat' dir='ltr'><strong>talenta</strong></span> <span class='ocrx_word' id='word_1_266' title='bbox 2199 2038 2363 2091; x_wconf 90' lang='lat' dir='ltr'><strong>datu-</strong></span> 
     </span>
    </p>
   </div>
   <div class='ocr_carea' id='block_1_37' title="bbox 784 2130 2367 2200">
    <p class='ocr_par' dir='ltr' id='par_1_37' title="bbox 784 2130 2367 2200">
     <span class='ocr_line' id='line_1_37' title="bbox 784 2130 2367 2200; baseline 0.002 -17"><span class='ocrx_word' id='word_1_267' title='bbox 784 2147 873 2185; x_wconf 79' lang='lat' dir='ltr'>ros</span> <span class='ocrx_word' id='word_1_268' title='bbox 909 2132 1275 2200; x_wconf 61' lang='lat' dir='ltr'><strong>spopondi-re,</strong></span> <span class='ocrx_word' id='word_1_269' title='bbox 1309 2147 1432 2200; x_wconf 77' lang='lat' dir='ltr'><strong>qua:</strong></span> <span class='ocrx_word' id='word_1_270' title='bbox 1476 2132 1769 2185; x_wconf 87' lang='lat' dir='ltr'><strong>eunuchus</strong></span> <span class='ocrx_word' id='word_1_271' title='bbox 1819 2130 2056 2184; x_wconf 85' lang='lat' dir='ltr'><strong>fustibus</strong></span> <span class='ocrx_word' id='word_1_272' title='bbox 2096 2140 2367 2186; x_wconf 84' lang='lat' dir='ltr'><strong>mactatus</strong></span> 
     </span>
    </p>
   </div>
   <div class='ocr_carea' id='block_1_38' title="bbox 781 2220 2366 2289">
    <p class='ocr_par' dir='ltr' id='par_1_38' title="bbox 781 2220 2366 2289">
     <span class='ocr_line' id='line_1_38' title="bbox 781 2220 2366 2289; baseline 0.001 -16"><span class='ocrx_word' id='word_1_273' title='bbox 781 2220 1129 2289; x_wconf 61' lang='lat' dir='ltr'><strong>Strymonem</strong></span> <span class='ocrx_word' id='word_1_274' title='bbox 1165 2221 1489 2284; x_wconf 84' lang='lat' dir='ltr'><strong>dimiserat;</strong></span> <span class='ocrx_word' id='word_1_275' title='bbox 1517 2221 1721 2289; x_wconf 84' lang='lat' dir='ltr'><strong>quibus</strong></span> <span class='ocrx_word' id='word_1_276' title='bbox 1754 2220 1923 2274; x_wconf 90' lang='lat' dir='ltr'><strong>etiam</strong></span> <span class='ocrx_word' id='word_1_277' title='bbox 1980 2220 2106 2274; x_wconf 92' lang='lat' dir='ltr'><strong>inde</strong></span> <span class='ocrx_word' id='word_1_278' title='bbox 2143 2221 2233 2281; x_wconf 89' lang='lat' dir='ltr'><strong>ubi</strong></span> <span class='ocrx_word' id='word_1_279' title='bbox 2282 2236 2366 2274; x_wconf 89' lang='lat' dir='ltr'><strong>re-</strong></span> 
     </span>
    </p>
   </div>
   <div class='ocr_carea' id='block_1_39' title="bbox 776 2313 2367 2382">
    <p class='ocr_par' dir='ltr' id='par_1_39' title="bbox 776 2313 2367 2382">
     <span class='ocr_line' id='line_1_39' title="bbox 776 2313 2367 2382; baseline -0.001 -15"><span class='ocrx_word' id='word_1_280' title='bbox 776 2314 1001 2367; x_wconf 86' lang='lat' dir='ltr'><strong>condita</strong></span> <span class='ocrx_word' id='word_1_281' title='bbox 1030 2323 1208 2377; x_wconf 81' lang='lat' dir='ltr'><strong>erant,</strong></span> <span class='ocrx_word' id='word_1_282' title='bbox 1243 2329 1341 2382; x_wconf 90' lang='lat' dir='ltr'>per</span> <span class='ocrx_word' id='word_1_283' title='bbox 1370 2314 1589 2367; x_wconf 82' lang='lat' dir='ltr'><strong>veloces</strong></span> <span class='ocrx_word' id='word_1_284' title='bbox 1636 2328 1897 2367; x_wconf 83' lang='lat' dir='ltr'><strong>cursores</strong></span> <span class='ocrx_word' id='word_1_285' title='bbox 1955 2313 2065 2367; x_wconf 88' lang='lat' dir='ltr'><strong>cito</strong></span> <span class='ocrx_word' id='word_1_286' title='bbox 2121 2314 2367 2368; x_wconf 81' lang='lat' dir='ltr'><strong>advectis</strong></span> 
     </span>
    </p>
   </div>
   <div class='ocr_carea' id='block_1_40' title="bbox 780 2404 2364 2474">
    <p class='ocr_par' dir='ltr' id='par_1_40' title="bbox 780 2404 2364 2474">
     <span class='ocr_line' id='line_1_40' title="bbox 780 2404 2364 2474; baseline 0.001 -17"><span class='ocrx_word' id='word_1_287' title='bbox 780 2417 944 2473; x_wconf 78' lang='lat' dir='ltr'><strong>atque</strong></span> <span class='ocrx_word' id='word_1_288' title='bbox 985 2404 1247 2460; x_wconf 86' lang='lat' dir='ltr'><strong>Barbaris</strong></span> <span class='ocrx_word' id='word_1_289' title='bbox 1280 2405 1611 2464; x_wconf 83' lang='lat' dir='ltr'><strong>numeratis,</strong></span> <span class='ocrx_word' id='word_1_290' title='bbox 1642 2420 1741 2474; x_wconf 90' lang='lat' dir='ltr'>per</span> <span class='ocrx_word' id='word_1_291' title='bbox 1764 2420 1891 2459; x_wconf 92' lang='lat' dir='ltr'>eum</span> <span class='ocrx_word' id='word_1_292' title='bbox 1929 2405 2151 2459; x_wconf 91' lang='lat' dir='ltr'><strong>modum</strong></span> <span class='ocrx_word' id='word_1_293' title='bbox 2172 2405 2364 2459; x_wconf 85' lang='lat' dir='ltr'><strong>civita-</strong></span> 
     </span>
    </p>
   </div>
   <div class='ocr_carea' id='block_1_41' title="bbox 781 2499 1941 2555">
    <p class='ocr_par' dir='ltr' id='par_1_41' title="bbox 781 2499 1941 2555">
     <span class='ocr_line' id='line_1_41' title="bbox 781 2499 1941 2555; baseline -0.001 -3"><span class='ocrx_word' id='word_1_294' title='bbox 781 2514 888 2553; x_wconf 68' lang='lat' dir='ltr'>tem</span> <span class='ocrx_word' id='word_1_295' title='bbox 920 2502 988 2554; x_wconf 85' lang='lat' dir='ltr'><strong>ab</strong></span> <span class='ocrx_word' id='word_1_296' title='bbox 1026 2499 1282 2555; x_wconf 88' lang='lat' dir='ltr'><strong>incendio</strong></span> <span class='ocrx_word' id='word_1_297' title='bbox 1308 2499 1535 2553; x_wconf 59' lang='lat' dir='ltr'><strong>illaesam</strong></span> <span class='ocrx_word' id='word_1_298' title='bbox 1560 2507 1941 2554; x_wconf 86' lang='lat' dir='ltr'><strong>servaverunt.</strong></span> 
     </span>
    </p>
   </div>
   <div class='ocr_carea' id='block_1_42' title="bbox 852 2790 2365 2861">
    <p class='ocr_par' dir='ltr' id='par_1_42' title="bbox 852 2790 2365 2861">
     <span class='ocr_line' id='line_1_42' title="bbox 852 2790 2365 2861; baseline -0.001 -14"><span class='ocrx_word' id='word_1_299' title='bbox 852 2794 941 2848; x_wconf 83' lang='lat'>65.</span> <span class='ocrx_word' id='word_1_300' title='bbox 975 2793 1069 2845; x_wconf 86' lang='lat' dir='ltr'><strong>His</strong></span> <span class='ocrx_word' id='word_1_301' title='bbox 1110 2808 1331 2861; x_wconf 83' lang='lat' dir='ltr'><strong>quoque</strong></span> <span class='ocrx_word' id='word_1_302' title='bbox 1351 2792 1418 2847; x_wconf 87' lang='lat' dir='ltr'>ad</span> <span class='ocrx_word' id='word_1_303' title='bbox 1452 2801 1671 2861; x_wconf 85' lang='lat' dir='ltr'><strong>optatos</strong></span> <span class='ocrx_word' id='word_1_304' title='bbox 1706 2790 1844 2845; x_wconf 83' lang='lat' dir='ltr'><strong>lines</strong></span> <span class='ocrx_word' id='word_1_305' title='bbox 1892 2790 2195 2861; x_wconf 86' lang='lat' dir='ltr'><strong>perductis,</strong></span> <span class='ocrx_word' id='word_1_306' title='bbox 2238 2805 2365 2845; x_wconf 89' lang='lat' dir='ltr'>cum</span> 
     </span>
    </p>
   </div>
   <div class='ocr_carea' id='block_1_43' title="bbox 782 2883 2364 2953">
    <p class='ocr_par' dir='ltr' id='par_1_43' title="bbox 782 2883 2364 2953">
     <span class='ocr_line' id='line_1_43' title="bbox 782 2883 2364 2953; baseline -0.001 -15"><span class='ocrx_word' id='word_1_307' title='bbox 782 2886 919 2938; x_wconf 87' lang='lat' dir='ltr'><strong>nihil</strong></span> <span class='ocrx_word' id='word_1_308' title='bbox 951 2893 1239 2952; x_wconf 88' lang='lat' dir='ltr'><strong>superaret</strong></span> <span class='ocrx_word' id='word_1_309' title='bbox 1262 2884 1410 2953; x_wconf 91' lang='lat' dir='ltr'><strong>quod</strong></span> <span class='ocrx_word' id='word_1_310' title='bbox 1448 2885 1553 2937; x_wconf 92' lang='lat' dir='ltr'><strong>viri</strong></span> <span class='ocrx_word' id='word_1_311' title='bbox 1583 2883 1992 2938; x_wconf 86' lang='lat' dir='ltr'><strong>insatiabilibus</strong></span> <span class='ocrx_word' id='word_1_312' title='bbox 2037 2883 2215 2938; x_wconf 91' lang='lat' dir='ltr'><strong>oculis</strong></span> <span class='ocrx_word' id='word_1_313' title='bbox 2244 2884 2364 2937; x_wconf 88' lang='lat' dir='ltr'><strong>auri</strong></span> 
     </span>
    </p>
   </div>
   <div class='ocr_carea' id='block_1_44' title="bbox 780 2974 2369 3044">
    <p class='ocr_par' dir='ltr' id='par_1_44' title="bbox 780 2974 2369 3044">
     <span class='ocr_line' id='line_1_44' title="bbox 780 2974 2369 3044; baseline -0.001 -15"><span class='ocrx_word' id='word_1_314' title='bbox 780 2975 1149 3044; x_wconf 71' lang='lat' dir='ltr'><strong>cxtorquendi</strong></span> <span class='ocrx_word' id='word_1_315' title='bbox 1198 2975 1343 3029; x_wconf 88' lang='lat' dir='ltr'><strong>ratio</strong></span> <span class='ocrx_word' id='word_1_316' title='bbox 1394 2990 1503 3027; x_wconf 92' lang='lat' dir='ltr'><strong>non</strong></span> <span class='ocrx_word' id='word_1_317' title='bbox 1548 2974 1763 3035; x_wconf 77' lang='lat' dir='ltr'><strong>fuisset.</strong></span> <span class='ocrx_word' id='word_1_318' title='bbox 1813 2990 1913 3028; x_wconf 90' lang='lat' dir='ltr'>nec</span> <span class='ocrx_word' id='word_1_319' title='bbox 1946 2974 2107 3044; x_wconf 83' lang='lat'><strong>577</strong></span> <span class='ocrx_word' id='word_1_320' title='bbox 2158 2975 2369 3029; x_wconf 89' lang='lat' dir='ltr'><strong>diutius</strong></span> 
     </span>
    </p>
   </div>
   <div class='ocr_carea' id='block_1_45' title="bbox 782 3065 2370 3136">
    <p class='ocr_par' dir='ltr' id='par_1_45' title="bbox 782 3065 2370 3136">
     <span class='ocr_line' id='line_1_45' title="bbox 782 3065 2370 3136; baseline 0.001 -17"><span class='ocrx_word' id='word_1_321' title='bbox 782 3067 895 3120; x_wconf 85' lang='lat' dir='ltr'><strong>illic</strong></span> <span class='ocrx_word' id='word_1_322' title='bbox 931 3066 980 3120; x_wconf 93' lang='lat' dir='ltr'><strong>ei</strong></span> <span class='ocrx_word' id='word_1_323' title='bbox 1015 3065 1343 3119; x_wconf 89' lang='lat' dir='ltr'><strong>morandum</strong></span> <span class='ocrx_word' id='word_1_324' title='bbox 1381 3065 1546 3128; x_wconf 87' lang='lat' dir='ltr'><strong>foret,</strong></span> <span class='ocrx_word' id='word_1_325' title='bbox 1584 3066 1680 3119; x_wconf 86' lang='lat' dir='ltr'>sed</span> <span class='ocrx_word' id='word_1_326' title='bbox 1723 3072 1792 3120; x_wconf 86' lang='lat' dir='ltr'>de</span> <span class='ocrx_word' id='word_1_327' title='bbox 1846 3067 2214 3135; x_wconf 79' lang='lat' dir='ltr'><strong>navigationis</strong></span> <span class='ocrx_word' id='word_1_328' title='bbox 2270 3082 2370 3136; x_wconf 83' lang='lat' dir='ltr'>po-</span> 
     </span>
    </p>
   </div>
   <div class='ocr_carea' id='block_1_46' title="bbox 784 3154 2437 3255">
    <p class='ocr_par' dir='ltr' id='par_1_46' title="bbox 784 3154 2437 3255">
     <span class='ocr_line' id='line_1_46' title="bbox 784 3154 2437 3255; baseline 0.001 -47"><span class='ocrx_word' id='word_1_329' title='bbox 784 3158 892 3209; x_wconf 87' lang='lat' dir='ltr'><strong>tius</strong></span> <span class='ocrx_word' id='word_1_330' title='bbox 916 3155 1227 3218; x_wconf 90' lang='lat' dir='ltr'><strong>eventibus,</strong></span> <span class='ocrx_word' id='word_1_331' title='bbox 1260 3170 1359 3223; x_wconf 90' lang='lat' dir='ltr'>per</span> <span class='ocrx_word' id='word_1_332' title='bbox 1385 3154 1437 3207; x_wconf 92' lang='lat' dir='ltr'><strong>id</strong></span> <span class='ocrx_word' id='word_1_333' title='bbox 1478 3163 1697 3224; x_wconf 89' lang='lat' dir='ltr'><strong>tempus</strong></span> <span class='ocrx_word' id='word_1_334' title='bbox 1746 3155 2065 3223; x_wconf 82' lang='lat' dir='ltr'><strong>navigantes</strong></span> <span class='ocrx_word' id='word_1_335' title='bbox 2106 3165 2367 3224; x_wconf 87' lang='lat' dir='ltr'><strong>appetere</strong></span> <span class='ocrx_word' id='word_1_336' title='bbox 2393 3193 2437 3255; x_wconf 63' lang='grc' dir='ltr'>ϐ</span> 
     </span>
    </p>
   </div>
   <div class='ocr_carea' id='block_1_47' title="bbox 780 3243 2365 3311">
    <p class='ocr_par' dir='ltr' id='par_1_47' title="bbox 780 3243 2365 3311">
     <span class='ocr_line' id='line_1_47' title="bbox 780 3243 2365 3311; baseline 0.001 -11"><span class='ocrx_word' id='word_1_337' title='bbox 780 3246 979 3306; x_wconf 87' lang='lat' dir='ltr'><strong>solitis,</strong></span> <span class='ocrx_word' id='word_1_338' title='bbox 1012 3245 1172 3298; x_wconf 73' lang='lat' dir='ltr'><strong>anxie</strong></span> <span class='ocrx_word' id='word_1_339' title='bbox 1222 3243 1609 3311; x_wconf 86' lang='lat' dir='ltr'><strong>cogitandum,</strong></span> <span class='ocrx_word' id='word_1_340' title='bbox 1649 3254 1778 3298; x_wconf 93' lang='lat' dir='ltr'><strong>tunc</strong></span> <span class='ocrx_word' id='word_1_341' title='bbox 1830 3246 2059 3308; x_wconf 81' lang='lat' dir='ltr'><strong>scilicet,</strong></span> <span class='ocrx_word' id='word_1_342' title='bbox 2109 3262 2233 3298; x_wconf 89' lang='lat' dir='ltr'>eum</span> <span class='ocrx_word' id='word_1_343' title='bbox 2285 3248 2365 3301; x_wconf 89' lang='lat' dir='ltr'><strong>sol</strong></span> 
     </span>
    </p>
   </div>
   <div class='ocr_carea' id='block_1_48' title="bbox 785 3336 2365 3401">
    <p class='ocr_par' dir='ltr' id='par_1_48' title="bbox 785 3336 2365 3401">
     <span class='ocr_line' id='line_1_48' title="bbox 785 3336 2365 3401; baseline 0.001 -11"><span class='ocrx_word' id='word_1_344' title='bbox 785 3338 1025 3390; x_wconf 87' lang='lat' dir='ltr'><strong>medium</strong></span> <span class='ocrx_word' id='word_1_345' title='bbox 1059 3336 1285 3390; x_wconf 86' lang='lat' dir='ltr'><strong>circiter</strong></span> <span class='ocrx_word' id='word_1_346' title='bbox 1310 3336 1434 3390; x_wconf 73' lang='grc' dir='ltr'>σωΙί</span> <span class='ocrx_word' id='word_1_347' title='bbox 1466 3351 1620 3389; x_wconf 77' lang='lat' dir='ltr'><strong>axem</strong></span> <span class='ocrx_word' id='word_1_348' title='bbox 1657 3345 1891 3401; x_wconf 86' lang='lat' dir='ltr'><strong>teneret,</strong></span> <span class='ocrx_word' id='word_1_349' title='bbox 1920 3337 2134 3391; x_wconf 86' lang='lat' dir='ltr'><strong>decimo</strong></span> <span class='ocrx_word' id='word_1_350' title='bbox 2164 3338 2365 3392; x_wconf 79' lang='lat' dir='ltr'><strong>excidii</strong></span> 
     </span>
    </p>
   </div>
   <div class='ocr_carea' id='block_1_49' title="bbox 780 3428 2367 3499">
    <p class='ocr_par' dir='ltr' id='par_1_49' title="bbox 780 3428 2367 3499">
     <span class='ocr_line' id='line_1_49' title="bbox 780 3428 2367 3499; baseline 0.001 -17"><span class='ocrx_word' id='word_1_351' title='bbox 780 3431 890 3489; x_wconf 86' lang='lat' dir='ltr'><strong>die.</strong></span> <span class='ocrx_word' id='word_1_352' title='bbox 923 3445 953 3482; x_wconf 93' lang='lat' dir='ltr'>e</span> <span class='ocrx_word' id='word_1_353' title='bbox 990 3440 1151 3499; x_wconf 89' lang='lat' dir='ltr'><strong>portu</strong></span> <span class='ocrx_word' id='word_1_354' title='bbox 1196 3428 1556 3497; x_wconf 82' lang='lat' dir='ltr'><strong>enavigantes</strong></span> <span class='ocrx_word' id='word_1_355' title='bbox 1582 3438 1748 3496; x_wconf 86' lang='lat' dir='ltr'><strong>atque</strong></span> <span class='ocrx_word' id='word_1_356' title='bbox 1789 3428 1856 3482; x_wconf 91' lang='lat' dir='ltr'><strong>ad</strong></span> <span class='ocrx_word' id='word_1_357' title='bbox 1902 3429 2202 3483; x_wconf 80' lang='lat' dir='ltr'><strong>Romanam</strong></span> <span class='ocrx_word' id='word_1_358' title='bbox 2236 3447 2367 3494; x_wconf 82' lang='lat' dir='ltr'><strong>por-</strong></span> 
     </span>
    </p>
   </div>
   <div class='ocr_carea' id='block_1_50' title="bbox 782 3517 2369 3589">
    <p class='ocr_par' dir='ltr' id='par_1_50' title="bbox 782 3517 2369 3589">
     <span class='ocr_line' id='line_1_50' title="bbox 782 3517 2369 3589; baseline 0.001 -16"><span class='ocrx_word' id='word_1_359' title='bbox 782 3530 891 3588; x_wconf 85' lang='lat' dir='ltr'>tam</span> <span class='ocrx_word' id='word_1_360' title='bbox 924 3518 1139 3573; x_wconf 89' lang='lat' dir='ltr'><strong>devecti</strong></span> <span class='ocrx_word' id='word_1_361' title='bbox 1190 3519 1467 3587; x_wconf 83' lang='lat' dir='ltr'><strong>reliquum</strong></span> <span class='ocrx_word' id='word_1_362' title='bbox 1493 3517 1603 3571; x_wconf 87' lang='lat' dir='ltr'><strong>diei</strong></span> <span class='ocrx_word' id='word_1_363' title='bbox 1656 3519 1731 3572; x_wconf 90' lang='lat' dir='ltr'>ibi</span> <span class='ocrx_word' id='word_1_364' title='bbox 1769 3523 2101 3589; x_wconf 74' lang='lat' dir='ltr'><strong>peregimus.</strong></span> <span class='ocrx_word' id='word_1_365' title='bbox 2139 3521 2369 3575; x_wconf 84' lang='lat' dir='ltr'><strong>Eramus</strong></span> 
     </span>
    </p>
   </div>
   <div class='ocr_carea' id='block_1_51' title="bbox 782 3608 2367 3678">
    <p class='ocr_par' dir='ltr' id='par_1_51' title="bbox 782 3608 2367 3678">
     <span class='ocr_line' id='line_1_51' title="bbox 782 3608 2367 3678; baseline 0.002 -16"><span class='ocrx_word' id='word_1_366' title='bbox 782 3625 882 3662; x_wconf 90' lang='lat' dir='ltr'>nos</span> <span class='ocrx_word' id='word_1_367' title='bbox 936 3609 1222 3678; x_wconf 85' lang='lat' dir='ltr'><strong>quinque,</strong></span> <span class='ocrx_word' id='word_1_368' title='bbox 1264 3608 1732 3677; x_wconf 87' lang='lat' dir='ltr'><strong>quemadmodum</strong></span> <span class='ocrx_word' id='word_1_369' title='bbox 1782 3610 1926 3677; x_wconf 88' lang='lat' dir='ltr'><strong>capti</strong></span> <span class='ocrx_word' id='word_1_370' title='bbox 1973 3610 2273 3675; x_wconf 79' lang='lat' dir='ltr'><strong>fueramus,</strong></span> <span class='ocrx_word' id='word_1_371' title='bbox 2312 3611 2367 3665; x_wconf 90' lang='lat' dir='ltr'>in</span> 
     </span>
    </p>
   </div>
   <div class='ocr_carea' id='block_1_52' title="bbox 778 3699 2370 3772">
    <p class='ocr_par' dir='ltr' id='par_1_52' title="bbox 778 3699 2370 3772">
     <span class='ocr_line' id='line_1_52' title="bbox 778 3699 2370 3772; baseline 0.002 -19"><span class='ocrx_word' id='word_1_372' title='bbox 778 3702 1015 3772; x_wconf 79' lang='lat' dir='ltr'><strong>quadam</strong></span> <span class='ocrx_word' id='word_1_373' title='bbox 1040 3700 1373 3772; x_wconf 64' lang='lat' dir='ltr'><strong>Egyptiacae</strong></span> <span class='ocrx_word' id='word_1_374' title='bbox 1404 3699 1596 3753; x_wconf 85' lang='lat' dir='ltr'><strong>classis</strong></span> <span class='ocrx_word' id='word_1_375' title='bbox 1624 3701 1878 3754; x_wconf 89' lang='lat' dir='ltr'><strong>ductoris</strong></span> <span class='ocrx_word' id='word_1_376' title='bbox 1905 3717 2060 3756; x_wconf 89' lang='lat' dir='ltr'><strong>nave.</strong></span> <span class='ocrx_word' id='word_1_377' title='bbox 2096 3702 2270 3767; x_wconf 86' lang='lat' dir='ltr'><strong>Quem</strong></span> <span class='ocrx_word' id='word_1_378' title='bbox 2312 3712 2370 3756; x_wconf 86' lang='lat' dir='ltr'>et</span> 
     </span>
    </p>
   </div>
   <div class='ocr_carea' id='block_1_53' title="bbox 780 3790 2368 3861">
    <p class='ocr_par' dir='ltr' id='par_1_53' title="bbox 780 3790 2368 3861">
     <span class='ocr_line' id='line_1_53' title="bbox 780 3790 2368 3861; baseline 0 -16"><span class='ocrx_word' id='word_1_379' title='bbox 780 3804 937 3861; x_wconf 83' lang='lat' dir='ltr'><strong>pater</strong></span> <span class='ocrx_word' id='word_1_380' title='bbox 998 3807 1153 3847; x_wconf 86' lang='lat' dir='ltr'><strong>meus</strong></span> <span class='ocrx_word' id='word_1_381' title='bbox 1214 3807 1310 3861; x_wconf 89' lang='lat' dir='ltr'>per</span> <span class='ocrx_word' id='word_1_382' title='bbox 1345 3806 1514 3844; x_wconf 91' lang='lat' dir='ltr'><strong>unum</strong></span> <span class='ocrx_word' id='word_1_383' title='bbox 1566 3790 1954 3860; x_wconf 87' lang='lat' dir='ltr'><strong>interpretum,</strong></span> <span class='ocrx_word' id='word_1_384' title='bbox 1988 3792 2192 3861; x_wconf 84' lang='lat' dir='ltr'><strong>quippe</strong></span> <span class='ocrx_word' id='word_1_385' title='bbox 2241 3808 2368 3846; x_wconf 87' lang='lat' dir='ltr'>cum</span> 
     </span>
    </p>
   </div>
   <div class='ocr_carea' id='block_1_54' title="bbox 781 3883 2370 3954">
    <p class='ocr_par' dir='ltr' id='par_1_54' title="bbox 781 3883 2370 3954">
     <span class='ocr_line' id='line_1_54' title="bbox 781 3883 2370 3954; baseline 0.001 -17"><span class='ocrx_word' id='word_1_386' title='bbox 781 3886 968 3954; x_wconf 85' lang='lat' dir='ltr'><strong>iingua</strong></span> <span class='ocrx_word' id='word_1_387' title='bbox 1019 3892 1208 3938; x_wconf 77' lang='lat' dir='ltr'><strong>nostra</strong></span> <span class='ocrx_word' id='word_1_388' title='bbox 1237 3884 1391 3952; x_wconf 82' lang='lat' dir='ltr'><strong>loqui</strong></span> <span class='ocrx_word' id='word_1_389' title='bbox 1451 3883 1713 3942; x_wconf 88' lang='lat' dir='ltr'><strong>nesciret.</strong></span> <span class='ocrx_word' id='word_1_390' title='bbox 1753 3892 2043 3953; x_wconf 77' lang='lat' dir='ltr'><strong>rogaverat</strong></span> <span class='ocrx_word' id='word_1_391' title='bbox 2075 3893 2133 3936; x_wconf 90' lang='lat' dir='ltr'><strong>ut</strong></span> <span class='ocrx_word' id='word_1_392' title='bbox 2186 3884 2370 3938; x_wconf 83' lang='lat' dir='ltr'><strong>missis</strong></span> 
     </span>
    </p>
   </div>
   <div class='ocr_carea' id='block_1_55' title="bbox 780 3974 2369 4046">
    <p class='ocr_par' dir='ltr' id='par_1_55' title="bbox 780 3974 2369 4046">
     <span class='ocr_line' id='line_1_55' title="bbox 780 3974 2369 4046; baseline 0 -16"><span class='ocrx_word' id='word_1_393' title='bbox 780 3977 1145 4045; x_wconf 87' lang='lat' dir='ltr'><strong>stipatoribus</strong></span> <span class='ocrx_word' id='word_1_394' title='bbox 1188 3989 1381 4029; x_wconf 87' lang='lat' dir='ltr'><strong>omnes</strong></span> <span class='ocrx_word' id='word_1_395' title='bbox 1412 3975 1573 4030; x_wconf 88' lang='lat' dir='ltr'><strong>nobis</strong></span> <span class='ocrx_word' id='word_1_396' title='bbox 1619 3974 1883 4029; x_wconf 76' lang='lat' dir='ltr'><strong>afﬁnitate</strong></span> <span class='ocrx_word' id='word_1_397' title='bbox 1917 3976 2241 4046; x_wconf 87' lang='lat' dir='ltr'><strong>conjunctos</strong></span> <span class='ocrx_word' id='word_1_398' title='bbox 2278 3986 2369 4030; x_wconf 86' lang='lat' dir='ltr'>at-</span> 
     </span>
    </p>
   </div>
   <div class='ocr_carea' id='block_1_56' title="bbox 780 4068 2369 4140">
    <p class='ocr_par' dir='ltr' id='par_1_56' title="bbox 780 4068 2369 4140">
     <span class='ocr_line' id='line_1_56' title="bbox 780 4068 2369 4140; baseline 0 -17"><span class='ocrx_word' id='word_1_399' title='bbox 780 4083 888 4140; x_wconf 89' lang='lat' dir='ltr'><strong>que</strong></span> <span class='ocrx_word' id='word_1_400' title='bbox 917 4070 1277 4139; x_wconf 89' lang='lat' dir='ltr'><strong>propinquos,</strong></span> <span class='ocrx_word' id='word_1_401' title='bbox 1313 4068 1633 4138; x_wconf 85' lang='lat' dir='ltr'><strong>ubicunque</strong></span> <span class='ocrx_word' id='word_1_402' title='bbox 1680 4068 1915 4137; x_wconf 87' lang='lat' dir='ltr'><strong>dispersi</strong></span> <span class='ocrx_word' id='word_1_403' title='bbox 1945 4078 2151 4132; x_wconf 88' lang='lat' dir='ltr'><strong>essent,</strong></span> <span class='ocrx_word' id='word_1_404' title='bbox 2190 4069 2369 4124; x_wconf 84' lang='lat' dir='ltr'><strong>addu-</strong></span> 
     </span>
    </p>
   </div>
   <div class='ocr_carea' id='block_1_57' title="bbox 780 4160 2368 4233">
    <p class='ocr_par' dir='ltr' id='par_1_57' title="bbox 780 4160 2368 4233">
     <span class='ocr_line' id='line_1_57' title="bbox 780 4160 2368 4233; baseline 0.002 -18"><span class='ocrx_word' id='word_1_405' title='bbox 780 4172 935 4217; x_wconf 91' lang='lat' dir='ltr'><strong>ceret</strong></span> <span class='ocrx_word' id='word_1_406' title='bbox 964 4180 979 4223; x_wconf 80' lang='lat'><strong>;</strong></span> <span class='ocrx_word' id='word_1_407' title='bbox 1015 4162 1162 4231; x_wconf 91' lang='lat' dir='ltr'><strong>quod</strong></span> <span class='ocrx_word' id='word_1_408' title='bbox 1194 4170 1250 4216; x_wconf 92' lang='lat' dir='ltr'>et</span> <span class='ocrx_word' id='word_1_409' title='bbox 1282 4176 1451 4230; x_wconf 82' lang='lat' dir='ltr'><strong>prape</strong></span> <span class='ocrx_word' id='word_1_410' title='bbox 1478 4160 1683 4215; x_wconf 90' lang='lat' dir='ltr'><strong>factum</strong></span> <span class='ocrx_word' id='word_1_411' title='bbox 1708 4170 1874 4226; x_wconf 89' lang='lat' dir='ltr'><strong>esset,</strong></span> <span class='ocrx_word' id='word_1_412' title='bbox 1894 4162 1999 4215; x_wconf 91' lang='lat' dir='ltr'><strong>nisi</strong></span> <span class='ocrx_word' id='word_1_413' title='bbox 2037 4162 2125 4217; x_wconf 91' lang='lat' dir='ltr'><strong>hic</strong></span> <span class='ocrx_word' id='word_1_414' title='bbox 2148 4178 2368 4233; x_wconf 87' lang='lat' dir='ltr'><strong>quoque</strong></span> 
     </span>
    </p>
   </div>
   <div class='ocr_carea' id='block_1_58' title="bbox 783 4254 2368 4326">
    <p class='ocr_par' dir='ltr' id='par_1_58' title="bbox 783 4254 2368 4326">
     <span class='ocr_line' id='line_1_58' title="bbox 783 4254 2368 4326; baseline 0.003 -20"><span class='ocrx_word' id='word_1_415' title='bbox 783 4256 1051 4309; x_wconf 88' lang='lat' dir='ltr'><strong>malorum</strong></span> <span class='ocrx_word' id='word_1_416' title='bbox 1090 4263 1407 4308; x_wconf 92' lang='lat' dir='ltr'><strong>nostrorum</strong></span> <span class='ocrx_word' id='word_1_417' title='bbox 1461 4254 1760 4308; x_wconf 89' lang='lat' dir='ltr'><strong>multitudo</strong></span> <span class='ocrx_word' id='word_1_418' title='bbox 1806 4255 2133 4321; x_wconf 89' lang='lat' dir='ltr'><strong>obstitisset,</strong></span> <span class='ocrx_word' id='word_1_419' title='bbox 2160 4271 2368 4326; x_wconf 87' lang='lat' dir='ltr'><strong>eosque</strong></span> 
     </span>
    </p>
   </div>
   <div class='ocr_carea' id='block_1_59' title="bbox 780 4344 2368 4415">
    <p class='ocr_par' dir='ltr' id='par_1_59' title="bbox 780 4344 2368 4415">
     <span class='ocr_line' id='line_1_59' title="bbox 780 4344 2368 4415; baseline 0.003 -18"><span class='ocrx_word' id='word_1_420' title='bbox 780 4346 876 4414; x_wconf 81' lang='lat' dir='ltr'><strong>qui</strong></span> <span class='ocrx_word' id='word_1_421' title='bbox 925 4344 1079 4398; x_wconf 84' lang='lat' dir='ltr'><strong>missi</strong></span> <span class='ocrx_word' id='word_1_422' title='bbox 1108 4344 1327 4399; x_wconf 79' lang='lat' dir='ltr'><strong>fuerant</strong></span> <span class='ocrx_word' id='word_1_423' title='bbox 1353 4344 1420 4398; x_wconf 86' lang='lat' dir='ltr'>ad</span> <span class='ocrx_word' id='word_1_424' title='bbox 1453 4344 1896 4407; x_wconf 68' lang='lat' dir='ltr'><strong>investigandum</strong></span> <span class='ocrx_word' id='word_1_425' title='bbox 1925 4347 2212 4415; x_wconf 72' lang='lat' dir='ltr'><strong>segniores</strong></span> <span class='ocrx_word' id='word_1_426' title='bbox 2239 4347 2368 4401; x_wconf 91' lang='lat' dir='ltr'><strong>red-</strong></span> 
     </span>
    </p>
   </div>
   <div class='ocr_carea' id='block_1_60' title="bbox 780 4436 2369 4493">
    <p class='ocr_par' dir='ltr' id='par_1_60' title="bbox 780 4436 2369 4493">
     <span class='ocr_line' id='line_1_60' title="bbox 780 4436 2369 4493; baseline 0.004 -6"><span class='ocrx_word' id='word_1_427' title='bbox 780 4437 1033 4490; x_wconf 89' lang='lat' dir='ltr'><strong>didisset.</strong></span> <span class='ocrx_word' id='word_1_428' title='bbox 1069 4436 1203 4490; x_wconf 85' lang='lat' dir='ltr'>Nam</span> <span class='ocrx_word' id='word_1_429' title='bbox 1238 4448 1467 4489; x_wconf 87' lang='lat' dir='ltr'><strong>matrem</strong></span> <span class='ocrx_word' id='word_1_430' title='bbox 1521 4452 1697 4490; x_wconf 87' lang='lat' dir='ltr'><strong>meam</strong></span> <span class='ocrx_word' id='word_1_431' title='bbox 1733 4450 1788 4490; x_wconf 92' lang='lat' dir='ltr'>et</span> <span class='ocrx_word' id='word_1_432' title='bbox 1836 4453 1904 4491; x_wconf 74' lang='lat' dir='ltr'><strong>ex</strong></span> <span class='ocrx_word' id='word_1_433' title='bbox 1938 4438 2061 4491; x_wconf 90' lang='lat' dir='ltr'><strong>aliis</strong></span> <span class='ocrx_word' id='word_1_434' title='bbox 2100 4437 2369 4493; x_wconf 81' lang='lat' dir='ltr'><strong>fratribus</strong></span> 
     </span>
    </p>
   </div>
   <div class='ocr_carea' id='block_1_61' title="bbox 2466 1948 4062 2022">
    <p class='ocr_par' dir='ltr' id='par_1_61' title="bbox 2466 1948 4062 2022">
     <span class='ocr_line' id='line_1_61' title="bbox 2466 1948 4062 2022; baseline 0.003 -24"><span class='ocrx_word' id='word_1_435' title='bbox 2466 1964 2564 2016; x_wconf 86' lang='grc' dir='ltr'>της</span> <span class='ocrx_word' id='word_1_436' title='bbox 2595 1948 2968 2018; x_wconf 77' lang='grc' dir='ltr'>προελθούσης</span> <span class='ocrx_word' id='word_1_437' title='bbox 2997 1949 3096 2018; x_wconf 69' lang='grc' dir='ltr'>τῆς</span> <span class='ocrx_word' id='word_1_438' title='bbox 3130 1951 3395 2013; x_wconf 75' lang='grc' dir='ltr'>ἐπινοίας.</span> <span class='ocrx_word' id='word_1_439' title='bbox 3428 1952 3489 2003; x_wconf 75' lang='lat' dir='ltr'><strong>Ol</strong></span> <span class='ocrx_word' id='word_1_440' title='bbox 3505 1953 3615 2019; x_wconf 79' lang='grc' dir='ltr'>γὰρ</span> <span class='ocrx_word' id='word_1_441' title='bbox 3643 1952 3835 2022; x_wconf 72' lang='grc' dir='ltr'>ἄνδρες</span> <span class='ocrx_word' id='word_1_442' title='bbox 3859 1956 4062 2004; x_wconf 75' lang='grc' dir='ltr'>ἐκεῖνοι</span> 
     </span>
    </p>
   </div>
   <div class='ocr_carea' id='block_1_62' title="bbox 2468 2039 4064 2113">
    <p class='ocr_par' dir='ltr' id='par_1_62' title="bbox 2468 2039 4064 2113">
     <span class='ocr_line' id='line_1_62' title="bbox 2468 2039 4064 2113; baseline 0.004 -24"><span class='ocrx_word' id='word_1_443' title='bbox 2468 2040 2565 2090; x_wconf 75' lang='grc' dir='ltr'>σὺν</span> <span class='ocrx_word' id='word_1_444' title='bbox 2591 2039 2669 2107; x_wconf 84' lang='grc' dir='ltr'>τῷ</span> <span class='ocrx_word' id='word_1_445' title='bbox 2696 2040 2918 2109; x_wconf 75' lang='grc' dir='ltr'>ῥηθέντι</span> <span class='ocrx_word' id='word_1_446' title='bbox 2967 2040 3215 2111; x_wconf 79' lang='grc' dir='ltr'>Συμεὼν,</span> <span class='ocrx_word' id='word_1_447' title='bbox 3263 2042 3339 2113; x_wconf 79' lang='grc' dir='ltr'>μὴ</span> <span class='ocrx_word' id='word_1_448' title='bbox 3378 2042 3591 2112; x_wconf 79' lang='grc' dir='ltr'>ἔχοντες</span> <span class='ocrx_word' id='word_1_449' title='bbox 3621 2044 3845 2098; x_wconf 79' lang='grc' dir='ltr'>ἄλλοθέν</span> <span class='ocrx_word' id='word_1_450' title='bbox 3894 2046 4064 2095; x_wconf 78' lang='grc' dir='ltr'>ποθεν</span> 
     </span>
    </p>
   </div>
   <div class='ocr_carea' id='block_1_63' title="bbox 2468 2132 4064 2205">
    <p class='ocr_par' dir='ltr' id='par_1_63' title="bbox 2468 2132 4064 2205">
     <span class='ocr_line' id='line_1_63' title="bbox 2468 2132 4064 2205; baseline 0.003 -22"><span class='ocrx_word' id='word_1_451' title='bbox 2468 2132 2899 2186; x_wconf 84' lang='grc' dir='ltr'>καταϐάλλεσθαι</span> <span class='ocrx_word' id='word_1_452' title='bbox 2944 2132 3044 2203; x_wconf 85' lang='grc' dir='ltr'>τὴν</span> <span class='ocrx_word' id='word_1_453' title='bbox 3094 2135 3223 2205; x_wconf 80' lang='grc' dir='ltr'>περὶ</span> <span class='ocrx_word' id='word_1_454' title='bbox 3278 2136 3470 2187; x_wconf 85' lang='grc' dir='ltr'>τούτου</span> <span class='ocrx_word' id='word_1_455' title='bbox 3500 2135 3810 2205; x_wconf 81' lang='grc' dir='ltr'>ποσότητα,</span> <span class='ocrx_word' id='word_1_456' title='bbox 3842 2137 3912 2188; x_wconf 72' lang='grc' dir='ltr'>τὰ</span> <span class='ocrx_word' id='word_1_457' title='bbox 3968 2136 4064 2188; x_wconf 80' lang='grc' dir='ltr'>δύο</span> 
     </span>
    </p>
   </div>
   <div class='ocr_carea' id='block_1_64' title="bbox 2469 2224 4064 2297">
    <p class='ocr_par' dir='ltr' id='par_1_64' title="bbox 2469 2224 4064 2297">
     <span class='ocr_line' id='line_1_64' title="bbox 2469 2224 4064 2297; baseline 0.002 -20"><span class='ocrx_word' id='word_1_458' title='bbox 2469 2225 2769 2291; x_wconf 77' lang='grc' dir='ltr'>ὑπέσχοντο</span> <span class='ocrx_word' id='word_1_459' title='bbox 2796 2226 2890 2278; x_wconf 77' lang='grc' dir='ltr'>τοῦ</span> <span class='ocrx_word' id='word_1_460' title='bbox 2934 2226 3157 2296; x_wconf 76' lang='grc' dir='ltr'>χρυσίου</span> <span class='ocrx_word' id='word_1_461' title='bbox 3186 2228 3421 2281; x_wconf 86' lang='grc' dir='ltr'>τάλαντα</span> <span class='ocrx_word' id='word_1_462' title='bbox 3448 2227 3591 2297; x_wconf 75' lang='grc' dir='ltr'>ἅπερ</span> <span class='ocrx_word' id='word_1_463' title='bbox 3633 2224 3699 2297; x_wconf 75' lang='grc' dir='ltr'>ἦν</span> <span class='ocrx_word' id='word_1_464' title='bbox 3725 2229 3754 2279; x_wconf 82' lang='grc' dir='ltr'>ὁ</span> <span class='ocrx_word' id='word_1_465' title='bbox 3790 2228 3970 2280; x_wconf 84' lang='grc' dir='ltr'>θανὼν</span> <span class='ocrx_word' id='word_1_466' title='bbox 4002 2232 4064 2280; x_wconf 73' lang='grc' dir='ltr'>ἐκ</span> 
     </span>
    </p>
   </div>
   <div class='ocr_carea' id='block_1_65' title="bbox 2467 2317 4066 2389">
    <p class='ocr_par' dir='ltr' id='par_1_65' title="bbox 2467 2317 4066 2389">
     <span class='ocr_line' id='line_1_65' title="bbox 2467 2317 4066 2389; baseline 0.003 -20"><span class='ocrx_word' id='word_1_467' title='bbox 2467 2318 2574 2369; x_wconf 79' lang='grc' dir='ltr'>τῶν</span> <span class='ocrx_word' id='word_1_468' title='bbox 2606 2317 2857 2386; x_wconf 79' lang='grc' dir='ltr'>ῥοπάλων</span> <span class='ocrx_word' id='word_1_469' title='bbox 2914 2318 3169 2388; x_wconf 79' lang='grc' dir='ltr'>εὐνοῦχος</span> <span class='ocrx_word' id='word_1_470' title='bbox 3227 2321 3364 2389; x_wconf 76' lang='grc' dir='ltr'>πρὸς</span> <span class='ocrx_word' id='word_1_471' title='bbox 3396 2320 3491 2372; x_wconf 82' lang='grc' dir='ltr'>τὸν</span> <span class='ocrx_word' id='word_1_472' title='bbox 3523 2320 3808 2389; x_wconf 77' lang='grc' dir='ltr'>Στρυμόνα</span> <span class='ocrx_word' id='word_1_473' title='bbox 3860 2321 4066 2384; x_wconf 60' lang='grc' dir='ltr'>ἑξαπή-</span> 
     </span>
    </p>
   </div>
   <div class='ocr_carea' id='block_1_66' title="bbox 2471 2407 4057 2481">
    <p class='ocr_par' dir='ltr' id='par_1_66' title="bbox 2471 2407 4057 2481">
     <span class='ocr_line' id='line_1_66' title="bbox 2471 2407 4057 2481; baseline 0.003 -23"><span class='ocrx_word' id='word_1_474' title='bbox 2471 2408 2687 2471; x_wconf 77' lang='grc' dir='ltr'>στείλας</span> <span class='ocrx_word' id='word_1_475' title='bbox 2710 2426 2724 2440; x_wconf 73' lang='grc' dir='ltr'>ο</span> <span class='ocrx_word' id='word_1_476' title='bbox 2757 2407 2793 2462; x_wconf 79' lang='grc' dir='ltr'>ἃ.</span> <span class='ocrx_word' id='word_1_477' title='bbox 2817 2408 2912 2462; x_wconf 76' lang='grc' dir='ltr'>καὶ</span> <span class='ocrx_word' id='word_1_478' title='bbox 2944 2409 3138 2462; x_wconf 78' lang='grc' dir='ltr'>θάττον</span> <span class='ocrx_word' id='word_1_479' title='bbox 3190 2411 3493 2478; x_wconf 77' lang='grc' dir='ltr'>ἀγαγόντες</span> <span class='ocrx_word' id='word_1_480' title='bbox 3536 2412 3625 2465; x_wconf 83' lang='grc' dir='ltr'>διά</span> <span class='ocrx_word' id='word_1_481' title='bbox 3676 2429 3839 2465; x_wconf 81' lang='grc' dir='ltr'>τινων</span> <span class='ocrx_word' id='word_1_482' title='bbox 3888 2430 4057 2481; x_wconf 72' lang='grc' dir='ltr'>ταχύο</span> 
     </span>
    </p>
   </div>
   <div class='ocr_carea' id='block_1_67' title="bbox 2465 2498 4067 2573">
    <p class='ocr_par' dir='ltr' id='par_1_67' title="bbox 2465 2498 4067 2573">
     <span class='ocr_line' id='line_1_67' title="bbox 2465 2498 4067 2573; baseline 0.001 -22"><span class='ocrx_word' id='word_1_483' title='bbox 2465 2498 2686 2568; x_wconf 75' lang='grc' dir='ltr'>δρόμων</span> <span class='ocrx_word' id='word_1_484' title='bbox 2741 2500 2863 2552; x_wconf 78' lang='grc' dir='ltr'>ὅθεν</span> <span class='ocrx_word' id='word_1_485' title='bbox 2896 2500 3255 2569; x_wconf 74' lang='grc' dir='ltr'>ἐκρύπτοντο,</span> <span class='ocrx_word' id='word_1_486' title='bbox 3312 2504 3408 2555; x_wconf 68' lang='grc' dir='ltr'>καὶ</span> <span class='ocrx_word' id='word_1_487' title='bbox 3451 2506 3562 2564; x_wconf 85' lang='grc' dir='ltr'>τοῖς</span> <span class='ocrx_word' id='word_1_488' title='bbox 3600 2503 3899 2573; x_wconf 78' lang='grc' dir='ltr'>βαρϐάροις</span> <span class='ocrx_word' id='word_1_489' title='bbox 3974 2507 4067 2555; x_wconf 75' lang='grc' dir='ltr'>ὲν-</span> 
     </span>
    </p>
   </div>
   <div class='ocr_carea' id='block_1_68' title="bbox 2469 2589 4067 2666">
    <p class='ocr_par' dir='ltr' id='par_1_68' title="bbox 2469 2589 4067 2666">
     <span class='ocr_line' id='line_1_68' title="bbox 2469 2589 4067 2666; baseline 0.001 -23"><span class='ocrx_word' id='word_1_490' title='bbox 2469 2589 2897 2660; x_wconf 78' lang='grc' dir='ltr'>αριθμήσαντες,</span> <span class='ocrx_word' id='word_1_491' title='bbox 2933 2591 3109 2656; x_wconf 72' lang='grc' dir='ltr'>οὕτως</span> <span class='ocrx_word' id='word_1_492' title='bbox 3139 2595 3238 2663; x_wconf 78' lang='grc' dir='ltr'>τὴν</span> <span class='ocrx_word' id='word_1_493' title='bbox 3272 2595 3424 2647; x_wconf 81' lang='grc' dir='ltr'>πόλιν</span> <span class='ocrx_word' id='word_1_494' title='bbox 3462 2595 3562 2664; x_wconf 82' lang='grc' dir='ltr'>τῆς</span> <span class='ocrx_word' id='word_1_495' title='bbox 3606 2598 3886 2666; x_wconf 67' lang='grc' dir='ltr'>πυρκαϊᾶς</span> <span class='ocrx_word' id='word_1_496' title='bbox 3925 2595 4067 2646; x_wconf 76' lang='grc' dir='ltr'>ἐσώ-</span> 
     </span>
    </p>
   </div>
   <div class='ocr_carea' id='block_1_69' title="bbox 2473 2698 2653 2736">
    <p class='ocr_par' dir='ltr' id='par_1_69' title="bbox 2473 2698 2653 2736">
     <span class='ocr_line' id='line_1_69' title="bbox 2473 2698 2653 2736; baseline 0.011 -2"><span class='ocrx_word' id='word_1_497' title='bbox 2473 2698 2653 2736; x_wconf 83' lang='grc' dir='ltr'>σαντο.</span> 
     </span>
    </p>
   </div>
   <div class='ocr_carea' id='block_1_70' title="bbox 2541 2773 4068 2852">
    <p class='ocr_par' dir='ltr' id='par_1_70' title="bbox 2541 2773 4068 2852">
     <span class='ocr_line' id='line_1_70' title="bbox 2541 2773 4068 2852; baseline 0.006 -26"><span class='ocrx_word' id='word_1_498' title='bbox 2541 2773 2633 2841; x_wconf 73' lang='grc' dir='ltr'>ξδ’.</span> <span class='ocrx_word' id='word_1_499' title='bbox 2682 2776 2819 2828; x_wconf 76' lang='grc' dir='ltr'>Ἀλλ’</span> <span class='ocrx_word' id='word_1_500' title='bbox 2857 2778 2943 2830; x_wconf 79' lang='grc' dir='ltr'>ὅτε</span> <span class='ocrx_word' id='word_1_501' title='bbox 2972 2777 3036 2847; x_wconf 77' lang='grc' dir='ltr'>δὴ</span> <span class='ocrx_word' id='word_1_502' title='bbox 3069 2778 3160 2831; x_wconf 79' lang='grc' dir='ltr'>καὶ</span> <span class='ocrx_word' id='word_1_503' title='bbox 3186 2778 3345 2834; x_wconf 75' lang='grc' dir='ltr'>τοῦτο</span> <span class='ocrx_word' id='word_1_504' title='bbox 3376 2782 3548 2852; x_wconf 76' lang='grc' dir='ltr'>πέρας</span> <span class='ocrx_word' id='word_1_505' title='bbox 3570 2784 3805 2852; x_wconf 77' lang='grc' dir='ltr'>εἰλήφει,</span> <span class='ocrx_word' id='word_1_506' title='bbox 3836 2786 3934 2835; x_wconf 75' lang='grc' dir='ltr'>καὶ</span> <span class='ocrx_word' id='word_1_507' title='bbox 3962 2785 4068 2835; x_wconf 65' lang='grc' dir='ltr'>ούκ</span> 
     </span>
    </p>
   </div>
   <div class='ocr_carea' id='block_1_71' title="bbox 2471 2868 4068 2943">
    <p class='ocr_par' dir='ltr' id='par_1_71' title="bbox 2471 2868 4068 2943">
     <span class='ocr_line' id='line_1_71' title="bbox 2471 2868 4068 2943; baseline 0.012 -25"><span class='ocrx_word' id='word_1_508' title='bbox 2471 2868 2718 2919; x_wconf 72' lang='grc' dir='ltr'>ἐνέλιπεν</span> <span class='ocrx_word' id='word_1_509' title='bbox 2748 2869 2899 2919; x_wconf 66' lang='grc' dir='ltr'>οὐδὲν</span> <span class='ocrx_word' id='word_1_510' title='bbox 2934 2870 2961 2921; x_wconf 88' lang='grc' dir='ltr'>ὃ</span> <span class='ocrx_word' id='word_1_511' title='bbox 2988 2873 3102 2932; x_wconf 79' lang='grc' dir='ltr'>τοῖς</span> <span class='ocrx_word' id='word_1_512' title='bbox 3148 2872 3470 2939; x_wconf 82' lang='grc' dir='ltr'>ἅκορέστοις</span> <span class='ocrx_word' id='word_1_513' title='bbox 3498 2876 3728 2936; x_wconf 69' lang='grc' dir='ltr'>ἐκείνοις</span> <span class='ocrx_word' id='word_1_514' title='bbox 3755 2875 4068 2943; x_wconf 69' lang='grc' dir='ltr'>ὀφθαλμοῖς</span> 
     </span>
    </p>
   </div>
   <div class='ocr_carea' id='block_1_72' title="bbox 2472 2962 4065 3040">
    <p class='ocr_par' dir='ltr' id='par_1_72' title="bbox 2472 2962 4065 3040">
     <span class='ocr_line' id='line_1_72' title="bbox 2472 2962 4065 3040; baseline 0.006 -26"><span class='ocrx_word' id='word_1_515' title='bbox 2472 2962 2727 3025; x_wconf 71' lang='grc' dir='ltr'>ὑπόθεσις</span> <span class='ocrx_word' id='word_1_516' title='bbox 2771 2967 2999 3032; x_wconf 74' lang='grc' dir='ltr'>χρυσίου</span> <span class='ocrx_word' id='word_1_517' title='bbox 3036 2968 3114 3035; x_wconf 78' lang='grc' dir='ltr'>μὴ</span> <span class='ocrx_word' id='word_1_518' title='bbox 3140 2967 3403 3033; x_wconf 76' lang='grc' dir='ltr'>ἐγεγόνει,</span> <span class='ocrx_word' id='word_1_519' title='bbox 3443 2968 3553 3021; x_wconf 83' lang='grc' dir='ltr'>εδει</span> <span class='ocrx_word' id='word_1_520' title='bbox 3580 2970 3636 3022; x_wconf 81' lang='grc' dir='ltr'>δὲ</span> <span class='ocrx_word' id='word_1_521' title='bbox 3688 2973 3764 3040; x_wconf 85' lang='grc' dir='ltr'>μὴ</span> <span class='ocrx_word' id='word_1_522' title='bbox 3794 2971 3889 3022; x_wconf 73' lang='grc' dir='ltr'>ἐπὶ</span> <span class='ocrx_word' id='word_1_523' title='bbox 3926 2971 4065 3023; x_wconf 78' lang='grc' dir='ltr'>πολὺ</span> 
     </span>
    </p>
   </div>
   <div class='ocr_carea' id='block_1_73' title="bbox 2472 3058 4067 3130">
    <p class='ocr_par' dir='ltr' id='par_1_73' title="bbox 2472 3058 4067 3130">
     <span class='ocr_line' id='line_1_73' title="bbox 2472 3058 4067 3130; baseline 0.006 -23"><span class='ocrx_word' id='word_1_524' title='bbox 2472 3059 2760 3127; x_wconf 82' lang='grc' dir='ltr'>καρτερεῖν</span> <span class='ocrx_word' id='word_1_525' title='bbox 2794 3058 2871 3125; x_wconf 75' lang='grc' dir='ltr'>τῷ</span> <span class='ocrx_word' id='word_1_526' title='bbox 2899 3060 3068 3127; x_wconf 75' lang='grc' dir='ltr'>τόπῳ,</span> <span class='ocrx_word' id='word_1_527' title='bbox 3107 3058 3243 3113; x_wconf 89' lang='grc' dir='ltr'>ἀλλά</span> <span class='ocrx_word' id='word_1_528' title='bbox 3293 3061 3602 3130; x_wconf 75' lang='grc' dir='ltr'>φροντίζειν</span> <span class='ocrx_word' id='word_1_529' title='bbox 3646 3064 3741 3115; x_wconf 81' lang='grc' dir='ltr'>καὶ</span> <span class='ocrx_word' id='word_1_530' title='bbox 3773 3063 3886 3114; x_wconf 81' lang='grc' dir='ltr'>τῶν</span> <span class='ocrx_word' id='word_1_531' title='bbox 3920 3064 4067 3116; x_wconf 68' lang='grc' dir='ltr'>κατὰ</span> 
     </span>
    </p>
   </div>
   <div class='ocr_carea' id='block_1_74' title="bbox 2470 3148 4067 3225">
    <p class='ocr_par' dir='ltr' id='par_1_74' title="bbox 2470 3148 4067 3225">
     <span class='ocr_line' id='line_1_74' title="bbox 2470 3148 4067 3225; baseline 0.004 -25"><span class='ocrx_word' id='word_1_532' title='bbox 2470 3149 2562 3200; x_wconf 75' lang='grc' dir='ltr'>τὸν</span> <span class='ocrx_word' id='word_1_533' title='bbox 2613 3148 2781 3201; x_wconf 85' lang='grc' dir='ltr'>πλοῦν</span> <span class='ocrx_word' id='word_1_534' title='bbox 2823 3153 3251 3221; x_wconf 82' lang='grc' dir='ltr'>συμπτωμάτων</span> <span class='ocrx_word' id='word_1_535' title='bbox 3303 3154 3505 3222; x_wconf 79' lang='grc' dir='ltr'>μᾶλλον</span> <span class='ocrx_word' id='word_1_536' title='bbox 3557 3155 3636 3225; x_wconf 81' lang='grc' dir='ltr'>τῷ</span> <span class='ocrx_word' id='word_1_537' title='bbox 3672 3157 3853 3225; x_wconf 68' lang='grc' dir='ltr'>καιρξ)</span> <span class='ocrx_word' id='word_1_538' title='bbox 3883 3155 4067 3224; x_wconf 81' lang='grc' dir='ltr'>τούτῳ</span> 
     </span>
    </p>
   </div>
   <div class='ocr_carea' id='block_1_75' title="bbox 2470 3238 4066 3318">
    <p class='ocr_par' dir='ltr' id='par_1_75' title="bbox 2470 3238 4066 3318">
     <span class='ocr_line' id='line_1_75' title="bbox 2470 3238 4066 3318; baseline 0.005 -25"><span class='ocrx_word' id='word_1_539' title='bbox 2470 3244 2582 3304; x_wconf 83' lang='grc' dir='ltr'>τοῖς</span> <span class='ocrx_word' id='word_1_540' title='bbox 2611 3242 2927 3310; x_wconf 71' lang='grc' dir='ltr'>πλωτῆρσιν</span> <span class='ocrx_word' id='word_1_541' title='bbox 2985 3246 3375 3313; x_wconf 81' lang='grc' dir='ltr'>ὲγγινομένων,</span> <span class='ocrx_word' id='word_1_542' title='bbox 3414 3238 3537 3299; x_wconf 77' lang='grc' dir='ltr'>τότε</span> <span class='ocrx_word' id='word_1_543' title='bbox 3566 3248 3630 3314; x_wconf 83' lang='grc' dir='ltr'>δὴ</span> <span class='ocrx_word' id='word_1_544' title='bbox 3662 3250 3793 3318; x_wconf 78' lang='grc' dir='ltr'>περὶ</span> <span class='ocrx_word' id='word_1_545' title='bbox 3843 3266 4066 3318; x_wconf 81' lang='grc' dir='ltr'>μεσημ-</span> 
     </span>
    </p>
   </div>
   <div class='ocr_carea' id='block_1_76' title="bbox 2472 3332 4070 3409">
    <p class='ocr_par' dir='ltr' id='par_1_76' title="bbox 2472 3332 4070 3409">
     <span class='ocr_line' id='line_1_76' title="bbox 2472 3332 4070 3409; baseline 0.006 -28"><span class='ocrx_word' id='word_1_546' title='bbox 2472 3332 2630 3399; x_wconf 78' lang='grc' dir='ltr'>ϐρίαν</span> <span class='ocrx_word' id='word_1_547' title='bbox 2652 3332 2801 3391; x_wconf 73' lang='grc' dir='ltr'>ὄντος</span> <span class='ocrx_word' id='word_1_548' title='bbox 2842 3333 2934 3385; x_wconf 77' lang='grc' dir='ltr'>τοῦ</span> <span class='ocrx_word' id='word_1_549' title='bbox 2961 3334 3110 3402; x_wconf 78' lang='grc' dir='ltr'>ήλίου</span> <span class='ocrx_word' id='word_1_550' title='bbox 3144 3338 3207 3405; x_wconf 86' lang='grc' dir='ltr'>τῇ</span> <span class='ocrx_word' id='word_1_551' title='bbox 3244 3335 3449 3408; x_wconf 80' lang='grc' dir='ltr'>δεκάτῃ</span> <span class='ocrx_word' id='word_1_552' title='bbox 3472 3339 3569 3407; x_wconf 85' lang='grc' dir='ltr'>τῆς</span> <span class='ocrx_word' id='word_1_553' title='bbox 3593 3337 3849 3400; x_wconf 75' lang='grc' dir='ltr'>ἁλώσεως</span> <span class='ocrx_word' id='word_1_554' title='bbox 3883 3340 4070 3409; x_wconf 70' lang='grc' dir='ltr'>ἡμέρᾳ</span> 
     </span>
    </p>
   </div>
   <div class='ocr_carea' id='block_1_77' title="bbox 2470 3423 4068 3500">
    <p class='ocr_par' dir='ltr' id='par_1_77' title="bbox 2470 3423 4068 3500">
     <span class='ocr_line' id='line_1_77' title="bbox 2470 3423 4068 3500; baseline 0.004 -27"><span class='ocrx_word' id='word_1_555' title='bbox 2470 3423 2564 3474; x_wconf 86' lang='grc' dir='ltr'>τοῦ</span> <span class='ocrx_word' id='word_1_556' title='bbox 2598 3424 2818 3486; x_wconf 79' lang='grc' dir='ltr'>λιμένος</span> <span class='ocrx_word' id='word_1_557' title='bbox 2861 3425 3265 3497; x_wconf 77' lang='grc' dir='ltr'>ἐξωρμήσαμεν</span> <span class='ocrx_word' id='word_1_558' title='bbox 3320 3430 3413 3481; x_wconf 81' lang='grc' dir='ltr'>καὶ</span> <span class='ocrx_word' id='word_1_559' title='bbox 3460 3429 3595 3500; x_wconf 82' lang='grc' dir='ltr'>πρὸς</span> <span class='ocrx_word' id='word_1_560' title='bbox 3648 3431 3749 3499; x_wconf 80' lang='grc' dir='ltr'>τὴν</span> <span class='ocrx_word' id='word_1_561' title='bbox 3799 3433 4068 3500; x_wconf 73' lang='grc' dir='ltr'>ῥηθεῖσαν</span> 
     </span>
    </p>
   </div>
   <div class='ocr_carea' id='block_1_78' title="bbox 2484 3516 4069 3589">
    <p class='ocr_par' dir='ltr' id='par_1_78' title="bbox 2484 3516 4069 3589">
     <span class='ocr_line' id='line_1_78' title="bbox 2484 3516 4069 3589; baseline 0.004 -20"><span class='ocrx_word' id='word_1_562' title='bbox 2484 3516 2773 3584; x_wconf 78' lang='grc' dir='ltr'>Ῥωμαίων</span> <span class='ocrx_word' id='word_1_563' title='bbox 2804 3518 2984 3589; x_wconf 84' lang='grc' dir='ltr'>πύλην</span> <span class='ocrx_word' id='word_1_564' title='bbox 3011 3522 3386 3589; x_wconf 80' lang='grc' dir='ltr'>μετήχθημεν,</span> <span class='ocrx_word' id='word_1_565' title='bbox 3417 3523 3479 3575; x_wconf 76' lang='grc' dir='ltr'>τὸ</span> <span class='ocrx_word' id='word_1_566' title='bbox 3531 3522 3717 3574; x_wconf 75' lang='grc' dir='ltr'>λοιπὸν</span> <span class='ocrx_word' id='word_1_567' title='bbox 3757 3527 3944 3576; x_wconf 79' lang='grc' dir='ltr'>ἐκεῖσε</span> <span class='ocrx_word' id='word_1_568' title='bbox 3976 3540 4069 3576; x_wconf 79' lang='grc' dir='ltr'>τι·</span> 
     </span>
    </p>
   </div>
   <div class='ocr_carea' id='block_1_79' title="bbox 2471 3608 4065 3683">
    <p class='ocr_par' dir='ltr' id='par_1_79' title="bbox 2471 3608 4065 3683">
     <span class='ocr_line' id='line_1_79' title="bbox 2471 3608 4065 3683; baseline 0.007 -25"><span class='ocrx_word' id='word_1_569' title='bbox 2471 3608 2719 3673; x_wconf 85' lang='grc' dir='ltr'>λέσοντες</span> <span class='ocrx_word' id='word_1_570' title='bbox 2754 3609 2797 3639; x_wconf 71' lang='grc'>’⁸</span> <span class='ocrx_word' id='word_1_571' title='bbox 2823 3610 2922 3679; x_wconf 79' lang='grc' dir='ltr'>τῆς</span> <span class='ocrx_word' id='word_1_572' title='bbox 2952 3612 3189 3680; x_wconf 74' lang='grc' dir='ltr'>ἡμέρας.</span> <span class='ocrx_word' id='word_1_573' title='bbox 3225 3609 3411 3681; x_wconf 66' lang='grc' dir='ltr'>*Ημεν</span> <span class='ocrx_word' id='word_1_574' title='bbox 3453 3610 3548 3667; x_wconf 84' lang='grc' dir='ltr'>οὖν</span> <span class='ocrx_word' id='word_1_575' title='bbox 3594 3616 3755 3683; x_wconf 79' lang='grc' dir='ltr'>ἡμεῖς</span> <span class='ocrx_word' id='word_1_576' title='bbox 3780 3616 3830 3668; x_wconf 83' lang='lat' dir='ltr'>o!</span> <span class='ocrx_word' id='word_1_577' title='bbox 3866 3616 4065 3677; x_wconf 74' lang='grc' dir='ltr'>πέντε,</span> 
     </span>
    </p>
   </div>
   <div class='ocr_carea' id='block_1_80' title="bbox 2472 3699 4068 3775">
    <p class='ocr_par' dir='ltr' id='par_1_80' title="bbox 2472 3699 4068 3775">
     <span class='ocr_line' id='line_1_80' title="bbox 2472 3699 4068 3775; baseline 0.007 -27"><span class='ocrx_word' id='word_1_578' title='bbox 2472 3699 2655 3762; x_wconf 82' lang='grc' dir='ltr'>καθὼς</span> <span class='ocrx_word' id='word_1_579' title='bbox 2682 3702 3079 3771; x_wconf 83' lang='grc' dir='ltr'>ὲχειρὼθημεν,</span> <span class='ocrx_word' id='word_1_580' title='bbox 3133 3703 3216 3765; x_wconf 81' lang='grc' dir='ltr'>εἴς</span> <span class='ocrx_word' id='word_1_581' title='bbox 3240 3721 3362 3757; x_wconf 87' lang='grc' dir='ltr'>τινα</span> <span class='ocrx_word' id='word_1_582' title='bbox 3405 3705 3537 3758; x_wconf 89' lang='grc' dir='ltr'>ναῦν</span> <span class='ocrx_word' id='word_1_583' title='bbox 3566 3705 3659 3758; x_wconf 76' lang='grc' dir='ltr'>τοῦ</span> <span class='ocrx_word' id='word_1_584' title='bbox 3690 3708 3944 3775; x_wconf 78' lang='grc' dir='ltr'>ἀρχηγοῦ</span> <span class='ocrx_word' id='word_1_585' title='bbox 3974 3708 4068 3761; x_wconf 85' lang='grc' dir='ltr'>τοῦ</span> 
     </span>
    </p>
   </div>
   <div class='ocr_carea' id='block_1_81' title="bbox 2472 3789 4071 3866">
    <p class='ocr_par' dir='ltr' id='par_1_81' title="bbox 2472 3789 4071 3866">
     <span class='ocr_line' id='line_1_81' title="bbox 2472 3789 4071 3866; baseline 0.004 -23"><span class='ocrx_word' id='word_1_586' title='bbox 2472 3790 2590 3843; x_wconf 75' lang='grc' dir='ltr'>κατ’</span> <span class='ocrx_word' id='word_1_587' title='bbox 2614 3791 2891 3858; x_wconf 78' lang='grc' dir='ltr'>Αἴγυπτον</span> <span class='ocrx_word' id='word_1_588' title='bbox 2925 3794 3132 3853; x_wconf 76' lang='grc' dir='ltr'>στόλου.</span> <span class='ocrx_word' id='word_1_589' title='bbox 3166 3789 3227 3847; x_wconf 78' lang='grc' dir='ltr'>οὗ</span> <span class='ocrx_word' id='word_1_590' title='bbox 3259 3796 3352 3848; x_wconf 79' lang='grc' dir='ltr'>καὶ</span> <span class='ocrx_word' id='word_1_591' title='bbox 3395 3796 3753 3865; x_wconf 79' lang='grc' dir='ltr'>προσδεηθεὶς</span> <span class='ocrx_word' id='word_1_592' title='bbox 3776 3793 3845 3866; x_wconf 84' lang='grc' dir='ltr'>ἦν</span> <span class='ocrx_word' id='word_1_593' title='bbox 3880 3801 3908 3850; x_wconf 91' lang='grc' dir='ltr'>ὁ</span> <span class='ocrx_word' id='word_1_594' title='bbox 3935 3799 4071 3866; x_wconf 70' lang='grc' dir='ltr'>ἐμὸς</span> 
     </span>
    </p>
   </div>
   <div class='ocr_carea' id='block_1_82' title="bbox 2472 3882 4071 3957">
    <p class='ocr_par' dir='ltr' id='par_1_82' title="bbox 2472 3882 4071 3957">
     <span class='ocr_line' id='line_1_82' title="bbox 2472 3882 4071 3957; baseline 0.004 -24"><span class='ocrx_word' id='word_1_595' title='bbox 2472 3883 2656 3953; x_wconf 75' lang='grc' dir='ltr'>πατὴρ</span> <span class='ocrx_word' id='word_1_596' title='bbox 2676 3882 2764 3934; x_wconf 84' lang='grc' dir='ltr'>διά</span> <span class='ocrx_word' id='word_1_597' title='bbox 2798 3900 2941 3946; x_wconf 86' lang='grc' dir='ltr'>τινος</span> <span class='ocrx_word' id='word_1_598' title='bbox 2973 3885 3259 3954; x_wconf 75' lang='grc' dir='ltr'>ἑρμηνέως</span> <span class='ocrx_word' id='word_1_599' title='bbox 3282 3886 3426 3955; x_wconf 72' lang='grc' dir='ltr'>(οὐδὲ</span> <span class='ocrx_word' id='word_1_600' title='bbox 3455 3888 3564 3956; x_wconf 84' lang='grc' dir='ltr'>γάρ</span> <span class='ocrx_word' id='word_1_601' title='bbox 3588 3888 3703 3957; x_wconf 73' lang='grc' dir='ltr'>ᾔδει</span> <span class='ocrx_word' id='word_1_602' title='bbox 3730 3888 3918 3942; x_wconf 76' lang='grc' dir='ltr'>λαλεῖν</span> <span class='ocrx_word' id='word_1_603' title='bbox 3944 3891 4071 3943; x_wconf 45' lang='grc' dir='ltr'>λάθ’</span> 
     </span>
    </p>
   </div>
   <div class='ocr_carea' id='block_1_83' title="bbox 2470 3976 4071 4051">
    <p class='ocr_par' dir='ltr' id='par_1_83' title="bbox 2470 3976 4071 4051">
     <span class='ocr_line' id='line_1_83' title="bbox 2470 3976 4071 4051; baseline 0.006 -26"><span class='ocrx_word' id='word_1_604' title='bbox 2470 3977 2502 4043; x_wconf 77' lang='grc' dir='ltr'><strong>ἡ</strong></span> <span class='ocrx_word' id='word_1_605' title='bbox 2514 3976 2643 4042; x_wconf 83' lang='grc' dir='ltr'>μᾶς)</span> <span class='ocrx_word' id='word_1_606' title='bbox 2682 3976 2983 4042; x_wconf 79' lang='grc' dir='ltr'>προστάξαι</span> <span class='ocrx_word' id='word_1_607' title='bbox 3008 3981 3119 4041; x_wconf 77' lang='grc' dir='ltr'>τοῖς</span> <span class='ocrx_word' id='word_1_608' title='bbox 3152 3978 3245 4031; x_wconf 83' lang='grc' dir='ltr'>ὑπ’</span> <span class='ocrx_word' id='word_1_609' title='bbox 3295 3980 3459 4032; x_wconf 77' lang='grc' dir='ltr'>αὑτὸν</span> <span class='ocrx_word' id='word_1_610' title='bbox 3487 3980 3813 4051; x_wconf 63' lang='grc' dir='ltr'>δορυφόροις</span> <span class='ocrx_word' id='word_1_611' title='bbox 3837 3984 4071 4051; x_wconf 70' lang='grc' dir='ltr'>ἀγαγεῖν</span> 
     </span>
    </p>
   </div>
   <div class='ocr_carea' id='block_1_84' title="bbox 2471 4065 4069 4146">
    <p class='ocr_par' dir='ltr' id='par_1_84' title="bbox 2471 4065 4069 4146">
     <span class='ocr_line' id='line_1_84' title="bbox 2471 4065 4069 4146; baseline 0.006 -26"><span class='ocrx_word' id='word_1_612' title='bbox 2471 4068 2596 4120; x_wconf 80' lang='grc' dir='ltr'>ὅθεν</span> <span class='ocrx_word' id='word_1_613' title='bbox 2631 4068 2696 4121; x_wconf 83' lang='grc' dir='ltr'>ἂν</span> <span class='ocrx_word' id='word_1_614' title='bbox 2727 4065 2870 4140; x_wconf 83' lang='grc' dir='ltr'>ἦσαν</span> <span class='ocrx_word' id='word_1_615' title='bbox 2895 4072 3293 4142; x_wconf 76' lang='grc' dir='ltr'>διασπαρέντες</span> <span class='ocrx_word' id='word_1_616' title='bbox 3324 4075 3374 4125; x_wconf 77' lang='lat' dir='ltr'><strong>oi</strong></span> <span class='ocrx_word' id='word_1_617' title='bbox 3406 4074 3546 4126; x_wconf 73' lang='grc' dir='ltr'>κατὰ</span> <span class='ocrx_word' id='word_1_618' title='bbox 3579 4074 3909 4142; x_wconf 75' lang='grc' dir='ltr'>συγγένειαν</span> <span class='ocrx_word' id='word_1_619' title='bbox 3935 4080 4069 4146; x_wconf 66' lang='grc' dir='ltr'>ἡμῖν</span> 
     </span>
    </p>
   </div>
   <div class='ocr_carea' id='block_1_85' title="bbox 2472 4160 4068 4236">
    <p class='ocr_par' dir='ltr' id='par_1_85' title="bbox 2472 4160 4068 4236">
     <span class='ocr_line' id='line_1_85' title="bbox 2472 4160 4068 4236; baseline 0.005 -25"><span class='ocrx_word' id='word_1_620' title='bbox 2472 4160 2887 4229; x_wconf 76' lang='grc' dir='ltr'>πλησιάζοντες.</span> <span class='ocrx_word' id='word_1_621' title='bbox 2927 4164 2992 4215; x_wconf 88' lang='grc' dir='ltr'>Ὅ</span> <span class='ocrx_word' id='word_1_622' title='bbox 3026 4163 3211 4233; x_wconf 76' lang='grc' dir='ltr'>δήκαὶ</span> <span class='ocrx_word' id='word_1_623' title='bbox 3259 4166 3410 4235; x_wconf 81' lang='grc' dir='ltr'>παρά</span> <span class='ocrx_word' id='word_1_624' title='bbox 3462 4166 3660 4236; x_wconf 82' lang='grc' dir='ltr'>μικρὸν</span> <span class='ocrx_word' id='word_1_625' title='bbox 3692 4167 3938 4221; x_wconf 70' lang='grc' dir='ltr'>ἑτελεῖτο</span> <span class='ocrx_word' id='word_1_626' title='bbox 3980 4170 4068 4229; x_wconf 78' lang='grc' dir='ltr'>ἂν,</span> 
     </span>
    </p>
   </div>
   <div class='ocr_carea' id='block_1_86' title="bbox 2472 4254 4068 4329">
    <p class='ocr_par' dir='ltr' id='par_1_86' title="bbox 2472 4254 4068 4329">
     <span class='ocr_line' id='line_1_86' title="bbox 2472 4254 4068 4329; baseline -0.011 -16"><span class='ocrx_word' id='word_1_627' title='bbox 2472 4256 2521 4307; x_wconf 84' lang='grc' dir='ltr'>εἰ</span> <span class='ocrx_word' id='word_1_628' title='bbox 2557 4254 2630 4324; x_wconf 80' lang='grc' dir='ltr'>μὴ</span> <span class='ocrx_word' id='word_1_629' title='bbox 2666 4256 2768 4308; x_wconf 84' lang='grc' dir='ltr'>κάν</span> <span class='ocrx_word' id='word_1_630' title='bbox 2799 4254 2976 4326; x_wconf 80' lang='grc' dir='ltr'>τούτῳ</span> <span class='ocrx_word' id='word_1_631' title='bbox 3009 4256 3377 4326; x_wconf 78' lang='grc' dir='ltr'>πιρεμποδὼν</span> <span class='ocrx_word' id='word_1_632' title='bbox 3402 4258 3594 4326; x_wconf 78' lang='grc' dir='ltr'>γέγονε</span> <span class='ocrx_word' id='word_1_633' title='bbox 3625 4260 3686 4311; x_wconf 75' lang='grc' dir='ltr'>τὸ</span> <span class='ocrx_word' id='word_1_634' title='bbox 3712 4260 3926 4329; x_wconf 55' lang='lat' dir='ltr'>ali-.09;</span> <span class='ocrx_word' id='word_1_635' title='bbox 3961 4264 4068 4315; x_wconf 68' lang='grc' dir='ltr'>τῶν</span> 
     </span>
    </p>
   </div>
   <div class='ocr_carea' id='block_1_87' title="bbox 2474 4347 4067 4422">
    <p class='ocr_par' dir='ltr' id='par_1_87' title="bbox 2474 4347 4067 4422">
     <span class='ocr_line' id='line_1_87' title="bbox 2474 4347 4067 4422; baseline 0.008 -25"><span class='ocrx_word' id='word_1_636' title='bbox 2474 4347 2764 4417; x_wconf 72' lang='grc' dir='ltr'>ἡμετέρων</span> <span class='ocrx_word' id='word_1_637' title='bbox 2793 4347 3005 4410; x_wconf 82' lang='grc' dir='ltr'>κακῶν,</span> <span class='ocrx_word' id='word_1_638' title='bbox 3039 4350 3132 4401; x_wconf 80' lang='grc' dir='ltr'>καὶ</span> <span class='ocrx_word' id='word_1_639' title='bbox 3168 4350 3300 4418; x_wconf 64' lang='grc' dir='ltr'>πρὸς</span> <span class='ocrx_word' id='word_1_640' title='bbox 3331 4349 3429 4420; x_wconf 81' lang='grc' dir='ltr'>τὴν</span> <span class='ocrx_word' id='word_1_641' title='bbox 3480 4350 3711 4421; x_wconf 75' lang='grc' dir='ltr'>ἔρευναν</span> <span class='ocrx_word' id='word_1_642' title='bbox 3746 4353 4067 4422; x_wconf 78' lang='grc' dir='ltr'>ἀποκνῆσαι</span> 
     </span>
    </p>
   </div>
   <div class='ocr_carea' id='block_1_88' title="bbox 2472 4439 4069 4515">
    <p class='ocr_par' dir='ltr' id='par_1_88' title="bbox 2472 4439 4069 4515">
     <span class='ocr_line' id='line_1_88' title="bbox 2472 4439 4069 4515; baseline 0.005 -26"><span class='ocrx_word' id='word_1_643' title='bbox 2472 4439 2600 4499; x_wconf 78' lang='grc' dir='ltr'>τοὺς</span> <span class='ocrx_word' id='word_1_644' title='bbox 2628 4439 3077 4508; x_wconf 74' lang='grc' dir='ltr'>ἀπεσταλμένους</span> <span class='ocrx_word' id='word_1_645' title='bbox 3121 4442 3412 4511; x_wconf 79' lang='grc' dir='ltr'>πεποίηκε.</span> <span class='ocrx_word' id='word_1_646' title='bbox 3442 4443 3553 4513; x_wconf 84' lang='grc' dir='ltr'>Τὴν</span> <span class='ocrx_word' id='word_1_647' title='bbox 3575 4444 3683 4512; x_wconf 87' lang='grc' dir='ltr'>γάρ</span> <span class='ocrx_word' id='word_1_648' title='bbox 3718 4448 3939 4515; x_wconf 77' lang='grc' dir='ltr'>μητέρα</span> <span class='ocrx_word' id='word_1_649' title='bbox 3969 4448 4069 4515; x_wconf 76' lang='grc' dir='ltr'>τὴν</span> 
     </span>
    </p>
   </div>
   <div class='ocr_carea' id='block_1_89' title="bbox 782 4529 2370 4609">
    <p class='ocr_par' dir='ltr' id='par_1_89' title="bbox 782 4529 2365 4599">
     <span class='ocr_line' id='line_1_89' title="bbox 782 4529 2365 4599; baseline 0.002 -16"><span class='ocrx_word' id='word_1_650' title='bbox 782 4546 975 4594; x_wconf 88' lang='lat' dir='ltr'><strong>unum,</strong></span> <span class='ocrx_word' id='word_1_651' title='bbox 1016 4531 1107 4599; x_wconf 91' lang='lat' dir='ltr'>qui</span> <span class='ocrx_word' id='word_1_652' title='bbox 1138 4529 1297 4583; x_wconf 85' lang='lat' dir='ltr'><strong>iuitio</strong></span> <span class='ocrx_word' id='word_1_653' title='bbox 1331 4530 1619 4584; x_wconf 90' lang='lat' dir='ltr'><strong>nobiscum</strong></span> <span class='ocrx_word' id='word_1_654' title='bbox 1653 4531 1797 4599; x_wconf 88' lang='lat' dir='ltr'><strong>capti</strong></span> <span class='ocrx_word' id='word_1_655' title='bbox 1828 4546 1934 4583; x_wconf 85' lang='lat' dir='ltr'><strong>non</strong></span> <span class='ocrx_word' id='word_1_656' title='bbox 1965 4530 2207 4587; x_wconf 75' lang='lat' dir='ltr'><strong>fuerant.</strong></span> <span class='ocrx_word' id='word_1_657' title='bbox 2235 4547 2365 4586; x_wconf 89' lang='lat' dir='ltr'><strong>nec—</strong></span> 
     </span>
    </p>
   </div>
   <div class='ocr_carea' id='block_1_90' title="bbox 2471 4529 4071 4609">
    <p class='ocr_par' dir='ltr' id='par_1_90' title="bbox 2474 4529 4071 4609">
     <span class='ocr_line' id='line_1_90' title="bbox 2474 4529 4071 4609; baseline 0.004 -26"><span class='ocrx_word' id='word_1_658' title='bbox 2474 4529 2612 4601; x_wconf 77' lang='grc' dir='ltr'>ἐμὴν</span> <span class='ocrx_word' id='word_1_659' title='bbox 2642 4530 2737 4584; x_wconf 78' lang='grc' dir='ltr'>καὶ</span> <span class='ocrx_word' id='word_1_660' title='bbox 2772 4532 2881 4584; x_wconf 86' lang='grc' dir='ltr'>τῶν</span> <span class='ocrx_word' id='word_1_661' title='bbox 2908 4532 3085 4586; x_wconf 77' lang='grc' dir='ltr'>ἀλλων</span> <span class='ocrx_word' id='word_1_662' title='bbox 3115 4532 3361 4601; x_wconf 83' lang='grc' dir='ltr'>ἀδελφῶν</span> <span class='ocrx_word' id='word_1_663' title='bbox 3392 4534 3509 4598; x_wconf 66' lang='grc' dir='ltr'>ἕνα,</span> <span class='ocrx_word' id='word_1_664' title='bbox 3567 4536 3675 4589; x_wconf 80' lang='grc' dir='ltr'>τῶν</span> <span class='ocrx_word' id='word_1_665' title='bbox 3707 4536 3785 4607; x_wconf 82' lang='grc' dir='ltr'>μὴ</span> <span class='ocrx_word' id='word_1_666' title='bbox 3818 4540 3942 4590; x_wconf 85' lang='grc' dir='ltr'>κατ’</span> <span class='ocrx_word' id='word_1_667' title='bbox 3970 4541 4071 4609; x_wconf 82' lang='grc' dir='ltr'>ἀρ-</span> 
     </span>
    </p>
   </div>
   <div class='ocr_carea' id='block_1_91' title="bbox 782 4618 2372 4685">
    <p class='ocr_par' dir='ltr' id='par_1_91' title="bbox 782 4618 2372 4685">
     <span class='ocr_line' id='line_1_91' title="bbox 782 4618 2372 4685; baseline 0.004 -14"><span class='ocrx_word' id='word_1_668' title='bbox 782 4634 891 4672; x_wconf 83' lang='grc' dir='ltr'>ιιοιι</span> <span class='ocrx_word' id='word_1_669' title='bbox 951 4628 1008 4671; x_wconf 88' lang='lat' dir='ltr'>et</span> <span class='ocrx_word' id='word_1_670' title='bbox 1044 4618 1229 4672; x_wconf 82' lang='lat' dir='ltr'><strong>fratris</strong></span> <span class='ocrx_word' id='word_1_671' title='bbox 1285 4635 1535 4682; x_wconf 84' lang='lat' dir='ltr'><strong>uxorem,</strong></span> <span class='ocrx_word' id='word_1_672' title='bbox 1573 4622 1704 4685; x_wconf 93' lang='lat' dir='ltr'><strong>cito,</strong></span> <span class='ocrx_word' id='word_1_673' title='bbox 1753 4619 1899 4675; x_wconf 87' lang='lat' dir='ltr'><strong>unde</strong></span> <span class='ocrx_word' id='word_1_674' title='bbox 1934 4631 2111 4684; x_wconf 87' lang='lat' dir='ltr'><strong>erant,</strong></span> <span class='ocrx_word' id='word_1_675' title='bbox 2150 4622 2216 4677; x_wconf 88' lang='lat' dir='ltr'>ad</span> <span class='ocrx_word' id='word_1_676' title='bbox 2271 4639 2372 4678; x_wconf 91' lang='lat' dir='ltr'><strong>nos</strong></span> 
     </span>
    </p>
   </div>
   <div class='ocr_carea' id='block_1_92' title="bbox 781 4709 2373 4767">
    <p class='ocr_par' dir='ltr' id='par_1_92' title="bbox 781 4709 2373 4767">
     <span class='ocr_line' id='line_1_92' title="bbox 781 4709 2373 4767; baseline 0.003 -5"><span class='ocrx_word' id='word_1_677' title='bbox 781 4709 1166 4763; x_wconf 78' lang='lat' dir='ltr'><strong>deduxerunt:</strong></span> <span class='ocrx_word' id='word_1_678' title='bbox 1199 4726 1379 4765; x_wconf 90' lang='lat' dir='ltr'><strong>meam</strong></span> <span class='ocrx_word' id='word_1_679' title='bbox 1406 4727 1540 4765; x_wconf 90' lang='lat' dir='ltr'><strong>vero</strong></span> <span class='ocrx_word' id='word_1_680' title='bbox 1570 4728 1798 4766; x_wconf 81' lang='lat' dir='ltr'><strong>uxorem</strong></span> <span class='ocrx_word' id='word_1_681' title='bbox 1827 4726 1952 4766; x_wconf 93' lang='lat' dir='ltr'><strong>cum</strong></span> <span class='ocrx_word' id='word_1_682' title='bbox 1987 4713 2167 4767; x_wconf 92' lang='lat' dir='ltr'><strong>tribus</strong></span> <span class='ocrx_word' id='word_1_683' title='bbox 2199 4712 2373 4767; x_wconf 83' lang='lat' dir='ltr'><strong>inlan-</strong></span> 
     </span>
    </p>
   </div>
   <div class='ocr_carea' id='block_1_93' title="bbox 783 4799 2373 4876">
    <p class='ocr_par' dir='ltr' id='par_1_93' title="bbox 783 4799 2373 4876">
     <span class='ocr_line' id='line_1_93' title="bbox 783 4799 2373 4876; baseline 0.006 -26"><span class='ocrx_word' id='word_1_684' title='bbox 783 4799 954 4860; x_wconf 86' lang='lat' dir='ltr'><strong>tibus.</strong></span> <span class='ocrx_word' id='word_1_685' title='bbox 987 4810 1041 4855; x_wconf 88' lang='lat' dir='ltr'>et</span> <span class='ocrx_word' id='word_1_686' title='bbox 1074 4801 1267 4855; x_wconf 90' lang='lat' dir='ltr'><strong>ultimo</strong></span> <span class='ocrx_word' id='word_1_687' title='bbox 1320 4803 1442 4856; x_wconf 89' lang='lat' dir='ltr'><strong>loco</strong></span> <span class='ocrx_word' id='word_1_688' title='bbox 1472 4812 1595 4872; x_wconf 91' lang='lat' dir='ltr'><strong>post</strong></span> <span class='ocrx_word' id='word_1_689' title='bbox 1647 4818 1760 4876; x_wconf 61' lang='lat' dir='ltr'><strong>nos</strong></span> <span class='ocrx_word' id='word_1_690' title='bbox 1776 4819 1972 4857; x_wconf 76' lang='lat' dir='ltr'><strong>ornues</strong></span> <span class='ocrx_word' id='word_1_691' title='bbox 1999 4812 2183 4858; x_wconf 87' lang='lat' dir='ltr'><strong>natam</strong></span> <span class='ocrx_word' id='word_1_692' title='bbox 2217 4820 2373 4859; x_wconf 89' lang='lat' dir='ltr'><strong>soro-</strong></span> 
     </span>
    </p>
   </div>
   <div class='ocr_carea' id='block_1_94' title="bbox 783 4893 2375 4965">
    <p class='ocr_par' dir='ltr' id='par_1_94' title="bbox 783 4893 2375 4965">
     <span class='ocr_line' id='line_1_94' title="bbox 783 4893 2375 4965; baseline 0.005 -20"><span class='ocrx_word' id='word_1_693' title='bbox 783 4907 899 4946; x_wconf 90' lang='lat' dir='ltr'>rem</span> <span class='ocrx_word' id='word_1_694' title='bbox 920 4907 1046 4946; x_wconf 89' lang='lat' dir='ltr'><strong>eum</strong></span> <span class='ocrx_word' id='word_1_695' title='bbox 1064 4893 1306 4947; x_wconf 86' lang='lat' dir='ltr'><strong>allinium</strong></span> <span class='ocrx_word' id='word_1_696' title='bbox 1336 4895 1494 4949; x_wconf 86' lang='lat' dir='ltr'><strong>turba</strong></span> <span class='ocrx_word' id='word_1_697' title='bbox 1528 4896 1738 4965; x_wconf 86' lang='lat' dir='ltr'><strong>reliqua</strong></span> <span class='ocrx_word' id='word_1_698' title='bbox 1771 4912 1873 4951; x_wconf 91' lang='lat' dir='ltr'>nec</span> <span class='ocrx_word' id='word_1_699' title='bbox 1907 4897 2159 4952; x_wconf 84' lang='lat' dir='ltr'><strong>invenire</strong></span> <span class='ocrx_word' id='word_1_700' title='bbox 2183 4897 2375 4953; x_wconf 85' lang='lat' dir='ltr'><strong>volue—</strong></span> 
     </span>
    </p>
   </div>
   <div class='ocr_carea' id='block_1_95' title="bbox 784 4985 2366 5053">
    <p class='ocr_par' dir='ltr' id='par_1_95' title="bbox 784 4985 2366 5053">
     <span class='ocr_line' id='line_1_95' title="bbox 784 4985 2366 5053; baseline 0.006 -18"><span class='ocrx_word' id='word_1_701' title='bbox 784 4991 947 5048; x_wconf 91' lang='lat' dir='ltr'><strong>runt,</strong></span> <span class='ocrx_word' id='word_1_702' title='bbox 1002 4997 1106 5037; x_wconf 88' lang='lat' dir='ltr'>nec</span> <span class='ocrx_word' id='word_1_703' title='bbox 1163 4985 1304 5040; x_wconf 82' lang='lat' dir='ltr'><strong>forte</strong></span> <span class='ocrx_word' id='word_1_704' title='bbox 1360 4987 1635 5051; x_wconf 90' lang='lat' dir='ltr'><strong>inventos,</strong></span> <span class='ocrx_word' id='word_1_705' title='bbox 1670 4998 1729 5041; x_wconf 91' lang='lat' dir='ltr'><strong>ut</strong></span> <span class='ocrx_word' id='word_1_706' title='bbox 1757 4989 2119 5053; x_wconf 89' lang='lat' dir='ltr'><strong>adducerent,</strong></span> <span class='ocrx_word' id='word_1_707' title='bbox 2155 4991 2208 5044; x_wconf 90' lang='lat' dir='ltr'><strong>in</strong></span> <span class='ocrx_word' id='word_1_708' title='bbox 2243 4992 2366 5045; x_wconf 87' lang='lat' dir='ltr'><strong>ani-</strong></span> 
     </span>
    </p>
   </div>
   <div class='ocr_carea' id='block_1_96' title="bbox 787 5074 2368 5136">
    <p class='ocr_par' dir='ltr' id='par_1_96' title="bbox 787 5074 2368 5136">
     <span class='ocr_line' id='line_1_96' title="bbox 787 5074 2368 5136; baseline 0.006 -10"><span class='ocrx_word' id='word_1_709' title='bbox 787 5089 936 5127; x_wconf 91' lang='lat' dir='ltr'><strong>mum</strong></span> <span class='ocrx_word' id='word_1_710' title='bbox 996 5074 1375 5131; x_wconf 79' lang='lat' dir='ltr'><strong>induxerunt:</strong></span> <span class='ocrx_word' id='word_1_711' title='bbox 1413 5078 1509 5133; x_wconf 89' lang='lat' dir='ltr'>sed</span> <span class='ocrx_word' id='word_1_712' title='bbox 1541 5090 1696 5135; x_wconf 89' lang='lat' dir='ltr'><strong>erant</strong></span> <span class='ocrx_word' id='word_1_713' title='bbox 1730 5080 1873 5134; x_wconf 88' lang='lat' dir='ltr'><strong>alius</strong></span> <span class='ocrx_word' id='word_1_714' title='bbox 1901 5080 2034 5134; x_wconf 87' lang='lat' dir='ltr'><strong>alibi</strong></span> <span class='ocrx_word' id='word_1_715' title='bbox 2082 5083 2368 5136; x_wconf 89' lang='lat' dir='ltr'><strong>communi</strong></span> 
     </span>
    </p>
   </div>
   <div class='ocr_carea' id='block_1_97' title="bbox 784 5167 2369 5241">
    <p class='ocr_par' dir='ltr' id='par_1_97' title="bbox 784 5167 2369 5241">
     <span class='ocr_line' id='line_1_97' title="bbox 784 5167 2369 5241; baseline 0.006 -22"><span class='ocrx_word' id='word_1_716' title='bbox 784 5167 950 5237; x_wconf 81' lang='lat' dir='ltr'><strong>vulgo</strong></span> <span class='ocrx_word' id='word_1_717' title='bbox 994 5169 1301 5235; x_wconf 82' lang='lat' dir='ltr'><strong>convoluti,</strong></span> <span class='ocrx_word' id='word_1_718' title='bbox 1331 5179 1643 5241; x_wconf 58' lang='lat' dir='ltr'><strong>nostraeque</strong></span> <span class='ocrx_word' id='word_1_719' title='bbox 1674 5172 1965 5227; x_wconf 88' lang='lat' dir='ltr'><strong>divisionis</strong></span> <span class='ocrx_word' id='word_1_720' title='bbox 1998 5174 2203 5228; x_wconf 90' lang='lat' dir='ltr'><strong>nimbis</strong></span> <span class='ocrx_word' id='word_1_721' title='bbox 2230 5189 2369 5230; x_wconf 89' lang='lat' dir='ltr'><strong>one-</strong></span> 
     </span>
    </p>
   </div>
   <div class='ocr_carea' id='block_1_98' title="bbox 786 5257 2370 5335">
    <p class='ocr_par' dir='ltr' id='par_1_98' title="bbox 786 5257 2370 5335">
     <span class='ocr_line' id='line_1_98' title="bbox 786 5257 2370 5335; baseline 0.007 -25"><span class='ocrx_word' id='word_1_722' title='bbox 786 5258 917 5311; x_wconf 84' lang='lat' dir='ltr'><strong>rati.</strong></span> <span class='ocrx_word' id='word_1_723' title='bbox 956 5257 1384 5315; x_wconf 84' lang='lat' dir='ltr'><strong>Sustinebamus</strong></span> <span class='ocrx_word' id='word_1_724' title='bbox 1410 5270 1614 5327; x_wconf 88' lang='lat' dir='ltr'><strong>tamen,</strong></span> <span class='ocrx_word' id='word_1_725' title='bbox 1651 5272 1711 5316; x_wconf 93' lang='lat' dir='ltr'><strong>ut</strong></span> <span class='ocrx_word' id='word_1_726' title='bbox 1741 5264 1796 5317; x_wconf 90' lang='lat' dir='ltr'><strong>in</strong></span> <span class='ocrx_word' id='word_1_727' title='bbox 1840 5265 2002 5318; x_wconf 86' lang='lat' dir='ltr'><strong>malis</strong></span> <span class='ocrx_word' id='word_1_728' title='bbox 2037 5265 2216 5335; x_wconf 90' lang='lat' dir='ltr'><strong>iisque</strong></span> <span class='ocrx_word' id='word_1_729' title='bbox 2248 5265 2370 5321; x_wconf 88' lang='lat' dir='ltr'><strong>dire</strong></span> 
     </span>
    </p>
   </div>
   <div class='ocr_carea' id='block_1_99' title="bbox 779 5344 2367 5425">
    <p class='ocr_par' dir='ltr' id='par_1_99' title="bbox 779 5344 2367 5425">
     <span class='ocr_line' id='line_1_99' title="bbox 779 5344 2367 5425; baseline 0.006 -22"><span class='ocrx_word' id='word_1_730' title='bbox 779 5344 1015 5421; x_wconf 74' lang='lat' dir='ltr'><strong>accepti,</strong></span> <span class='ocrx_word' id='word_1_731' title='bbox 1047 5351 1153 5407; x_wconf 85' lang='lat' dir='ltr'>hoc</span> <span class='ocrx_word' id='word_1_732' title='bbox 1180 5368 1422 5424; x_wconf 89' lang='lat' dir='ltr'><strong>quoque,</strong></span> <span class='ocrx_word' id='word_1_733' title='bbox 1451 5355 1599 5425; x_wconf 89' lang='lat' dir='ltr'><strong>quod</strong></span> <span class='ocrx_word' id='word_1_734' title='bbox 1625 5371 1848 5411; x_wconf 85' lang='lat' dir='ltr'><strong>eramus</strong></span> <span class='ocrx_word' id='word_1_735' title='bbox 1880 5357 1971 5411; x_wconf 84' lang='lat' dir='ltr'><strong>alii</strong></span> <span class='ocrx_word' id='word_1_736' title='bbox 2002 5358 2071 5413; x_wconf 89' lang='lat' dir='ltr'>ab</span> <span class='ocrx_word' id='word_1_737' title='bbox 2100 5358 2224 5413; x_wconf 85' lang='lat' dir='ltr'><strong>aliis</strong></span> <span class='ocrx_word' id='word_1_738' title='bbox 2251 5358 2367 5413; x_wconf 89' lang='lat' dir='ltr'><strong>dis-</strong></span> 
     </span>
    </p>
   </div>
   <div class='ocr_carea' id='block_1_100' title="bbox 780 5442 2363 5521">
    <p class='ocr_par' dir='ltr' id='par_1_100' title="bbox 780 5442 2363 5521">
     <span class='ocr_line' id='line_1_100' title="bbox 780 5442 2363 5521; baseline 0.006 -25"><span class='ocrx_word' id='word_1_739' title='bbox 780 5442 937 5507; x_wconf 85' lang='lat' dir='ltr'><strong>secti,</strong></span> <span class='ocrx_word' id='word_1_740' title='bbox 985 5444 1091 5498; x_wconf 89' lang='lat' dir='ltr'><strong>etsi</strong></span> <span class='ocrx_word' id='word_1_741' title='bbox 1132 5460 1222 5500; x_wconf 82' lang='lat' dir='ltr'>res</span> <span class='ocrx_word' id='word_1_742' title='bbox 1272 5456 1474 5503; x_wconf 74' lang='lat' dir='ltr'><strong>nostra:</strong></span> <span class='ocrx_word' id='word_1_743' title='bbox 1505 5461 1681 5518; x_wconf 77' lang='lat' dir='ltr'><strong>genus</strong></span> <span class='ocrx_word' id='word_1_744' title='bbox 1725 5464 1889 5504; x_wconf 87' lang='lat' dir='ltr'><strong>omne</strong></span> <span class='ocrx_word' id='word_1_745' title='bbox 1925 5451 2150 5521; x_wconf 88' lang='lat' dir='ltr'><strong>angoris</strong></span> <span class='ocrx_word' id='word_1_746' title='bbox 2188 5451 2363 5506; x_wconf 85' lang='lat' dir='ltr'><strong>mole-</strong></span> 
     </span>
    </p>
   </div>
   <div class='ocr_carea' id='block_1_101' title="bbox 782 5533 1387 5603">
    <p class='ocr_par' dir='ltr' id='par_1_101' title="bbox 782 5533 1387 5603">
     <span class='ocr_line' id='line_1_101' title="bbox 782 5533 1387 5603; baseline 0.013 -18"><span class='ocrx_word' id='word_1_747' title='bbox 782 5533 1008 5603; x_wconf 61' lang='lat' dir='ltr'><strong>istiatque</strong></span> <span class='ocrx_word' id='word_1_748' title='bbox 1037 5538 1387 5593; x_wconf 73' lang='lat' dir='ltr'><strong>excederent.</strong></span> 
     </span>
    </p>
   </div>
   <div class='ocr_carea' id='block_1_102' title="bbox 2472 4623 4071 4699">
    <p class='ocr_par' dir='ltr' id='par_1_102' title="bbox 2472 4623 4071 4699">
     <span class='ocr_line' id='line_1_102' title="bbox 2472 4623 4071 4699; baseline 0.004 -25"><span class='ocrx_word' id='word_1_749' title='bbox 2472 4623 2573 4692; x_wconf 81' lang='grc' dir='ltr'>κάς</span> <span class='ocrx_word' id='word_1_750' title='bbox 2608 4623 2726 4689; x_wconf 87' lang='grc' dir='ltr'>μεθ’</span> <span class='ocrx_word' id='word_1_751' title='bbox 2761 4625 2920 4695; x_wconf 78' lang='grc' dir='ltr'>ἡμῶν</span> <span class='ocrx_word' id='word_1_752' title='bbox 2944 4625 3281 4696; x_wconf 66' lang='grc' dir='ltr'>ληφθέντωνς</span> <span class='ocrx_word' id='word_1_753' title='bbox 3332 4625 3411 4680; x_wconf 59' lang='lat' dir='ltr'><strong>[et</strong></span> <span class='ocrx_word' id='word_1_754' title='bbox 3441 4629 3498 4681; x_wconf 78' lang='grc' dir='ltr'>δὲ</span> <span class='ocrx_word' id='word_1_755' title='bbox 3530 4629 3624 4681; x_wconf 81' lang='grc' dir='ltr'>καὶ</span> <span class='ocrx_word' id='word_1_756' title='bbox 3657 4631 3760 4699; x_wconf 78' lang='grc' dir='ltr'>τὴν</span> <span class='ocrx_word' id='word_1_757' title='bbox 3788 4631 3889 4683; x_wconf 88' lang='grc' dir='ltr'>τοῦ</span> <span class='ocrx_word' id='word_1_758' title='bbox 3916 4632 4071 4685; x_wconf 64' lang='grc' dir='ltr'>ἀδελ-</span> 
     </span>
    </p>
   </div>
   <div class='ocr_carea' id='block_1_103' title="bbox 2473 4714 4069 4795">
    <p class='ocr_par' dir='ltr' id='par_1_103' title="bbox 2473 4714 4069 4795">
     <span class='ocr_line' id='line_1_103' title="bbox 2473 4714 4069 4795; baseline 0.006 -28"><span class='ocrx_word' id='word_1_759' title='bbox 2473 4714 2575 4783; x_wconf 79' lang='grc' dir='ltr'>φοῦ</span> <span class='ocrx_word' id='word_1_760' title='bbox 2606 4716 2648 4747; x_wconf 88' lang='grc'>¹⁵</span> <span class='ocrx_word' id='word_1_761' title='bbox 2677 4718 2927 4788; x_wconf 84' lang='grc' dir='ltr'>γαμετὴν</span> <span class='ocrx_word' id='word_1_762' title='bbox 2956 4720 3018 4771; x_wconf 81' lang='grc' dir='ltr'>τὸ</span> <span class='ocrx_word' id='word_1_763' title='bbox 3051 4719 3239 4789; x_wconf 83' lang='grc' dir='ltr'>τάχος,</span> <span class='ocrx_word' id='word_1_764' title='bbox 3287 4721 3409 4773; x_wconf 85' lang='grc' dir='ltr'>ὅθεν</span> <span class='ocrx_word' id='word_1_765' title='bbox 3440 4721 3709 4792; x_wconf 78' lang='grc' dir='ltr'>ὑπῆρχον,</span> <span class='ocrx_word' id='word_1_766' title='bbox 3747 4724 3888 4793; x_wconf 75' lang='grc' dir='ltr'>πρὸς</span> <span class='ocrx_word' id='word_1_767' title='bbox 3922 4728 4069 4795; x_wconf 80' lang='grc' dir='ltr'>ἡμᾶς</span> 
     </span>
    </p>
   </div>
   <div class='ocr_carea' id='block_1_104' title="bbox 2472 4808 4067 4886">
    <p class='ocr_par' dir='ltr' id='par_1_104' title="bbox 2472 4808 4067 4886">
     <span class='ocr_line' id='line_1_104' title="bbox 2472 4808 4067 4886; baseline -0.005 -10"><span class='ocrx_word' id='word_1_768' title='bbox 2472 4808 2746 4877; x_wconf 66' lang='grc' dir='ltr'>ἠγάγοντο</span> <span class='ocrx_word' id='word_1_769' title='bbox 2773 4826 2787 4839; x_wconf 84' lang='grc'><strong>⁸</strong></span> <span class='ocrx_word' id='word_1_770' title='bbox 2820 4811 2917 4879; x_wconf 77' lang='grc' dir='ltr'>τὴν</span> <span class='ocrx_word' id='word_1_771' title='bbox 2955 4810 3207 4880; x_wconf 73' lang='grc' dir='ltr'>ὁμόζυγα</span> <span class='ocrx_word' id='word_1_772' title='bbox 3252 4813 3309 4866; x_wconf 78' lang='grc' dir='ltr'>δὲ</span> <span class='ocrx_word' id='word_1_773' title='bbox 3345 4813 3447 4885; x_wconf 79' lang='grc' dir='ltr'>τὴν</span> <span class='ocrx_word' id='word_1_774' title='bbox 3494 4814 3635 4886; x_wconf 81' lang='grc' dir='ltr'>ὲμὴν</span> <span class='ocrx_word' id='word_1_775' title='bbox 3667 4815 3769 4867; x_wconf 82' lang='grc' dir='ltr'>σὺν</span> <span class='ocrx_word' id='word_1_776' title='bbox 3796 4820 3950 4885; x_wconf 82' lang='grc' dir='ltr'>τρισὶ</span> <span class='ocrx_word' id='word_1_777' title='bbox 3974 4836 4067 4886; x_wconf 78' lang='grc' dir='ltr'>νη·</span> 
     </span>
    </p>
   </div>
   <div class='ocr_carea' id='block_1_105' title="bbox 2474 4902 4070 4981">
    <p class='ocr_par' dir='ltr' id='par_1_105' title="bbox 2474 4902 4070 4981">
     <span class='ocr_line' id='line_1_105' title="bbox 2474 4902 4070 4981; baseline 0.005 -28"><span class='ocrx_word' id='word_1_778' title='bbox 2474 4902 2619 4965; x_wconf 84' lang='grc' dir='ltr'>πίοις</span> <span class='ocrx_word' id='word_1_779' title='bbox 2654 4903 2747 4955; x_wconf 77' lang='grc' dir='ltr'>καὶ</span> <span class='ocrx_word' id='word_1_780' title='bbox 2774 4903 2873 4974; x_wconf 86' lang='grc' dir='ltr'>τὴν</span> <span class='ocrx_word' id='word_1_781' title='bbox 2905 4904 3312 4974; x_wconf 84' lang='grc' dir='ltr'>ὑποϐεϐηκυῖαν</span> <span class='ocrx_word' id='word_1_782' title='bbox 3339 4906 3479 4959; x_wconf 83' lang='grc' dir='ltr'>κατὰ</span> <span class='ocrx_word' id='word_1_783' title='bbox 3498 4907 3595 4977; x_wconf 80' lang='grc' dir='ltr'>τὴν</span> <span class='ocrx_word' id='word_1_784' title='bbox 3618 4911 3880 4977; x_wconf 82' lang='grc' dir='ltr'>γέννησιν</span> <span class='ocrx_word' id='word_1_785' title='bbox 3911 4913 3945 4981; x_wconf 78' lang='grc' dir='ltr'>ἡ</span> <span class='ocrx_word' id='word_1_786' title='bbox 3954 4910 4070 4981; x_wconf 80' lang='grc' dir='ltr'>μῶν</span> 
     </span>
    </p>
   </div>
   <div class='ocr_carea' id='block_1_106' title="bbox 2474 4993 4070 5072">
    <p class='ocr_par' dir='ltr' id='par_1_106' title="bbox 2474 4993 4070 5072">
     <span class='ocr_line' id='line_1_106' title="bbox 2474 4993 4070 5072; baseline 0.007 -26"><span class='ocrx_word' id='word_1_787' title='bbox 2474 4993 2712 5065; x_wconf 82' lang='grc' dir='ltr'>ἀδελφὴν</span> <span class='ocrx_word' id='word_1_788' title='bbox 2749 4997 2887 5065; x_wconf 82' lang='grc' dir='ltr'>μετά</span> <span class='ocrx_word' id='word_1_789' title='bbox 2939 4999 3035 5051; x_wconf 69' lang='grc' dir='ltr'>καὶ</span> <span class='ocrx_word' id='word_1_790' title='bbox 3065 4998 3227 5051; x_wconf 80' lang='grc' dir='ltr'>ἄλλου</span> <span class='ocrx_word' id='word_1_791' title='bbox 3262 5000 3505 5069; x_wconf 77' lang='grc' dir='ltr'>πλήθους</span> <span class='ocrx_word' id='word_1_792' title='bbox 3537 5000 3645 5053; x_wconf 82' lang='grc' dir='ltr'>τῶν</span> <span class='ocrx_word' id='word_1_793' title='bbox 3670 5008 4070 5072; x_wconf 73' lang='grc' dir='ltr'>προσηκόντων</span> 
     </span>
    </p>
   </div>
   <div class='ocr_carea' id='block_1_107' title="bbox 2472 5084 4071 5165">
    <p class='ocr_par' dir='ltr' id='par_1_107' title="bbox 2472 5084 4071 5165">
     <span class='ocr_line' id='line_1_107' title="bbox 2472 5084 4071 5165; baseline 0.008 -26"><span class='ocrx_word' id='word_1_794' title='bbox 2472 5084 2598 5139; x_wconf 73' lang='grc' dir='ltr'>οὕτε</span> <span class='ocrx_word' id='word_1_795' title='bbox 2623 5087 2665 5118; x_wconf 81' lang='grc'>¹⁶</span> <span class='ocrx_word' id='word_1_796' title='bbox 2696 5089 2946 5157; x_wconf 78' lang='grc' dir='ltr'>ἀνευρεῖν</span> <span class='ocrx_word' id='word_1_797' title='bbox 2978 5090 3274 5162; x_wconf 81' lang='grc' dir='ltr'>ἠθέλησαν,</span> <span class='ocrx_word' id='word_1_798' title='bbox 3315 5091 3439 5145; x_wconf 74' lang='grc' dir='ltr'>οὔτε</span> <span class='ocrx_word' id='word_1_799' title='bbox 3474 5093 3531 5145; x_wconf 75' lang='grc' dir='ltr'>δὲ</span> <span class='ocrx_word' id='word_1_800' title='bbox 3568 5095 3899 5165; x_wconf 84' lang='grc' dir='ltr'>ἀνευρόντες</span> <span class='ocrx_word' id='word_1_801' title='bbox 3942 5100 4071 5161; x_wconf 76' lang='grc' dir='ltr'>ἴσως</span> 
     </span>
    </p>
   </div>
   <div class='ocr_carea' id='block_1_108' title="bbox 2472 5181 4069 5259">
    <p class='ocr_par' dir='ltr' id='par_1_108' title="bbox 2472 5181 4069 5259">
     <span class='ocr_line' id='line_1_108' title="bbox 2472 5181 4069 5259; baseline 0.009 -27"><span class='ocrx_word' id='word_1_802' title='bbox 2472 5181 2770 5248; x_wconf 84' lang='grc' dir='ltr'>ἀναγαγεῖν</span> <span class='ocrx_word' id='word_1_803' title='bbox 2795 5182 2931 5253; x_wconf 77' lang='grc' dir='ltr'>πρὸς</span> <span class='ocrx_word' id='word_1_804' title='bbox 2962 5185 3109 5253; x_wconf 77' lang='grc' dir='ltr'>ἡμᾶς</span> <span class='ocrx_word' id='word_1_805' title='bbox 3138 5185 3541 5257; x_wconf 73' lang='grc' dir='ltr'>ἠϐουλήθησαν,</span> <span class='ocrx_word' id='word_1_806' title='bbox 3568 5187 3685 5240; x_wconf 83' lang='grc' dir='ltr'>ἀλλ’</span> <span class='ocrx_word' id='word_1_807' title='bbox 3731 5185 3880 5259; x_wconf 83' lang='grc' dir='ltr'>ἦσαν</span> <span class='ocrx_word' id='word_1_808' title='bbox 3912 5191 4069 5254; x_wconf 71' lang='grc' dir='ltr'>ἄλλος</span> 
     </span>
    </p>
   </div>
   <div class='ocr_carea' id='block_1_109' title="bbox 2475 5271 4069 5351">
    <p class='ocr_par' dir='ltr' id='par_1_109' title="bbox 2475 5271 4069 5351">
     <span class='ocr_line' id='line_1_109' title="bbox 2475 5271 4069 5351; baseline 0.008 -28"><span class='ocrx_word' id='word_1_809' title='bbox 2475 5271 2685 5341; x_wconf 80' lang='grc' dir='ltr'>ἀλλαχῆ</span> <span class='ocrx_word' id='word_1_810' title='bbox 2738 5272 2815 5342; x_wconf 83' lang='grc' dir='ltr'>τῷ</span> <span class='ocrx_word' id='word_1_811' title='bbox 2861 5275 3027 5344; x_wconf 82' lang='grc' dir='ltr'>κοινῷ</span> <span class='ocrx_word' id='word_1_812' title='bbox 3081 5275 3276 5346; x_wconf 85' lang='grc' dir='ltr'>πλήθει</span> <span class='ocrx_word' id='word_1_813' title='bbox 3332 5279 3428 5331; x_wconf 80' lang='grc' dir='ltr'>καὶ</span> <span class='ocrx_word' id='word_1_814' title='bbox 3466 5282 3585 5342; x_wconf 90' lang='grc' dir='ltr'>ταῖς</span> <span class='ocrx_word' id='word_1_815' title='bbox 3636 5282 3828 5347; x_wconf 81' lang='grc' dir='ltr'>νιφάσι</span> <span class='ocrx_word' id='word_1_816' title='bbox 3862 5283 3969 5351; x_wconf 75' lang='grc' dir='ltr'>τῆς</span> <span class='ocrx_word' id='word_1_817' title='bbox 4012 5284 4069 5347; x_wconf 64' lang='grc' dir='ltr'>ἐξ</span> 
     </span>
    </p>
   </div>
   <div class='ocr_carea' id='block_1_110' title="bbox 2476 5363 4067 5446">
    <p class='ocr_par' dir='ltr' id='par_1_110' title="bbox 2476 5363 4067 5446">
     <span class='ocr_line' id='line_1_110' title="bbox 2476 5363 4067 5446; baseline 0.008 -32"><span class='ocrx_word' id='word_1_818' title='bbox 2476 5363 2637 5433; x_wconf 77' lang='grc' dir='ltr'>ἡμῶν</span> <span class='ocrx_word' id='word_1_819' title='bbox 2674 5364 2990 5436; x_wconf 83' lang='grc' dir='ltr'>βαλλόμενοι</span> <span class='ocrx_word' id='word_1_820' title='bbox 3041 5368 3381 5438; x_wconf 84' lang='grc' dir='ltr'>διαιρέσεως.</span> <span class='ocrx_word' id='word_1_821' title='bbox 3406 5371 3599 5441; x_wconf 84' lang='grc' dir='ltr'>Ὅμως</span> <span class='ocrx_word' id='word_1_822' title='bbox 3648 5375 4067 5446; x_wconf 78' lang='grc' dir='ltr'>ἑκαρτεροῦμεν</span> 
     </span>
    </p>
   </div>
   <div class='ocr_carea' id='block_1_111' title="bbox 2475 5455 4063 5537">
    <p class='ocr_par' dir='ltr' id='par_1_111' title="bbox 2475 5455 4063 5537">
     <span class='ocr_line' id='line_1_111' title="bbox 2475 5455 4063 5537; baseline 0.009 -30"><span class='ocrx_word' id='word_1_823' title='bbox 2475 5455 2550 5518; x_wconf 82' lang='grc' dir='ltr'>ὡς</span> <span class='ocrx_word' id='word_1_824' title='bbox 2583 5458 2642 5509; x_wconf 81' lang='grc' dir='ltr'>ὲν</span> <span class='ocrx_word' id='word_1_825' title='bbox 2686 5458 2882 5521; x_wconf 88' lang='grc' dir='ltr'>δεινοῖς</span> <span class='ocrx_word' id='word_1_826' title='bbox 2909 5462 3003 5513; x_wconf 76' lang='grc' dir='ltr'>καὶ</span> <span class='ocrx_word' id='word_1_827' title='bbox 3022 5462 3122 5532; x_wconf 69' lang='grc' dir='ltr'>τὴν</span> <span class='ocrx_word' id='word_1_828' title='bbox 3149 5461 3209 5526; x_wconf 66' lang='grc' dir='ltr'>ἑξ</span> <span class='ocrx_word' id='word_1_829' title='bbox 3240 5463 3489 5534; x_wconf 86' lang='grc' dir='ltr'>ἀλλήλων</span> <span class='ocrx_word' id='word_1_830' title='bbox 3520 5468 3869 5537; x_wconf 77' lang='grc' dir='ltr'>κατατομὴν,</span> <span class='ocrx_word' id='word_1_831' title='bbox 3904 5471 3954 5521; x_wconf 73' lang='grc' dir='ltr'>εξ</span> <span class='ocrx_word' id='word_1_832' title='bbox 3978 5472 4063 5521; x_wconf 62' lang='grc' dir='ltr'>καῖ</span> 
     </span>
    </p>
   </div>
   <div class='ocr_carea' id='block_1_112' title="bbox 2469 5546 4063 5631">
    <p class='ocr_par' dir='ltr' id='par_1_112' title="bbox 2469 5546 4063 5631">
     <span class='ocr_line' id='line_1_112' title="bbox 2469 5546 4063 5631; baseline 0.009 -31"><span class='ocrx_word' id='word_1_833' title='bbox 2469 5546 2550 5600; x_wconf 84' lang='grc' dir='ltr'>ὅτι</span> <span class='ocrx_word' id='word_1_834' title='bbox 2575 5550 2777 5614; x_wconf 74' lang='grc' dir='ltr'>παντὸς</span> <span class='ocrx_word' id='word_1_835' title='bbox 2798 5553 3025 5623; x_wconf 82' lang='grc' dir='ltr'>ἀνιαροῦ</span> <span class='ocrx_word' id='word_1_836' title='bbox 3044 5557 3240 5625; x_wconf 83' lang='grc' dir='ltr'>πεῖραν</span> <span class='ocrx_word' id='word_1_837' title='bbox 3259 5556 3324 5609; x_wconf 74' lang='grc' dir='ltr'>τά</span> <span class='ocrx_word' id='word_1_838' title='bbox 3355 5556 3477 5609; x_wconf 79' lang='grc' dir='ltr'>καθ’</span> <span class='ocrx_word' id='word_1_839' title='bbox 3497 5560 3643 5627; x_wconf 76' lang='grc' dir='ltr'>ἡμᾶς</span> <span class='ocrx_word' id='word_1_840' title='bbox 3666 5560 4063 5631; x_wconf 77' lang='grc' dir='ltr'>ὑπερέϐαλλεν.</span> 
     </span>
    </p>
   </div>
   <div class='ocr_carea' id='block_1_113' title="bbox 2099 5660 2780 5729">
    <p class='ocr_par' dir='ltr' id='par_1_113' title="bbox 2099 5660 2780 5729">
     <span class='ocr_line' id='line_1_113' title="bbox 2099 5660 2780 5729; baseline 0.015 -16"><span class='ocrx_word' id='word_1_841' title='bbox 2099 5660 2331 5729; x_wconf 63' lang='grc' dir='ltr'>ἻΑΒΙᾹΞ</span> <span class='ocrx_word' id='word_1_842' title='bbox 2374 5662 2667 5721; x_wconf 80' lang='lat' dir='ltr'>LECTION</span> <span class='ocrx_word' id='word_1_843' title='bbox 2678 5668 2780 5723; x_wconf 81' lang='lat' dir='ltr'>ES.</span> 
     </span>
    </p>
   </div>
   <div class='ocr_carea' id='block_1_114' title="bbox 857 5743 1288 5816">
    <p class='ocr_par' dir='ltr' id='par_1_114' title="bbox 857 5743 1288 5816">
     <span class='ocr_line' id='line_1_114' title="bbox 857 5743 1288 5816; baseline 0.023 -21"><span class='ocrx_word' id='word_1_844' title='bbox 857 5747 893 5775; x_wconf 83' lang='lat'>&quot;</span> <span class='ocrx_word' id='word_1_845' title='bbox 1050 5749 1140 5801; x_wconf 79' lang='grc' dir='ltr'>καὶ</span> <span class='ocrx_word' id='word_1_846' title='bbox 1178 5748 1288 5805; x_wconf 79' lang='lat' dir='ltr'>AP.</span> 
     </span>
    </p>
   </div>
   <div class='ocr_carea' id='block_1_115' title="bbox 1402 5752 1936 5826">
    <p class='ocr_par' dir='ltr' id='par_1_115' title="bbox 1402 5752 1936 5826">
     <span class='ocr_line' id='line_1_115' title="bbox 1402 5752 1936 5826; baseline 0.004 -21"><span class='ocrx_word' id='word_1_847' title='bbox 1402 5754 1443 5783; x_wconf 86' lang='lat'>&quot;</span> <span class='ocrx_word' id='word_1_848' title='bbox 1480 5753 1843 5826; x_wconf 76' lang='grc' dir='ltr'>πανούργημα</span> <span class='ocrx_word' id='word_1_849' title='bbox 1876 5752 1936 5808; x_wconf 83' lang='grc' dir='ltr'>Ρ.</span> 
     </span>
    </p>
   </div>
   <div class='ocr_carea' id='block_1_116' title="bbox 779 5813 1010 5870">
    <p class='ocr_par' dir='ltr' id='par_1_116' title="bbox 779 5813 1010 5870">
     <span class='ocr_line' id='line_1_116' title="bbox 779 5813 1010 5870; baseline 0.017 -3"><span class='ocrx_word' id='word_1_850' title='bbox 779 5813 904 5870; x_wconf 71' lang='grc' dir='ltr'>οὔτε</span> <span class='ocrx_word' id='word_1_851' title='bbox 946 5813 1010 5870; x_wconf 68' lang='grc' dir='ltr'>Ρ.</span> 
     </span>
    </p>
   </div>
   <div class='ocr_carea' id='block_1_117' title="bbox 2040 5755 3082 5828">
    <p class='ocr_par' dir='ltr' id='par_1_117' title="bbox 2040 5755 3082 5828">
     <span class='ocr_line' id='line_1_117' title="bbox 2040 5755 3082 5828; baseline 0.012 -22"><span class='ocrx_word' id='word_1_852' title='bbox 2040 5755 2083 5786; x_wconf 73' lang='grc'>’³</span> <span class='ocrx_word' id='word_1_853' title='bbox 2136 5756 2456 5828; x_wconf 71' lang='grc' dir='ltr'>ὲνεργεέαςῖ</span> <span class='ocrx_word' id='word_1_854' title='bbox 2554 5760 2935 5827; x_wconf 69' lang='grc' dir='ltr'>’δτελέσαντες</span> <span class='ocrx_word' id='word_1_855' title='bbox 2972 5764 3082 5819; x_wconf 81' lang='lat' dir='ltr'>AP.</span> 
     </span>
    </p>
   </div>
   <div class='ocr_carea' id='block_1_118' title="bbox 3190 5766 4065 5843">
    <p class='ocr_par' dir='ltr' id='par_1_118' title="bbox 3190 5766 4065 5843">
     <span class='ocr_line' id='line_1_118' title="bbox 3190 5766 4065 5843; baseline 0.006 -23"><span class='ocrx_word' id='word_1_856' title='bbox 3190 5768 3233 5799; x_wconf 73' lang='grc'>³⁸</span> <span class='ocrx_word' id='word_1_857' title='bbox 3258 5766 3306 5820; x_wconf 80' lang='grc' dir='ltr'>τ’</span> <span class='ocrx_word' id='word_1_858' title='bbox 3328 5766 3558 5837; x_wconf 78' lang='grc' dir='ltr'>ἀδελφοῦ</span> <span class='ocrx_word' id='word_1_859' title='bbox 3584 5770 3647 5823; x_wconf 73' lang='grc' dir='ltr'>Δ.</span> <span class='ocrx_word' id='word_1_860' title='bbox 3761 5773 3804 5803; x_wconf 84' lang='grc'>¹⁸</span> <span class='ocrx_word' id='word_1_861' title='bbox 3831 5772 3935 5824; x_wconf 69' lang='grc' dir='ltr'>οὐκ</span> <span class='ocrx_word' id='word_1_862' title='bbox 3966 5790 4065 5843; x_wconf 77' lang='lat' dir='ltr'>pro</span> 
     </span>
    </p>
   </div>
  </div>
