4174 6442
136 448 232 510 617

1207 445 1303 504 DE
1347 444 1657 503 EXCIDIO
1688 444 2295 507 THESSALONIC'E.

3285 450 3389 513 613

198 558 307 626 ξς’.
341 560 482 631 Ἤδη
513 559 569 612 ζέ
593 560 633 591 ⁸⁷
662 558 756 612 τοῦ
778 558 951 622 ,πλοὸς
984 558 1245 629 ἄρχεσθαι
1281 559 1531 629 μέλλουσι
1558 560 1709 628 στρέ-

1887 559 2051 631 578
2091 562 2179 615 66.
2214 562 2350 616 Dum
2383 578 2513 618 vero
2552 564 2662 634 jam
2722 564 3122 633 navigationem
3174 580 3387 636 parant,

136 653 258 712 ίὶας
296 652 452 713 τινάς
480 648 565 721 [Ρ.
598 647 724 721 57H
758 652 868 711 τοῖς
897 652 1022 700 ποσὶ
1054 650 1217 701 πᾶσιν
1250 652 1379 719 ἡμῖν
1434 649 1711 711 ἐπιθέντες

131 744 174 792 οἱ
202 739 505 810 Βάρόαροι,
532 738 704 801 οὕτως
740 741 861 792 καθ’
884 738 977 791 ἕνα
1003 742 1119 801 ταῖς
1148 741 1333 791 ναυσὶν
1356 739 1543 809 ὥσπερ
1580 741 1714 805 ἀξιε-

132 835 218 899 χιίν
247 850 370 884 τινα
394 832 771 883 διεστοίϐασαν
804 831 958 897 ὓλην,
994 831 1067 899 μὴ
1105 830 1392 894 ἐνδιδόντες
1426 833 1525 885 κᾶν
1564 833 1711 883 ἐλεί-

134 926 285 993 θερον
318 924 579 977 ἀναπνεῖν
630 923 720 973 τὸν
752 923 910 992 ἀέρα,
972 924 1107 975 ἀλλὰ
1143 926 1233 976 καὶ
1276 924 1463 975 τοῦτον
1494 927 1556 993 τῇ
1590 941 1712 975 συν-

132 1018 283 1086 εχείᾳ
314 1016 410 1068 τοῦ
443 1016 683 1086 πνιγμοῦ
724 1017 1203 1086 συναπείργοντες.
1238 1018 1393 1069 Οὕτω
1425 1021 1529 1085 γὰρ
1568 1021 1711 1086 inii;

132 1109 188 1158 ἐν
222 1108 473 1178 ἀλλήλοις
508 1107 850 1175 ἐπισυνῆψαν
880 1108 955 1169 ὡς
986 1109 1043 1158 ἓν
1090 1108 1459 1160 ἀδιάσπαστον
1485 1109 1711 1177 δρᾶδῡχι

134 1198 292 1267 σῶμα
321 1199 420 1268 τὴν
454 1198 661 1267 πληθὺν
703 1201 944 1261 ἃπασαν,
982 1199 1103 1270 μηδ’
1131 1201 1264 1262 ὅλως
1294 1200 1642 1269 διισταξλέντιν
1680 1204 1710 1272 ἢ

130 1292 562 1360 ἀπερρηγμένην
584 1289 683 1357 τῆς
711 1291 966 1359 συνεχοῦς
1000 1292 1218 1358 ἐκείνης
1244 1292 1533 1360 πιλήσεως.
1573 1292 1709 1343 ’Λὶὶε

132 1385 319 1452 ἐπειδὴ
343 1385 483 1435 κατὰ
514 1384 663 1435 δύσιν
688 1384 716 1435 ὁ
743 1384 890 1453 ἥλιος
927 1379 995 1452 ἦν
1031 1385 1125 1435 καὶ
1164 1383 1299 1452 πρὸς
1330 1386 1418 1434 τὸν
1464 1402 1712 1452 νυκτερι-

130 1476 215 1526 νὸν
249 1474 449 1541 γνόφον
484 1473 644 1542 ἔληγε
686 1474 746 1525 τὸ
796 1474 911 1543 φῶς
941 1473 1041 1540 τῆς
1092 1475 1327 1544 ἡμέρας,
1363 1475 1627 1526 ἐπινίκιῦν
1660 1492 1709 1525 τι

132 1567 288 1635 μέλος
316 1569 428 1628 τοῖς
449 1582 506 1617 τε
538 1565 836 1634 κυμϐάλοις
860 1566 951 1617 καὶ
974 1569 1277 1633 τυμπάνοις
1300 1568 1544 1632 ἀποκρου
1558 1566 1712 1633 τάμε·

128 1676 225 1719 νοι,
261 1659 359 1710 καὶ
392 1657 478 1708 τὸν
506 1658 647 1727 ὑπὲρ
681 1657 921 1724 κεφαλὰς
961 1658 1005 1688 ⁸⁸
1039 1659 1173 1725 ἀέρα
1208 1662 1327 1720 ταῖς
1376 1660 1462 1711 διὰ
1505 1660 1611 1711 τῶν
1637 1662 1711 1723 ξι-

128 1748 241 1817 φῶν
274 1748 519 1819 ptuisset
552 1747 1080 1816 περιαστράψαντες,
1112 1746 1283 1807 οὕτως
1324 1751 1460 1815 μετά
1492 1749 1713 1814 βαθεῖαν

127 1844 370 1911 ἑσπέραν
422 1842 634 1910 ἄσημόν
669 1857 788 1892 τινα
842 1841 937 1892 καὶ
1004 1844 1211 1909 τραχὺν
1257 1840 1569 1910 αλαλαγμὸν
1607 1844 1705 1891 ἐπ-

126 1938 360 2005 αφέντες
383 1937 476 1987 καὶ
492 1936 589 1998 τὰς
604 1934 850 2005 ἀγκύρας
874 1935 982 1987 τῶν
1012 1934 1157 2004 νηῶν
1176 1936 1588 1997 ἀνασπάσαντες
1613 1936 1708 2003 τῆς

122 2032 223 2098 γῆς
260 2029 682 2097 ἀπεδίδρασκον.
714 2025 821 2081 Ἶιν
848 2029 901 2080 δὲ
928 2030 1148 2080 ἀκούειν
1170 2031 1315 2091 ὅπως
1338 2031 1513 2098 ησυχῆ
1549 2032 1709 2099 μόνον

122 2124 180 2174 τὸ
215 2121 424 2188 πλῆθος
457 2118 922 2188 κατεστενάξομεν
958 2119 1057 2189 τῆς
1108 2120 1383 2189 πατρίδος,
1424 2122 1517 2174 καί
1540 2121 1639 2172 πού
1667 2123 1707 2153 ¹⁹

123 2231 240 2265 τινα
267 2213 409 2282 πρὸς
443 2213 533 2263 τὸν
578 2210 709 2263 Θεὸν
739 2214 796 2263 ἐν
820 2210 897 2280 τῷ
918 2212 1117 2277 ἀφανεῖ
1149 2212 1244 2279 τῆς
1272 2212 1448 2283 ψυχῆς
1480 2214 1708 2275 ἕκαστος

129 2305 281 2373 ἡμῶν
313 2306 469 2372 ἠφίει
502 2304 704 2373 φωνὴν,
731 2304 877 2366 ὅσοις
924 2304 989 2357 ἂν
1020 2303 1180 2365 αὐτὸς
1216 2303 1456 2371 βούλοιτο
1493 2306 1712 2357 παιδευ-

124 2402 293 2461 τικοίς
325 2401 650 2467 πειρασμοῖς
682 2398 1048 2467 δμιλήσαντας
1075 2400 1167 2449 καὶ
1194 2396 1352 2449 πάλιν
1378 2395 1711 2465 ἀποδοθῆναι

125 2496 185 2562 τῇ
233 2491 589 2563 θρεψαμένῃ,
647 2494 741 2543 καὶ
789 2492 865 2561 μὴ
919 2493 998 2553 εἰς
1049 2491 1199 2551 τέλος
1255 2490 1712 2558 ἐγκαταλειφθέν-

124 2601 211 2645 τας
244 2581 574 2635 ἀνέλπιστον
607 2580 751 2651 ἔχειν
805 2582 903 2649 τὴν
938 2582 1000 2631 ἐκ
1047 2582 1168 2631 τῶψ
1186 2578 1501 2631 λυπούντων
1532 2580 1709 2632 ἀπαλ-

127 2675 317 2743 λαγήν.

223 2765 290 2825 ζ’.
338 2763 425 2825 Ὠς
458 2762 514 2814 δέ
548 2759 639 2813 τοῦ
685 2761 834 2813 πλεῖν
868 2760 969 2831 ἥδη
1005 2760 1136 2829 πρὸς
1171 2760 1366 2830 ὄρθρον
1404 2758 1571 2829 οὖσης
1612 2759 1710 2828 τῆς

125 2858 316 2918 νυκτὸς
354 2852 740 2924 ἀπηρξάμεθα,
762 2849 875 2923 εἶχε
905 2855 1005 2922 μὲν
1027 2856 1172 2922 ἡμᾶς
1199 2856 1290 2906 καὶ
1316 2853 1490 2907 ἀλλων
1518 2853 1712 2922 δυσχε-

129 2949 231 3017 ρέἀν
256 2950 478 3015 ἀνάγκη
512 2944 745 3007 πολλῶν,
777 2944 872 2996 τοῦ
901 2942 1082 3014 λιμοῦ,
1114 2944 1210 3013 τῆς
1240 2944 1421 3013 δίψης,
1449 2943 1546 3008 τῆς
1583 2958 1713 2992 συν-

126 3042 306 3109 εχείας
340 3041 369 3092 ὁ
401 3038 773 3109 ύπωπιασμδς
801 3038 915 3109 (καὶ
946 3036 1052 3109 γὰρ
1082 3036 1221 3090 κατὰ
1261 3038 1432 3105 μόνην
1457 3035 1553 3106 τὴν
1582 3034 1711 3087 ναῦν

126 3132 248 3182 ἔνθα
284 3125 433 3199 ἦμεν
490 3131 654 3198 ἡμεῖς
706 3128 1045 3181 ὀκτακοσίων
1097 3125 1459 3195 αἰχμαλώτων
1525 3125 1712 3194 ψυχῶν

128 3223 362 3293 ἀριθμὸς
385 3217 476 3290 ἦν,
514 3220 635 3290 δίχα
659 3220 767 3272 τῶν
806 3222 861 3271 ἐν
895 3219 1031 3288 αὐτῇ
1070 3218 1389 3287 Βαρϐάρων,
1424 3218 1712 3269 διακοσίων

126 3314 215 3364 καὶ
245 3312 432 3364 αὐτῶν
458 3310 676 3380 ὄντων),
730 3310 869 3379 πρὸς
900 3309 1109 3372 τούτοις
1142 3310 1197 3361 δὲ
1233 3312 1323 3362 καὶ
1371 3310 1480 3361 τῶν
1513 3311 1707 3379 κομιδῇ

124 3406 335 3472 νηπίων
383 3406 416 3474 ἡ
457 3402 666 3474 ἐλεεινὴ
702 3402 799 3473 βοὴ
833 3403 1103 3473 μηδαμῶς
1156 3403 1471 3472 δυναμένων
1526 3404 1711 3473 φέρειν

124 3499 228 3551 τῶν
271 3496 571 3568 μοχθηρῶν
622 3497 723 3567 τὴν
762 3496 1035 3561 ἐπίτασιν,
1072 3496 1186 3548 ἀλλ’
1219 3497 1369 3549 οὐδὲν
1400 3497 1431 3568 ἦ
1465 3497 1509 3527 ³⁸
1542 3497 1711 3551 θάνα-

126 3608 213 3643 τον
239 3593 430 3652 αὐτοῖς
454 3588 885 3642 ἐπισπεύδουσαν
916 3589 1114 3659 ἄωρον.
1145 3588 1320 3642 Πλείω
1352 3590 1408 3642 δέ
1433 3589 1650 3642 πάντων
1678 3591 1711 3656 ἡ

127 3685 265 3737 κατά
297 3681 929 3752 τὴνυγαστέραγρεία,
959 3677 1027 3752 ἧς
1056 3684 1155 3734 οὐκ
1180 3678 1246 3751 ἦν
1272 3682 1544 3752 μηδεμίαν
1578 3681 1709 3751 μέθ-

122 3776 235 3828 οδον
265 3777 543 3844 ἐφευρεῖν,
574 3774 672 3841 τῆς
702 3773 937 3843 φυσικῆς
993 3774 1237 3842 ἀνάγκης
1278 3776 1710 3842 κατεπειγούσης

124 3866 254 3936 πρὸς
303 3867 411 3935 τὴν
450 3864 714 3929 διέξοδον·
765 3865 862 3934 τὴν
893 3864 1003 3935 γὰρ
1037 3865 1171 3917 αιδὼ
1232 3864 1327 3939 τοῦ
1385 3856 1710 3935 πράγματος

124 3957 307 4008 πολλοὶ
346 3955 725 4026 προτιμῶντες
761 3957 855 4009 καὶ
879 3959 1166 4026 καρτερεῖν
1192 3958 1290 4027 τὴν
1327 3956 1445 4025 βίαν
1481 3958 1554 4027 μὴ
1584 3958 1708 4009 σθέ-

124 4066 301 4112 νοντες
338 4048 553 4119 συχνῶς
609 4048 988 4102 ἐκινδύνευσαν
1020 4053 1087 4103 “.
1152 4050 1297 4119 Πλὴν
1351 4051 1445 4119 τῆς
1494 4051 1711 4120 ἡμέρας

126 4140 439 4210 ἀρχομένης
475 4139 566 4191 τὸν
590 4137 814 4205 ἀγκῶνα
861 4140 1352 4209 παραπλεύσαντες
1381 4138 1475 4191 τοῦ
1513 4140 1707 4210 ρηθέν-

126 4248 210 4292 to;
244 4230 291 4261 ss
340 4227 628 4291 Ἐχϐόλου,
679 4228 996 4299 ἀνήχθημεν
1028 4232 1152 4301 περὶ
1177 4231 1356 4303 δείλην
1385 4231 1607 4299 βαθεῖαν
1632 4232 1708 4295 εἷς

126 4338 240 4373 τινα
273 4322 446 4373 τόπον
488 4318 687 4373 Βολσὸν
738 4321 1099 4391 καλούμενον,
1143 4322 1271 4375 ἔνθα
1326 4325 1467 4388 τινὲς
1527 4329 1708 4388 ἱππεῖς

127 4414 405 4484 ἐφάνησαν
437 4412 545 4464 ἀπὸ
576 4412 675 4483 τῆς
700 4412 811 4483 γῆς
848 4414 1131 4483 ἐρχόμενοι
1164 4415 1300 4485 πρὸς
1331 4416 1499 4485 ἡμᾶς.
1549 4414 1708 4469 Οὗτοι

126 4500 343 4575 δέἦσαν
378 4503 431 4556 οἱ
469 4504 565 4555 καὶ
598 4503 788 4573 πρώην
836 4506 893 4558 ἐν
937 4508 1005 4576 τῇ
1049 4506 1201 4559 πόλει
1247 4508 1704 4578 παραγενόμενοι,

1820 652 1977 706 tortis
2008 653 2336 720 quihusdam
2371 670 2431 709 ac
2458 654 2647 708 cuneis
2672 664 2921 708 nostrum
2953 657 3198 711 omnium
3231 658 3389 727 pedi-

1819 746 1920 796 luts
1958 745 2245 812 impositis,
2276 748 2355 797 sic
2387 764 2550 799 unum
2584 755 2706 815 post
2756 746 2922 799 alium
2956 749 3102 802 velut
3150 751 3391 806 inanimc

1816 836 2088 900 quoddam
2120 838 2331 905 pondus
2383 838 2599 891 Barbari
2642 840 2874 893 navibus
2908 842 3239 910 conslipaut,
3290 860 3393 898 nec

1818 929 1899 981 \‘el
1955 931 2130 983 lilii-ro
2178 947 2303 983 acre
2348 932 2621 999 respirare
2668 934 3055 997 concedentes,
3092 935 3186 988 sed
3246 936 3393 990 hunc

1816 1038 2035 1089 quoque
2061 1023 2323 1075 continua
2363 1022 2724 1079 sull'oeationc
2755 1026 3062 1080 trudentes.
3112 1026 3201 1081 Sic
3246 1029 3389 1083 enim

1816 1114 1949 1165 alios
1986 1115 2108 1167 aliis
2158 1115 2554 1179 astrinxerunt,
2584 1127 2645 1169 ut
2677 1118 2856 1169 omnis
2894 1119 3192 1172 multitudo
3222 1136 3393 1173 unum

1819 1206 2150 1258 iudiuilsum
2186 1208 2756 1274 corpus-videremur,
2796 1212 2943 1262 nulla
2975 1226 3201 1277 prorsus
3234 1228 3395 1279 sepa-

1818 1300 2030 1349 ratione
2086 1298 2419 1365 disjunctum
2459 1310 2555 1353 aut
2585 1317 2615 1353 a
2664 1301 2923 1353 continua
2978 1300 3075 1353 illa
3122 1304 3397 1369 constipa-

1818 1390 1963 1441 tione
2004 1394 2315 1457 abruptum.
2354 1390 2489 1455 Quia
2542 1406 2673 1445 vero
2710 1391 2842 1445 solis
2867 1392 2978 1461 jam
3030 1407 3230 1445 occasu
3282 1392 3393 1446 diei

1815 1481 1907 1535 lux
1942 1483 1993 1534 iu
2043 1484 2220 1536 noctis
2253 1484 2509 1537 tenebras
2551 1498 2615 1537 ac
2645 1484 2934 1553 caliginem
2979 1485 3111 1543 ibat.
3150 1484 3395 1539 victoria:

1816 1574 1987 1625 melos
2021 1574 2299 1641 quoddam
2327 1589 2452 1627 cum
2483 1574 2748 1643 cymbalis
2772 1586 2936 1642 atquc
2968 1579 3240 1644 tympanis
3264 1578 3391 1645 pui-

1815 1675 2019 1726 santes,
2076 1681 2370 1733 acremque
2420 1667 2694 1735 capitibus
2748 1666 2982 1720 aliusum
3031 1669 3246 1722 cnsium
3283 1670 3393 1723 cir-

1815 1758 2206 1810 cumductibus
2237 1760 2643 1822 collustrautes,
2674 1760 2755 1812 sic
2791 1761 2857 1812 ad
2890 1762 3115 1814 multam
3178 1772 3395 1817 noctem

1818 1850 2099 1903 incondito
2126 1851 2513 1919 horrendoque
2548 1853 2759 1906 ululatu
2796 1854 3062 1921 producto
3104 1864 3268 1923 atque
3296 1872 3394 1909 an-

1818 1942 1961 1995 coris
1994 1943 2227 1995 navibus
2257 1942 2467 1995 avulsis
2495 1958 2524 1995 c
2556 1954 2700 1996 terra
2731 1944 3111 2014 profugerunt.
3136 1946 3397 2002 Audisses

1818 2032 2232 2086 multitudinem
2266 2033 2465 2103 partim
2498 2033 2662 2087 tacite
2716 2036 2893 2088 solum
2921 2038 3154 2105 patriam
3188 2038 3394 2105 gemitu

1818 2125 2127 2193 deplorare,
2160 2127 2355 2194 partim
2391 2135 2638 2181 nostrum
2676 2129 2979 2197 quemlibet
3016 2130 3067 2181 in
3093 2130 3275 2183 cordis
3307 2148 3397 2184 oc-

1819 2217 1968 2269 culto
2010 2219 2170 2270 missa
2214 2217 2282 2270 ad
2324 2218 2493 2271 Deum
2525 2235 2660 2272 voce
2712 2221 3045 2288 supplicare,
3097 2230 3156 2274 ut
3189 2221 3392 2289 quibus

1820 2308 1922 2376 ipsi
1949 2309 2165 2369 liberet,
2184 2308 2342 2362 malis
2365 2309 2660 2363 salubriter
2682 2312 2977 2379 castigatos
3001 2312 3182 2364 denuo
3208 2312 3398 2379 patrias

1820 2400 2096 2463 redderet,
2134 2416 2309 2469 neque
2338 2402 2392 2454 in
2431 2402 2593 2457 linem
2632 2402 2896 2457 deserens
2943 2404 3090 2457 nulla
3123 2419 3218 2473 spe
3260 2404 3399 2459 libe-

1822 2492 2050 2545 rationis
2076 2494 2128 2546 in
2163 2494 2270 2547 illis
2298 2495 2503 2547 versari
2538 2495 2590 2547 in
2621 2504 2947 2565 perpetuum
2980 2496 3207 2551 sineret.

1889 2764 1975 2818 67.
2018 2764 2089 2819 Ut
2144 2766 2253 2834 jam
2312 2772 2494 2818 autem
2544 2763 2788 2816 diluculo
2837 2764 3194 2832 discussaque
3238 2773 3401 2818 nocte

1823 2860 2075 2927 navigare
2133 2858 2435 2925 empimus,
2480 2866 2593 2910 tum
2655 2858 2759 2909 alia
2815 2872 2913 2910 nos
2971 2871 3191 2925 quoque
3239 2858 3399 2926 plura

1821 2951 1959 3002 mala
2020 2951 2408 3014 conﬁciebant,
2463 2950 2643 3009 famis.
2699 2950 2841 3009 sitis,
2900 2950 3015 3016 ipsa
3058 2950 3401 3018 eumpressio

1821 3059 1995 3112 exque
2030 3059 2092 3097 ea
2126 3044 2406 3113 sugillatio
2447 3044 2525 3113 (in
2565 3059 2673 3097 una
2716 3043 2863 3095 enim
2906 3042 2994 3095 illa
3020 3043 3165 3105 navi,
3202 3043 3256 3096 in
3293 3058 3401 3111 qua

1821 3148 1921 3186 nos
1957 3133 2295 3186 vehebamur
2320 3172 2333 3193 ,
2373 3132 2536 3202 579
2590 3132 2653 3184 ad
2698 3133 3008 3202 octingenta
3057 3132 3398 3201 captivorum

1820 3226 1998 3292 capita
2034 3224 2426 3287 censebantur,
2452 3235 2653 3294 przeter
2673 3224 2964 3284 Barbaros.
2998 3225 3090 3292 qui
3123 3226 3227 3293 ipsi
3250 3226 3304 3277 in
3337 3240 3401 3279 ea

1815 3316 2039 3370 ducenti
2086 3320 2290 3387 erant),
2333 3328 2450 3369 tum
2503 3327 2767 3386 praeterea
2807 3316 3209 3370 infantulorum
3234 3333 3398 3371 voces

1815 3418 1980 3476 atque
2043 3407 2334 3470 clamores,
2387 3407 2537 3461 nulla
2584 3406 2797 3461 ratione
2837 3406 2946 3459 vim
2983 3414 3187 3459 tantam
3228 3406 3401 3461 malo-

1818 3516 1939 3554 rum
1972 3499 2115 3554 ferre
2148 3499 2475 3563 valentium,
2526 3514 2589 3552 ac
2619 3498 2823 3568 quibus
2857 3497 3007 3551 aliud
3057 3498 3195 3551 nihil
3232 3515 3397 3569 quam

1817 3608 1966 3646 mors
2028 3594 2323 3646 immatura
2395 3591 2463 3644 iis
2530 3590 2903 3644 celerabatur.
2974 3590 3080 3645 Sed
3150 3590 3397 3646 omnium

1818 3685 2051 3739 maxime
2099 3683 2367 3738 enecabat
2414 3682 2519 3735 alvi
2573 3681 2861 3743 resolutio,
2914 3681 3004 3734 cui
3056 3697 3189 3736 sane
3243 3682 3399 3738 nullo

1817 3778 2064 3834 remedio
2114 3776 2332 3832 occurri
2368 3785 2607 3845 poterat,
2660 3775 2897 3829 naturali
2950 3777 3277 3830 necessitate
3309 3793 3397 3830 re-

1816 3876 2097 3924 crementa
2138 3867 2286 3920 foras
2312 3866 2644 3935 expellente.
2698 3864 2858 3918 Multi
2901 3880 3138 3933 namque
3168 3866 3246 3919 rei
3280 3865 3398 3935 ipsa

1816 3960 2146 4015 necessitate
2180 3959 2442 4028 pudorem
2474 3958 2646 4027 pluris
2676 3956 2962 4019 facientes,
2991 3973 3094 4013 nec
3128 3959 3238 4012 vim
3270 3959 3399 4014 tole-

1816 4065 1938 4104 rare
1968 4050 2234 4112 valentes,
2266 4048 2412 4103 haud
2443 4060 2569 4102 raro
2604 4048 2661 4100 in
2700 4048 2998 4101 discrimen
3046 4047 3397 4103 adduceban-

1816 4151 1922 4195 tur.
1984 4141 2255 4195 Caeterum
2304 4140 2452 4193 clara
2505 4139 2617 4209 jam
2669 4139 2792 4193 luce
2854 4139 3142 4193 memorati
3200 4140 3391 4194 Ecboli

1816 4236 1935 4289 sinu
1965 4232 2443 4304 praeternavigato,
2488 4241 2545 4286 et
2588 4232 2643 4285 in
2685 4246 2871 4286 serum
2905 4245 3195 4300 vesperum
3226 4231 3396 4286 decli-

1816 4337 1979 4381 nante
2025 4327 2136 4394 jam
2170 4324 2545 4394 die,§Bolbum
2581 4339 2743 4392 quem
2776 4330 2973 4376 vocant
3002 4322 3393 4393 pervenimus;

1815 4433 1923 4489 quo
1964 4418 2086 4472 loco
2141 4414 2394 4470 nonnulli
2459 4416 2674 4486 equites
2747 4414 2813 4467 ad
2876 4430 2976 4469 nos
3038 4421 3395 4468 aeceSseruut

1815 4515 1991 4578 (erant
2035 4508 2092 4562 hi
2134 4508 2229 4578 qui
2260 4516 2317 4561 et
2355 4516 2516 4560 antea
2554 4508 2610 4559 in
2647 4506 2842 4559 urbem
2881 4506 3174 4571 venerant)
3214 4512 3396 4561 certas

126 4598 291 4666 ῥητὰς
343 4612 503 4655 τινας
535 4596 799 4663 γυναῖκας
846 4596 1161 4665 ὠνήσασθαι
1220 4598 1483 4663 θέλοντες,
1530 4599 1595 4663 ἀς
1642 4600 1705 4652 τὸ

1816 4601 2073 4670 quasdam
2108 4608 2386 4652 matronas
2416 4596 2753 4666 redempturi
2780 4613 2794 4661 ;
2831 4611 2967 4664 quas
2987 4594 3211 4649 Barbari
3240 4603 3394 4649 actu-

124 4674 284 4757 τάχος
310 4690 363 4741 οἱ
388 4687 671 4759 Βάρϐαροι
696 4688 804 4741 τῶν
850 4689 995 4757 νηῶν
1025 4688 1399 4757 ἐξενεγκόντες
1429 4693 1709 4756 ἀπέδοντο,

127 4781 256 4832 πολὺ
291 4781 526 4853 χρυσίον
564 4781 707 4851 ὑπὲρ
738 4782 788 4813 ’⁸
813 4781 994 4836 αὐτῶν
1041 4785 1423 4854 κομισάμενοι.
1473 4785 1712 4838 Ἐκεῖθεν

126 4870 178 4924 δὲ
216 4872 389 4926 πάλιν
440 4872 772 4942 ἀναχθέντες
824 4875 1149 4944 κατήραμεν
1190 4876 1317 4944 περὶ
1356 4876 1424 4927 τὰ
1454 4877 1581 4945 τέλη
1612 4878 1713 4945 τῆς

127 4962 286 5030 νήσου
347 4963 455 5031 τῆς
509 4962 855 5033 καλουμένης
912 4964 1232 5035 Balli)qu
1273 4967 1367 5019 καί
1400 4983 1451 5017 τι
1515 4968 1711 5036 μικρὸν

128 5052 300 5105 ἐκεῖσε
356 5051 870 5123 καθησυχάσαντες,
927 5056 1020 5108 τοῦ
1054 5056 1366 5126 πνεύματος
1401 5059 1709 5127 ἐπιτηδείου

129 5143 473 5214 ὑπάρχοντος
500 5146 593 5197 καὶ
625 5141 784 5208 αὖθις
812 5146 946 5216 πρὸς
982 5148 1225 5216 ἑσπέραν
1255 5149 1613 5218 ἐσπάσθησαν
1645 5149 1713 5202 τὰ

130 5235 289 5301 ἱστία,
326 5237 366 5290 ἃ
395 5237 495 5288 καὶ
522 5236 934 5309 διαπρησθὲντα
969 5243 1035 5310 τῇ
1066 5241 1401 5312 σφοδροτάτῃ
1440 5243 1591 5314 ῥύμῃ
1617 5241 1711 5294 τοῦ

130 5328 441 5400 πνεύματος
472 5326 607 5399 ἦγον
651 5332 799 5400 ἡμᾶς
832 5332 1170 5401 φερομένους
1212 5333 1297 5404 [Ρ.
1323 5332 1453 5405 372]
1493 5334 1708 5403 βιαίως,

129 5418 225 5479 ἐως
260 5420 363 5487 τῆς
388 5420 593 5488 ἐφεξῆς
624 5421 668 5451 ’⁸
696 5421 817 5473 κατ’
851 5422 1026 5493 ἀρχὰς
1056 5422 1265 5492 ἡμέρας
1297 5422 1599 5494 εὑρέθημεν
1629 5425 1709 5485 εἷς

131 5526 247 5561 τινα
272 5512 446 5564 τόπον
479 5512 525 5543 ’⁸
555 5512 892 5583 Διαδρόμους
940 5515 1089 5585 παρὰ
1118 5516 1225 5567 τῶν
1270 5514 1708 5583 ναυτιλλομένων

132 5602 559 5673 ὀνομαζόμενον,
581 5602 674 5656 δύο
708 5604 806 5673 μὲν
836 5606 1028 5675 ἔχοντα
1052 5607 1248 5677 νήσους
1277 5606 1623 5676 ἀμφιμήκεις
1650 5606 1705 5669 ἐξ

1815 4703 1930 4746 tum
1986 4690 2224 4744 navibus
2273 4690 2525 4753 eductas,
2583 4687 2790 4758 ingenti
2822 4686 2943 4739 auri
2976 4685 3027 4739 vi
3068 4700 3168 4754 pro
3189 4685 3273 4740 eis
3296 4700 3390 4739 ac-

1811 4794 1990 4853 cepta,
2022 4782 2369 4836 dediderunt.
2426 4778 2559 4834 Inde
2590 4794 2722 4832 vero
2755 4792 2949 4858 rursus
2994 4776 3181 4832 educti
3216 4775 3393 4830 Palle-

1813 4893 1910 4931 nes
1941 4875 2132 4928 insula:
2161 4873 2422 4927 extremis
2464 4872 2761 4936 haesimus;
2794 4867 3037 4939 dumque
3080 4868 3157 4923 ibi
3200 4869 3396 4939 paulu-

1812 4964 1926 5019 lum
1955 4963 2331 5025 iinmoramur,
2368 4958 2615 5015 secundo
2645 4968 2810 5011 vento
2837 4955 3001 5011 ﬂante
3034 4956 3101 5011 ad
3130 4956 3390 5011 occiden-

1816 5066 1922 5111 tem
1973 5069 2168 5107 rursus
2224 5053 2343 5107 vela
2400 5052 2636 5120 impulsa
2688 5056 2845 5114 sunt;
2897 5064 3019 5117 qua!
3054 5047 3392 5101 validissimo

1812 5149 1963 5204 venti
2026 5147 2234 5215 impetu
2308 5143 2493 5197 inﬂata
2560 5142 2830 5197 violenter
2889 5154 2991 5193 nos
3043 5138 3390 5199 deferebant,

1813 5242 1989 5296 denec
2012 5238 2299 5308 sequentis
2321 5236 2430 5290 diei
2470 5235 2631 5290 initio
2668 5236 2849 5289 locum
2878 5249 2905 5285 a
2944 5232 3127 5285 nautis
3165 5230 3393 5284 Diadro-

1814 5349 1940 5387 mus
1969 5341 2344 5400 nuncupatum
2384 5326 2683 5397 attigimus.
2722 5326 2772 5378 Is
2802 5323 2969 5377 habet
2990 5322 3130 5377 duas
3163 5321 3389 5379 insulas.

1816 5422 2256 5492 utrinquelongo
2282 5419 2454 5472 limite
2482 5429 2757 5479 extensos,
2788 5414 2952 5484 580
2974 5412 3077 5467 sibi
3112 5412 3388 5471 adversas;

1818 5517 1961 5568 inter
1984 5527 2120 5581 quas
2150 5510 2317 5564 veluti
2346 5508 2547 5562 ﬂuvius
2576 5520 2726 5559 mare
2765 5503 3144 5571 pra-temnens
3184 5501 3393 5554 insulas

1817 5607 1985 5661 unius
2004 5604 2268 5659 duntaxat
2287 5600 2447 5655 stadii
2481 5598 2655 5668 spatio
2685 5597 2902 5651 dividit.
2935 5596 3039 5652 Ubi
3072 5596 3180 5649 huc
3203 5593 3387 5647 venis-

1463 5719 1699 5775 ἾΑΙΚΙεἘ
1742 5718 2146 5775 LECTIONES.

199 5811 239 5841 "
277 5809 336 5861 es
374 5823 471 5863 om
499 5812 565 5862 Δ.
642 5809 686 5840 ⁸⁸
717 5810 960 5879 κεφαλῆς
989 5814 1051 5864 Α.
1131 5813 1171 5842 ⁸⁸
1208 5830 1309 5866 που
1340 5830 1451 5868 om.
1478 5812 1540 5867 P.

135 5879 177 5909 "
208 5881 587 5951 προρηθέντος
615 5880 680 5935 Α.
758 5884 803 5911 ’⁸
837 5882 999 5953 ὑπὲρ]
1024 5884 1113 5935 ὑπ’
1140 5883 1198 5939 Ρ.

498 5980 768 6041 Parnm.
813 5981 929 6040 Gn.
977 5980 1125 6043 CIX.

1619 5814 1663 5844 ιο
1695 5813 1809 5866 ἀλλ’
1834 5814 1986 5866 ούδέν
2008 5810 2064 5880 at
2100 5810 2236 5863 ἀλλά
2262 5813 2324 5861 Α.

1278 5887 1321 5918 ’⁵
1348 5887 1452 5949 ἓως
1474 5884 1673 5955 ἐφεξῆς
1702 5885 1801 5954 τῆς
1827 5884 1933 5937 AP.

2404 5811 2445 5839 "
2477 5813 2572 5879 τὴν
2600 5824 2713 5863 om.
2747 5807 2805 5861 P.
2884 5808 2927 5837 "
2961 5806 3300 5858 ἐκινδύνευον
3322 5801 3388 5854 Α.

2012 5886 2055 5914 ¹⁶
2078 5901 2229 5946 τινας
2265 5882 2443 5933 τόπων
2474 5881 2535 5931 Α.

2960 5974 3031 6032 20
