4174 6442
749 401 852 468 619

1977 397 2315 459 JOANNES
2355 398 2792 457 CAMEXIATA

3916 394 4018 455 6‘20

749 529 957 578 scmus,
987 510 1381 566 infortunatam
1405 509 1460 562 in
1484 521 1678 562 navem
1713 505 2032 570 incidimus,
2056 506 2333 560 frumento

2450 505 2687 565 ἑναντὶας
2736 501 2982 572 ἀλλήλων
3005 540 3017 562 ,
3049 500 3213 571 μέσον
3261 499 3314 552 δὲ
3345 497 3549 552 τούτων
3583 501 3828 570 ποταμοῦ
3866 503 4019 570 δίκην

749 617 1025 668 onustam,
1069 603 1256 671 sicque
1311 611 1537 669 repente
1575 609 1634 652 ut
1675 614 1741 651 ex
1781 600 2074 653 subitaneo
2097 608 2321 660 eventu,

751 698 846 766 qui
872 697 924 749 in
955 710 1018 748 ea
1048 692 1413 754 vehebantur,
1445 698 1622 742 nauta:
1643 689 1775 741 nihil
1807 689 1986 742 moliri
2023 688 2323 758 potuerint,

749 803 862 857 quo
895 802 1007 840 sua:
1045 784 1357 838 consultum
1406 780 1568 835 saluti
1602 788 1769 833 esset.
1828 779 2148 848 Quanquam
2178 778 2325 831 enim

755 874 1082 928 videbantur
1101 870 1167 925 ad
1187 870 1420 924 insulam
1445 869 1787 937 adjacentem
1820 882 2012 920 navem
2029 866 2326 920 detrusisse

752 974 815 1012 ac
861 957 1042 1026 fugam
1078 952 1460 1024 capessivisse,
1499 951 1635 1004 nihil
1673 951 1798 1003 inde
1837 960 2014 1003 tamen
2053 949 2326 1004 commodi

753 1049 1039 1113 retulere;
1098 1061 1260 1115 quam
1309 1045 1567 1098 ocissime
1623 1043 1770 1096 enim
1831 1045 2040 1112 egressi
2101 1043 2324 1097 Barbari

753 1136 1185 1205 comprehensos
1208 1147 1422 1195 omnes,
1474 1145 1586 1184 uno
1617 1129 1883 1183 duntaxat
1905 1139 2155 1198 excepto,
2201 1147 2330 1184 con-

754 1228 1054 1283 trucidant.
1115 1225 1254 1279 Hinc
1297 1224 1482 1277 denuo
1545 1223 1867 1290 navigantes
1929 1222 2067 1275 duos
2110 1222 2227 1275 dies
2268 1238 2331 1276 ac

755 1329 944 1374 noctes
993 1319 1216 1373 Eubmze
1261 1332 1469 1386 magna:
1515 1315 1709 1368 insula:
1766 1330 1915 1368 oram
1980 1316 2327 1384 legebamus;

654 1435 660 1440 η
754 1401 1056 1481 versusque
1090 1424 1239 1463 mare
1276 1405 1447 1478 magis
1479 1409 1698 1462 boreale
1730 1407 1957 1462 directis
1995 1409 2132 1462 velis
2164 1424 2331 1478 prope

757 1503 1025 1566 Andrum,
1066 1517 1173 1555 non
1205 1501 1324 1554 sine
1362 1501 1584 1554 immani
1631 1509 1922 1554 ventorum
1979 1501 2160 1564 sibilo,
2211 1517 2334 1570 per-

756 1595 1031 1648 venimus.
1082 1593 1271 1661 Neque
1325 1593 1471 1645 enim
1531 1601 1678 1644 recta
1721 1591 2114 1660 navigabamus
2153 1607 2332 1659 neque

757 1695 906 1740 certa
939 1686 1004 1738 ad
1049 1685 1189 1746 loca,
1248 1683 1343 1738 sed
1383 1684 1484 1736 hac
1527 1692 1690 1751 atque
1720 1683 1875 1746 illac;
1924 1699 2023 1752 pro
2053 1699 2120 1737 eo
2147 1699 2209 1738 ac
2241 1701 2334 1736 na-

757 1780 976 1832 varchis
1025 1777 1355 1838 videbatur.
1414 1775 1563 1829 aliud
1624 1775 1733 1828 alio
1781 1775 2171 1844 obversimque
2231 1777 2336 1830 iter

757 1871 1127 1926 tnutabamus.
1163 1869 1456 1922 Timebant
1489 1867 1634 1921 enim
1676 1882 1744 1921 ne
1786 1882 1896 1934 quo
1932 1867 2052 1920 loco
2094 1868 2336 1921 Romana

759 1963 951 2016 classis
1012 1960 1384 2024 consisteret,
1445 1958 1851 2026 adversumque
1899 1958 2149 2012 incautos
2197 1959 2336 2013 sini-

757 2064 933 2108 strum
963 2053 1169 2122 aliquid
1200 2051 1384 2106 molita
1409 2050 1667 2103 damnum
1697 2049 1944 2102 inferret.
2009 2050 2336 2118 Propterea-

757 2162 864 2215 que
895 2146 962 2199 ad
994 2147 1128 2199 alias
1159 2154 1322 2212 atque
1353 2143 1487 2196 alias
1517 2141 1724 2195 insulas
1758 2141 1988 2209 perinde
2039 2150 2203 2210 atque
2250 2158 2338 2196 er-

758 2254 923 2292 rones
953 2235 1507 2292 circumferebamur.

2434 594 2529 664 τὴν
2559 593 2835 647 Θάλασσαν
2881 592 3263 663 παραθέουσαν
3295 593 3388 646 καὶ
3425 591 3524 655 τὰς
3559 593 3756 660 νήσους
3789 593 3864 652 ὡς
3915 595 4022 644 ἀπο

2437 686 2651 737 σταδξου
2684 686 2779 739 καὶ
2805 687 2964 754 μόνον
2990 685 3046 750 ἐξ
3079 685 3326 754 ἀλλήλων
3357 684 3720 752 διείργουσαν.
3754 683 3927 736 Ἔνθα
3956 686 4020 751 ἰὴ

2437 776 2526 827 καὶ
2578 774 2860 843 γενόμενοι
2905 776 3030 842 νηός
3073 792 3218 836 τινος
3268 773 3568 843 δυστυχοῦς
3620 773 3765 825 σίτου
3813 791 4021 842 πεφορ-

2435 867 2696 936 τισμένης
2745 866 3165 935 περιετύχομεν,
3208 866 3300 917 καὶ
3327 864 3498 925 οὔτως
3524 864 3719 933 ἀθρόον
3750 865 3825 925 ὡς
3884 865 4021 934 μηδὲ

2434 959 2724 1028 δυνηθῆναι
2760 958 2837 1028 τῷ
2867 959 3116 1028 αἰφνιδίῳ
3145 958 3239 1026 τῆς
3291 958 3612 1026 συμϐάσεως
3638 957 3762 1019 τοὺς
3785 959 3841 1008 ἐν
3873 958 4009 1026 αύτῇ

2439 1051 2710 1119 σωτηρίας
2755 1051 3013 1120 ἐχόμενόν
3067 1069 3119 1102 τι
3167 1049 3546 1119 προσεξευρεῖν
3577 1051 3642 1105 ’⁷.
3691 1051 3750 1101 Et
3781 1051 3891 1118 γάρ
3921 1053 4016 1101 καὶ

2438 1143 2620 1208 ἔδοξαν
2652 1143 2786 1212 πρὸς
2829 1143 2926 1212 τὴν
2966 1144 3381 1212 παρακειμένην
3440 1145 3602 1211 νῆσον
3641 1141 3738 1211 τὴν
3767 1143 3898 1194 ναῦν
3930 1136 4030 1194 £75-

2438 1233 2650 1286 οκεῖλαι
2682 1235 2775 1285 καὶ
2810 1234 2946 1302 πρὸς
2982 1233 3160 1303 φυγὴν
3220 1233 3579 1302 ἐκτραπῆναι,
3615 1233 3730 1283 ἀλλ’
3769 1232 3923 1285 οὐδὲν
3965 1236 4028 1283 ἑκ

2439 1325 2630 1378 τούτου
2664 1328 2985 1380 ἀπώναντο·
3020 1326 3212 1379 θᾶττον
3248 1325 3356 1395 γὰρ
3404 1327 3599 1387 αὑτοὺς
3630 1325 3942 1391 ἐξελθόντες
3980 1327 4028 1376 οἱ

2441 1416 2714 1487 Βάρὸαροι
2748 1417 3120 1480 συνελέξαντο,
3153 1417 3245 1469 καὶ
3265 1419 3434 1486 χωρὶς
3466 1417 3583 1478 ἑνὸς
3614 1417 3776 1486 μόνου
3818 1417 4029 1478 πάντας

2441 1509 2579 1577 πρὸς
2615 1508 2843 1563 θάνατον
2900 1510 3272 1579 ὑπηγάγοντο.
3317 1509 3559 1562 Ἐκεῖθεν
3598 1509 3654 1561 δὲ
3696 1510 3858 1562 πάλιν
3917 1511 4029 1562 ἀπο

2442 1600 2674 1667 ἄραντες
2732 1602 2821 1653 ἐπὶ
2858 1601 2976 1653 δυσὶ
3003 1602 3368 1671 νυχθημέροις
3418 1601 3518 1670 τὴν
3571 1601 3814 1670 μεγάλην
3863 1600 4031 1668 νῆσον

2444 1693 2829 1762 παρεπλέομεν
2857 1695 2953 1764 τῆς
2981 1695 3230 1756 Εύῦοέας,
3265 1693 3357 1745 καὶ
3388 1693 3528 1745 κατὰ
3560 1691 3652 1745 τοῦ
3687 1693 4031 1762 βορειοτέρου

2444 1783 2646 1853 ταύτης
2687 1786 2961 1852 πελάγους
2991 1785 3268 1847 ἰθύναντες
3287 1785 3353 1836 τὰ
3383 1784 3546 1848 ἱστία,
3579 1784 3644 1837 τά
3691 1783 3842 1852 παρὰ
3863 1784 4032 1844 πόδας

2371 1902 2414 1955 η
2442 1874 2543 1941 τῆς
2571 1874 2795 1944 ’Λνδρτυ
2837 1875 2882 1906 ’³
2908 1876 3046 1945 μετά
3094 1892 3235 1938 τινος
3295 1875 3656 1945 σφοδροτάτου
3694 1874 4034 1944 ῥοιζήματος

2446 1967 2836 2038 κατελάϐομεν.
2889 1969 2962 2022 Οὐ
3019 1971 3126 2039 γὰρ
3157 1967 3489 2037 ἐποιούμεθα
3536 1970 3656 2020 κατ’
3685 1966 3903 2017 εὐθεῖαν
3941 1965 4035 2016 τὸν

2447 2058 2636 2122 πλοῦν,
2667 2059 2784 2112 οὐδὲ
2823 2060 2961 2113 κατά
2986 2079 3129 2124 τινος
3153 2061 3455 2130 ὡρισμένου
3491 2060 3679 2120 τόπου,
3715 2058 3832 2110 ἀλλ’
3872 2057 3948 2120 ὼς
3972 2057 4037 2108 ἂν

2447 2150 2591 2216 εδοξε
2627 2155 2736 2215 τοῖς
2769 2152 2876 2205 τῶν
2905 2154 3048 2222 νηῶν
3073 2155 3357 2223 ἀρχηγοῖς,
3389 2154 3516 2222 τῇδε
3542 2153 3762 2204 κάκεῖσε
3795 2151 3894 2212 τὰς
3930 2167 4035 2217 με·

2447 2243 2706 2307 ταϐάσεις
2733 2246 2829 2297 καὶ
2861 2245 3223 2314 ἀντιστροφάς
3254 2244 3607 2314 ἐποιούμεθα.
3639 2245 3746 2296 Καὶ
3781 2242 3890 2311 γὰρ
3923 2241 4040 2293 ἐδε-

757 2331 943 2384 δίεσαν
970 2331 1014 2361 ²⁹
1043 2329 1251 2399 μήπου
1280 2326 1431 2395 τύχοι
1469 2325 1660 2396 παρὼν
1690 2328 1715 2378 ὁ
1745 2325 1854 2377 τῶν
1896 2328 2183 2396 Ῥωμαίων
2249 2331 2453 2396 στόλος,
2510 2338 2604 2390 καὶ
2641 2338 2792 2391 λάθοι
2833 2337 2952 2391 κατ’
3019 2337 3199 2391 αὐτῶν
3266 2339 3509 2391 ἐπίνοιάν
3562 2355 3681 2390 τινα
3748 2338 4039 2407 μοχθηρὰν

760 2426 1153 2492 ἐργασάμενος.
1180 2419 1276 2472 Διά
1297 2419 1456 2472 τοῦτο
1496 2419 1681 2472 ἄλλοτε
1713 2418 1876 2480 ἄλλας
1902 2419 2099 2488 νήσους
2129 2420 2377 2494 καθάπερ
2417 2427 2558 2492 τινὲς
2592 2428 2860 2498 πλανῆται
2887 2429 3323 2500 περιηρχόμεθα.

833 2521 920 2574 :38.
988 2520 1126 2572 Dum
1163 2517 1268 2569 hoc
1299 2524 1460 2585 pacto
1483 2530 1763 2585 vagamur,
1800 2516 1853 2569 in
1906 2516 2156 2570 Patmum
2185 2517 2342 2572 insu-

761 2617 869 2670 lam
893 2610 1256 2673 deﬂeximus;
1289 2608 1344 2660 in
1376 2622 1482 2675 qua
1518 2623 1612 2660 sex
1637 2607 1758 2662 dies
1789 2608 2058 2661 malorum
2092 2611 2339 2663 omnium

761 2701 1160 2774 experimentis
1183 2698 1423 2752 divexati
1464 2698 1785 2752 mansimus.
1828 2698 1966 2754 Cum
1994 2699 2152 2770 581
2192 2701 2340 2755 enim

761 2797 916 2852 locus
946 2801 1093 2849 esset
1118 2790 1439 2860 inaquosus,
1476 2789 1597 2845 sitis
1630 2791 1879 2859 captivos
1903 2793 2174 2846 vastabat.
2219 2793 2340 2847 Non

761 2888 912 2943 enim
951 2895 1162 2939 tantum
1192 2899 1348 2953 aqua:
1377 2881 1538 2936 nobis
1564 2882 1914 2951 praebebatur
1943 2894 2210 2953 quantum
2254 2894 2342 2939 sat

764 2987 911 3034 esset
955 2976 1022 3030 ad
1069 2976 1238 3029 vitam
1293 2974 1749 3036 sustentandam,
1801 2975 1897 3031 sed
1956 2987 2223 3045 quantum
2276 2977 2343 3031 ad

764 3079 1021 3132 mortem,
1075 3068 1247 3138 ipsam
1301 3068 1411 3137 jam
1450 3067 1823 3138 ingruentem,
1862 3070 2132 3138 tantisper
2159 3086 2344 3124 remo-

766 3159 1034 3224 randam;
1085 3173 1248 3228 quam
1306 3157 1524 3220 bibens,
1583 3157 1692 3211 nisi
1751 3157 1806 3211 in
1867 3158 1982 3227 ipsa
2036 3161 2347 3229 gustatione

768 3250 1103 3320 compressis
1147 3249 1396 3312 naribus,
1429 3263 1499 3301 ne
1541 3263 1570 3301 a
1610 3247 1885 3317 principio
1921 3250 2345 3318 graveolentiam

2526 2526 2626 2596 ξη’.
2676 2526 2831 2579 Οὕτω
2881 2527 2935 2579 δὲ
2986 2528 3277 2596 φερόμενοι
3325 2529 3740 2596 κατηντήσαμεν
3789 2527 3869 2589 εἷς
3911 2545 4040 2581 τινα

2448 2619 2610 2688 νῆσον
2661 2621 2886 2688 Πάτμον
2914 2619 3286 2688 καλουμένην·
3341 2617 3468 2670 ἔνθα
3515 2617 3701 2688 δήκαὶ
3734 2623 4042 2688 προσεμεί-

2441 2727 2612 2778 ναμεν
2647 2710 2706 2776 ἐξ
2747 2711 2989 2780 ἡμέρας,
3038 2709 3240 2771 παντὸς
3278 2706 3516 2778 χαλεποῦ
3561 2710 3756 2779 πεῖραν
3798 2712 3856 2761 έν
3894 2711 4038 2780 αὐτῇ

2442 2797 2938 2867 καθυπομένοντες.
2971 2799 3227 2870 Ἀνύδρου
3248 2799 3357 2870 γὰρ
3386 2799 3539 2862 ὄντος
3559 2798 3653 2851 τοῦ
3680 2800 3849 2852 τόπου
3879 2802 4033 2872 ὲληι-

2451 2889 2574 2952 ζετο
2605 2891 2731 2954 τοὺς
2781 2891 3220 2962 αἰχμαλώτουςή
3253 2892 3401 2960 δίψα.
3432 2893 3506 2944 Οὐ
3540 2893 3646 2963 γὰρ
3675 2893 3878 2947 ἐδίδοτο
3905 2897 4042 2963 ἡμῖν

2454 2979 2598 3050 ὕδωρ
2642 2981 2766 3033 ὅσον
2799 2981 2936 3050 πρὸς
2969 2980 3231 3034 σύστασιν
3277 2981 3378 3048 τῆς
3432 2980 3578 3051 ζωῆς
3611 2982 3870 3052 ἐπήρκει,
3919 2986 4042 3036 ἀλλ’

2451 3070 2572 3122 ὅσον
2598 3070 2958 3139 ὲμσραδύνειν
3006 3072 3180 3124 ἐποίει
3224 3072 3428 3142 καίπερ
3460 3073 3704 3143 παρόντα
3739 3076 3831 3126 τὸν
3864 3075 4040 3127 θάνα-

2452 3177 2542 3212 τον
2565 3177 2578 3190 ·
2607 3156 2778 3232 οὗπερ
2813 3163 2839 3214 ό
2869 3162 3130 3232 μετέχων,
3165 3165 3212 3216 εἰ
3246 3163 3323 3234 μὴ
3350 3165 3446 3234 τὴν
3478 3165 3745 3236 ὄσφρησιν
3771 3169 3916 3220 κατά
3943 3169 4044 3239 τὴν

2453 3255 2643 3318 γεῦσιν
2677 3255 2895 3322 ἐπεῖχεν
2922 3256 2996 3318 ὡς
3037 3255 3112 3327 μὴ
3167 3255 3286 3309 κατ’
3339 3257 3513 3327 ἀρχὰς
3542 3257 3642 3325 τῆς
3692 3259 3864 3312 αὑτοῦ
3917 3262 4047 3312 δυσ-

767 3343 1215 3414 persentisceret,
1239 3341 1387 3394 nullo
1406 3339 1567 3393 modo
1587 3340 1812 3395 haurire
1832 3350 2065 3410 poterat,
2088 3358 2209 3395 cum
2230 3352 2344 3396 ante

2459 3345 2620 3408 ωδίας
2648 3347 3098 3419 ὲπαισθανθῆναι,
3127 3348 3234 3401 οὐδ’
3270 3349 3403 3411 ὅλως
3439 3349 3629 3401 τούτου
3659 3356 4046 3422 παρεχωρεῖτο

768 3436 934 3489 etiam
966 3433 1247 3504 potionem
1278 3446 1420 3483 unus
1459 3430 1574 3499 ipse
1609 3440 1863 3500 aspectus
1902 3442 2152 3484 naturam
2177 3431 2351 3487 oﬂ‘en-

770 3529 927 3584 deret
959 3542 1021 3582 ac
1049 3525 1336 3581 molestius
1363 3524 1609 3578 haberet.
1643 3523 1812 3578 l'orro
1839 3525 1996 3579 cibus
2024 3525 2179 3594 panis
2208 3526 2350 3579 dun-

773 3631 918 3676 taxat
952 3629 1200 3675 crustum
1256 3626 1397 3682 erat,
1451 3618 1617 3687 idque
1660 3618 1969 3687 putridum,
2002 3619 2168 3670 vitam
2197 3633 2352 3672 ever-

771 3723 894 3770 tens
921 3728 982 3767 ac
1004 3711 1428 3766 internecinum.
1461 3709 1590 3777 Qua:
1621 3711 1768 3764 enim
1801 3710 1986 3765 hostes
2018 3711 2071 3764 in
2100 3712 2352 3780 proprios

773 3821 906 3858 usus
944 3805 1108 3858 domo
1136 3809 1511 3872 exportarant,
1556 3816 1683 3854 cum
1732 3801 1800 3855 iis
1845 3802 2123 3871 superﬂua
2166 3811 2353 3856 essent

772 3898 1110 3966 omninoque
1172 3896 1322 3949 carie
1373 3895 1606 3960 vitiata,
1660 3903 1721 3948 ut
1751 3908 1853 3948 nec
1904 3895 2011 3947 ulla
2063 3894 2350 3948 brutarum

772 3989 1137 4044 animantium
1194 3987 1387 4042 saltem
1445 3986 1634 4040 oculos
1669 3995 1854 4055 posset
1884 3986 2192 4047 advertere,
2238 3987 2354 4040 lucc

774 4079 936 4134 nobis
987 4079 1042 4131 in
1097 4077 1282 4132 cibum
1339 4075 1788 4145 apponebantur,
1835 4085 2039 4145 quanta
2099 4092 2200 4130 nec
2243 4075 2352 4129 dici

774 4170 969 4241 possit,
1029 4165 1415 4238 graveolentite
1471 4182 1539 4221 ac
1589 4167 1935 4221 insuavitatis
1991 4168 2174 4236 plena,
2236 4169 2352 4236 ipsa

772 4265 1057 4321 vermibus
1089 4264 1355 4319 scatentia
1390 4263 1676 4333 multoque
1707 4278 1932 4318 mucore
1967 4279 2264 4333 conspersa
2299 4272 2354 4316 et

775 4359 843 4414 ad
880 4373 1082 4428 corpus
1126 4355 1511 4410 sustinendum
1556 4355 1740 4410 nullas
1769 4357 1932 4425 plane
1961 4356 2107 4410 vires
2143 4355 2352 4408 haben-

775 4449 877 4504 tia.
939 4447 1072 4504 lnde
1137 4448 1288 4502 enim
1352 4448 1670 4518 conjectura
1719 4455 1839 4501 erat
1900 4446 2171 4500 inﬁnitam
2240 4446 2354 4500 fere

775 4541 1188 4597 multitudinem
1240 4539 1490 4609 quotidie
1549 4540 1604 4593 in
1657 4549 1887 4594 mortem
1935 4540 2056 4608 cogi
2089 4555 2187 4608 per
2233 4539 2356 4594 sitis

776 4635 1049 4705 faunisque
1076 4634 1356 4704 iujuriam,
1393 4632 1864 4700 morientiumque
1897 4646 2126 4700 corpora
2160 4646 2190 4684 e
2230 4630 2354 4684 navi

2463 3439 2812 3507 μεταλαϐεῖν,
2864 3444 2962 3511 τῆς
3009 3441 3220 3509 φύσεως
3273 3441 3584 3511 ἀνιωμένης
3643 3443 3736 3495 καὶ
3779 3445 3827 3494 εἰ
3878 3445 4046 3513 μόνον

2458 3529 2672 3582 ἀπιδεῖν
2730 3531 3003 3601 ἠϐουλήθη
3058 3531 3240 3595 τοῦτο,
3279 3531 3374 3583 καὶ
3410 3533 3516 3602 πρὸ
3563 3531 3661 3602 τῆς
3707 3533 3907 3603 πείρας
3944 3538 4047 3604 τῆς

2459 3621 2835 3683 καταπόσεως.
2885 3622 2948 3672 Ἢ
2997 3623 3172 3692 τροφὴ
3206 3622 3260 3673 δὲ
3296 3623 3452 3691 ἡμῶν
3498 3622 3664 3692 ἄρτου
3713 3623 3924 3694 τρύφος
3978 3621 4046 3695 ἦν

2463 3711 2643 3780 μόνον,
2701 3711 2790 3763 καὶ
2834 3710 2990 3764 τοῦτο
3019 3710 3324 3780 διεφθορὸς,
3383 3712 3684 3764 κατάλυσιν
3732 3716 4048 3783 ἐργαζόμε-

2460 3822 2570 3858 νον.
2615 3806 2680 3856 Ἀ
2735 3805 2841 3875 γὰρ
2892 3807 3084 3875 ἔτυχον
3138 3804 3396 3867 λαϐόντες
3444 3804 3657 3857 οἴκοθεν
3687 3806 3794 3873 πρὸ
3825 3806 4045 3858 πολλῶν

2461 3897 2681 3965 ἡμερῶν
2709 3897 2844 3963 πρὸς
2875 3896 3065 3967 χρείαν
3097 3896 3308 3949 ἑαυτῶν
3349 3897 3399 3949 οἱ
3432 3897 3702 3966 πολέμιοι,
3729 3896 3908 3950 ταῦτα
3943 3916 4046 3950 πε-

2465 3989 2823 4058 ριττεύσαντα
2857 3990 2950 4040 καὶ
2985 3987 3119 4058 πρὸς
3148 3987 3362 4040 τελείαν
3394 3989 3662 4059 σηπεδόνα
3689 3991 4047 4058 χωρήσαντα.

2461 4082 2555 4134 καὶ
2582 4077 2662 4145 οἷς
2701 4082 2800 4136 οὐκ
2835 4082 2900 4135 ἄν
2927 4100 2980 4135 τι
3027 4083 3134 4134 τῶν
3165 4081 3375 4150 ἀλόγων
3407 4064 3635 4154 ἐδυνήθη
3666 4083 3773 4136 κᾶν
3806 4085 4048 4147 ἀπιδεῖν,

2463 4175 2541 4236 εἰς
2580 4175 2882 4244 μετάληψιν
2915 4177 3046 4245 ἡμῖν
3073 4174 3497 4244 προσεφέροντο,
3529 4175 3740 4244 ἀφάτου
3771 4176 3873 4244 μὲν
3907 4177 4048 4228 δυσ-

2462 4266 2623 4329 ωδίας
2662 4268 2754 4319 καὶ
2785 4266 2975 4334 ἀηδίας
3030 4267 3235 4337 πλήρη,
3274 4267 3477 4337 μεστὴν
3507 4266 3563 4320 δὲ
3601 4267 3907 4337 σκωλήκων
3949 4271 4052 4322 καὶ

2465 4360 2634 4429 πολλῇ
2669 4359 2875 4430 σαπρὶιτ⁴
2901 4359 3394 4429 συμπεφυρμένην,
3427 4361 3562 4430 πρός
3589 4376 3646 4412 τε
3679 4363 3778 4430 τὴν
3803 4360 3919 4425 ἕξιν
3954 4361 4049 4414 τοῦ

2466 4449 2713 4519 σώματος
2738 4452 2781 4482 ³⁸
2832 4452 3112 4516 παντελῶς
3157 4454 3544 4524 ἀνενέργητον.
3582 4454 3690 4505 Καὶ
3721 4454 3831 4522 γὰρ
3861 4449 3931 4524 ἦν
3974 4457 4056 4505 ει-

2465 4545 2630 4596 κάσαι
2685 4542 2884 4612 πλῆθος
2913 4544 3141 4615 ἄπειρον
3189 4546 3252 4597 ὲκ
3297 4545 3504 4597 τούτων
3544 4545 3628 4611 ἐφ’
3677 4543 3917 4614 ἑκάστης
3952 4545 4053 4614 τῆς

2466 4636 2676 4706 ἡμέρας
2711 4635 2788 4705 τῷ
2828 4636 3044 4706 θανάτῳ
3075 4637 3558 4708 συνελαυνόμενον,
3610 4635 3894 4707 πάρεργον
3950 4639 4057 4707 τῆς

780 4729 835 4782 in
867 4744 1015 4783 mare
1040 4727 1260 4797 jactari,
1288 4733 1454 4795 atque
1489 4725 1544 4778 in
1576 4725 1809 4780 multum
1833 4734 2050 4794 tempus
2084 4727 2228 4777 inter
2251 4741 2344 4777 un.

2462 4728 2620 4798 δίψης
2677 4732 2772 4782 καὶ
2816 4729 2908 4781 τοῦ
2940 4729 3100 4799 λιμοῦ
3138 4728 3224 4800 [Ρ.
3260 4728 3412 4800 375],
3463 4729 3531 4782 τά
3575 4745 3633 4781 τε
3671 4727 3907 4797 σώματα
3943 4731 4058 4781 τῶν

776 4821 877 4876 das
923 4818 1293 4874 subsultantia
1348 4817 1505 4873 ferri.
1554 4819 1787 4888 quue
1831 4818 2061 4888 reliquis
2090 4817 2359 4870 infantum

779 4912 1096 4968 miserabile
1154 4927 1350 4982 genus,
1405 4909 1643 4965 necdum
1686 4911 1767 4966 eis
1817 4919 2108 4965 constante
2139 4919 2362 4973 natura,

779 5006 1032 5077 pluribus
1078 5004 1442 5059 incommodis
1490 5003 1761 5073 malisque
1797 5002 2197 5059 adiciebantur.
2234 5003 2359 5059 Vivi

779 5111 977 5150 rursus
1005 5093 1153 5149 baud
1184 5093 1420 5147 multum
1441 5108 1471 5146 a
1500 5093 1810 5147 demortuis
1843 5093 2142 5157 distabant,
2195 5102 2360 5162 atque

777 5203 969 5255 parem
1038 5187 1326 5242 interitum
1375 5201 1462 5240 res
1530 5184 1752 5239 illorum
1809 5185 2150 5256 spectabant.
2214 5187 2363 5241 lnter

779 5295 920 5351 quos
981 5293 1173 5334 omnes
1232 5293 1356 5342 nos,
1407 5276 1568 5348 582
1613 5276 1707 5347 qui
1752 5277 1910 5331 tortis
1940 5277 2358 5347 colligabatnur,

780 5375 965 5428 acrior
998 5371 1277 5427 cruciatus
1313 5369 1531 5424 urebat.
1580 5369 1969 5424 Folliculorum
1998 5369 2145 5423 enim
2180 5370 2361 5423 inani-

782 5475 1056 5520 tnatorum
1082 5464 1255 5518 instar
1274 5478 1417 5517 unus
1441 5462 1596 5533 juxta
1623 5461 1792 5515 alium
1828 5461 2105 5527 sedentes,
2137 5463 2357 5517 cuneis-

781 5572 912 5627 que,
957 5556 1162 5626 quibus
1209 5555 1434 5624 appensi
1486 5568 1730 5618 eramus,
1775 5552 2162 5607 convulnerati
2194 5564 2359 5622 atque

2464 4819 2808 4888 Θνησκόντων
2859 4821 3256 4891 ἀκοντιζόμενα
3297 4822 3397 4890 τῆς
3438 4821 3564 4890 νηὸς
3598 4821 3692 4872 ἐπὶ
3742 4819 4053 4882 θάλασσαν,

2464 4911 2560 4963 καὶ
2596 4910 2755 4982 μέχρι
2788 4911 2986 4964 πολλοῦ
3020 4915 3133 4976 τοῖς
3160 4911 3401 4982 κύμασιν
3427 4911 3826 4981 ὲπισπαίροντα
3854 4913 3920 4975 ³⁸,
3958 4915 4057 4965 καὶ

2463 5003 2669 5055 τούτων
2719 5002 2959 5072 μάλιστα
3005 5004 3074 5057 τά
3114 5003 3325 5056 δείλαια
3365 5002 3541 5073 βρέφη
3588 5002 3666 5071 τῷ
3713 5001 3900 5054 ἀτελεῖ
3951 5003 4058 5069 τῆς

2464 5093 2682 5162 φύσεως
2728 5096 2900 5149 πλείω
2931 5095 3041 5150 τῶν
3080 5095 3256 5149 ἄλλων
3307 5095 3414 5147 τῶν
3459 5093 3723 5161 ἀλγεινῶν
3779 5094 4060 5163 ἐμφορού-

2466 5203 2626 5256 μενα,
2653 5187 2778 5250 τοὺς
2807 5187 3016 5253 ζῶντας
3051 5188 3106 5241 δὲ
3155 5188 3316 5242 πάλιν
3347 5188 3407 5240 ού
3456 5186 3645 5258 πόρρω
3674 5185 3782 5237 τῶν
3817 5203 4060 5256 προκειο

2467 5279 2645 5347 μένων
2676 5280 3038 5349 ὑπάρχοντας,
3081 5280 3218 5333 ἀλλά
3267 5279 3404 5349 πρὸς
3435 5279 3495 5332 τὸ
3528 5281 3711 5348 ὅμοιον
3748 5276 4060 5346 βλέποντας

2463 5369 2657 5440 πέρας.
2711 5372 2801 5438 Ἐξ
2835 5365 2910 5425 ὧν
2958 5371 3219 5426 ἀπάντων
3261 5369 3464 5439 μᾶλλον
3525 5369 3709 5438 ἡμεῖς,
3760 5368 3877 5418 ὅσοι
3930 5369 4061 5427 ταῖς

2463 5462 2750 5532 στρέϐλαις
2771 5459 2913 5534 ἦμεν
2938 5463 3329 5533 πεπεδημένοι,
3357 5462 3573 5514 πλείοσι
3596 5458 3855 5530 βασάνοις
3883 5475 4060 5527 προσ-

2463 5556 2820 5628 επαλαίομεν.
2855 5559 2964 5612 Καὶ
2991 5557 3099 5628 γὰρ
3130 5556 3382 5611 θυλάκων
3411 5555 3636 5626 ἀψύχων
3665 5553 3821 5622 δίκην
3852 5555 3975 5613 ταῖς
4013 5554 4060 5581 ³¹

2057 5669 2291 5725 VARI/IS
2334 5672 2734 5731 LECTlON-ES.

857 5767 901 5799 ’⁷
921 5766 1272 5837 προεξευρεῖν
1293 5767 1356 5818 Α.
1435 5765 1480 5797 ’⁸
1503 5767 1733 5837 Ἀντρου
1769 5765 1877 5821 ΑΡ.

787 5835 1178 5908 ὲπισπὲὶροντα
1205 5836 1307 5890 ΑΡ.
1391 5837 1433 5866 ³¹
1469 5835 1716 5906 ταῖς]ὲπὶ
1753 5838 1774 5888 ?

1987 5766 2030 5794 ”
2068 5765 2346 5836 ἐδεδέηοαν
2378 5769 2486 5824 ΑΙ).

2595 5773 2637 5802 ³ο
2669 5773 2775 5824 τῶν
2814 5790 3081 5842 σωματων
3111 5775 3175 5829 Α.
3279 5771 3551 5824 ³¹ὲπισπα
3581 5785 3743 5838 ροντα
3791 5763 3994 5821 Cumb.
4045 5786 4056 5817 :
