4174 6442
149 440 245 504 621

1240 437 1338 497 DE
1372 435 1684 497 EXCIDIO
1722 435 2325 497 THESSALONICJB.

3300 443 3402 509 622

152 550 376 603 τελλίων
406 546 655 620 ἀλλήλοις
686 545 1104 617 ἐπικαθήμενοι,
1142 544 1235 599 καὶ
1263 548 1376 609 τοῖς
1421 544 1617 611 ξύλοις,
1643 539 1725 607 οἷς

1835 544 2150 614 compressi,
2208 561 2344 614 quas
2376 560 2539 600 nemo
2580 545 2764 600 verbis
2794 547 3087 617 cloquatur
3112 562 3175 603 ac
3204 548 3405 606 referat

147 638 521 710 ἐνηρτήμεθα,
580 638 1009 709 τιτρωσκόμενοί
1040 655 1101 689 τε
1154 637 1246 691 καὶ
1296 636 1724 705 συνθλιϐόμενοι,

146 735 545 805 ἀνεκδιήγητὸν
597 752 720 787 τινα
784 735 876 787 καὶ
926 734 1165 804 ἄρρητον
1228 732 1572 801 ύφιστάμεθα
1630 732 1729 800 τὴν

145 830 417 895 ἀνάγκην,
440 827 550 879 οὐδ’
588 825 835 878 ὁπωσοῦν
872 825 1247 894 συστραφῆναι
1278 825 1310 893 ἡ
1346 839 1491 884 τινος
1520 823 1729 882 ἑαυτοῖς

148 919 477 989 μεταδοῦναι
512 917 708 987 σχολῆς
738 916 1206 985 συγχωρούμενοι,
1232 914 1346 966 ἀλλ’
1374 913 1407 983 ἧ
1442 913 1600 981 μόνον
1631 913 1730 973 τὰς

145 1009 393 1078 κεφαλὰς
426 1008 719 1077 ,ὑψοῦντες
776 1008 998 1077 μικρὸν,
1054 1008 1236 1057 εἵπου
1291 1005 1396 1058 κᾶν
1450 1004 1731 1071 ἐλεύθερον

144 1101 286 1168 ἀέρα
315 1101 436 1162 ταῖς
478 1099 621 1169 ῥισὶν
655 1099 1046 1167 ἐφελκύσωμεν
1087 1100 1179 1151 καὶ
1218 1097 1290 1167 μὴ
1343 1098 1479 1166 πρὸς
1531 1094 1730 1154 παντὸς

145 1192 306 1243 ἄλλου
366 1190 541 1242 δεινοῦ
600 1191 666 1259 τῇ
715 1189 823 1240 τῶν
881 1190 1164 1257 παρόντων
1219 1186 1583 1254 ἀναθυμιάσει
1633 1185 1731 1251 τὴν

148 1284 321 1350 πνοὴν
355 1282 760 1349 ἐπαφήσοιμεν.
788 1279 860 1333 Τὸ
892 1280 947 1332 δέ
975 1280 1084 1331 τῶν
1111 1278 1347 1348 φθειρῶν
1378 1277 1581 1345 πλῆθος
1613 1275 1727 1325 ἐτε-

149 1388 241 1439 ρον
287 1366 357 1440 ἦν
412 1371 582 1423 κακὸν
635 1371 864 1438 ἄφατον.
916 1369 1184 1439 Καθάπερ
1224 1370 1333 1437 γὰρ
1372 1386 1453 1428 τις
1505 1366 1730 1427 θάνατος

142 1464 356 1531 ἕρπων,
383 1462 481 1533 τὴν
511 1462 768 1515 ἀπάντων
798 1461 945 1529 ζωὴν
970 1460 1385 1523 κατεόόσκοντο,
1415 1458 1489 1519 ὠς
1523 1460 1587 1510 ἐκ
1608 1456 1731 1508 τού.

143 1571 240 1605 του
265 1554 366 1613 τὰς
404 1554 621 1623 μορφὰς
647 1554 866 1607 πάντων
898 1553 1283 1624 ἀλλοιωθῆναι,
1319 1553 1413 1606 καὶ
1444 1554 1502 1603 ἐν
1531 1552 1733 1620 ὑποψίᾳ

144 1646 391 1711 ζώντων,
423 1633 785 1716 ούκ⁶ἀληθείᾳ
818 1646 1152 1713 λογίζεσθαι.
1181 1646 1351 1706 Ὅσας
1403 1645 1459 1697 δέ
1515 1642 1732 1711 πληγὰς

143 1739 383 1806 ἠφίεσαν
415 1737 665 1805 μανικῶς
698 1739 992 1807 φερόμενοι
1020 1738 1142 1791 καθ’
1164 1736 1343 1805 ἡμῶν,
1387 1736 1419 1806 ἦ
1450 1738 1601 1797 ὅσαις
1626 1735 1734 1787 λοι-

145 1829 367 1899 δορίαις
412 1830 506 1881 καὶ
561 1829 790 1882 ὀνείδεσι
850 1828 973 1882 καθ’
1018 1829 1257 1896 ἑκάστην
1302 1829 1449 1897 ἡμᾶς
1502 1826 1732 1879 ἔπλυνον

145 1921 319 1990 ῶραν,
361 1922 456 1975 καὶ
482 1915 561 1983 οἷς
593 1922 877 1989 ἐφαίνοντο
908 1923 1007 1991 τὴν
1041 1920 1203 1991 μῆνιν
1232 1921 1586 1989 φυλάττοντες
1625 1918 1733 1971 τῶν

145 2016 374 2084 ἡμερῶν
404 2013 498 2066 τοῦ
525 2014 787 2084 πολέμου,
824 2016 977 2075 ποῖος
1011 2014 1110 2081 μὲν
1141 2013 1299 2080 λόγος
1337 2012 1734 2081 καθιστορῆσαι

144 2107 478 2175 δυνήσεται,
532 2105 659 2159 ποία
724 2104 779 2157 δὲ
837 2104 975 2176 ἀκοὴ
1030 2104 1127 2175 τὴν
1180 2104 1371 2157 τούτου
1429 2104 1734 2174 παραδέξα-

148 2200 276 2253 σθαι
305 2198 648 2268 τραγῳδίαν;
697 2197 854 2266 Ἐμοὶ
885 2197 941 2249 δέ
1012 2195 1271 2259 ἔκστασις
1327 2197 1729 2265 ἐπεισέρχεται,

146 2293 341 2354 ὁσάκις
403 2292 483 2354 είς
538 2290 746 2343 ἔννοιαν
807 2288 948 2342 ἐλθω
1012 2288 1172 2359 μόνον
1245 2289 1354 2341 τῶν
1412 2289 1734 2358 ἀμετρήτων

149 2383 341 2435 κακῶν
398 2382 623 2435 ἐκείνων
656 2374 731 2434 ὧν
774 2381 920 2433 κατά
969 2382 1153 2432 πᾶσαν
1202 2379 1300 2449 τὴν
1348 2379 1595 2449 περίοδον
1640 2377 1732 2429 τοῦ

150 2477 313 2537 πλοὸς
369 2473 783 2543 ὑπεμείναμεν,
840 2471 957 2534 πῶς
1005 2472 1459 2540 ἐκαρτερήσαμεν
1512 2470 1733 2536 ἐνέγκαι

147 2566 423 2636 τοσαύτην
476 2564 733 2631 πολυειδῆ
794 2562 1078 2632 συμφορὰν
1129 2561 1445 2631 ἀνθρώπεια
1481 2560 1731 2628 σώματα,

152 2652 231 2719 οἷς
280 2653 353 2727 ip;
385 2654 492 2725 πρὸ
523 2655 678 2707 τοῦδε
700 2653 947 2724 τρυφηλὴ
976 2654 1069 2705 καὶ
1098 2652 1421 2723 διαῤῥέουσα
1444 2651 1619 2703 δίαιτα
1639 2652 1732 2703 καὶ

149 2750 501 2816 πειρατικαῖς
549 2748 819 2815 ἀνάγκαις
852 2745 1106 2815 οὐδαμῶς
1141 2743 1499 2809 ὲνεθισθεῖσα,
1536 2744 1653 2805 πῶς
1675 2743 1733 2796 δὲ

148 2836 247 2905 τὴν
295 2836 625 2889 ἀνύποιστον
671 2836 765 2887 καὶ
795 2836 984 2903 δισσὴν
1017 2834 1288 2905 πύρωσιν,
1317 2833 1418 2903 τήν
1444 2850 1503 2887 τε
1545 2836 1607 2885 ἐκ
1637 2831 1732 2885 τοῦ

150 2926 398 2998 φλογμοῦ
450 2926 546 2996 τῆς
578 2926 738 2996 δίψης
780 2926 873 2979 καὶ
905 2926 1005 2995 τὴν
1054 2926 1119 2979 ἐκ
1151 2926 1253 2996 τῆς
1307 2924 1528 2996 θερινῆς
1582 2924 1732 2995 ὥρας

150 3021 246 3082 τὰς
292 3020 531 3088 φυσικὰς
589 3018 821 3088 ίκμάδας
873 3016 1366 3087 ἀναξηραίνουσαν,
1418 3018 1514 3069 καὶ
1562 3017 1623 3068 τό
1668 3033 1731 3085 γε

147 3110 358 3163 τούτων
385 3110 773 3180 ἐλεεινότερον,
803 3110 920 3171 πῶς
954 3111 1340 3180 συνεκρατεῖτο
1366 3108 1463 3161 καὶ
1485 3109 1731 3180 παρέμε-

1832 636 2112 703 angustias
2136 633 2564 698 sustinebamus,
2613 635 2815 703 quibus
2847 651 2916 690 ne
2954 638 3244 692 minimum
3283 642 3404 707 qui-

1832 726 1954 780 dem
1978 728 2331 795 contorqueri
2360 737 2452 780 aut
2482 730 2659 784 solatii
2695 729 2900 797 aliquid
2924 740 3144 796 captare
3176 732 3402 799 licebat,

1833 820 1939 873 nisi
1974 819 2239 873 duntaxat
2263 822 2543 890 paululum
2568 824 2860 876 sustollere
2888 823 3086 891 capita,
3108 825 3151 877 si
3184 826 3405 895 quando

1833 913 1994 966 liberi
2041 914 2245 982 aliquid
2282 915 2427 968 aeris
2459 915 2689 969 naribus
2738 916 3017 969 attrahere
3069 916 3285 980 liberet,
3336 936 3403 973 ιω

1833 1005 2074 1056 omnium
2135 1005 2369 1058 aliorum
2424 1006 2692 1058 malorum
2737 1007 3000 1071 cumulo,
3048 1011 3404 1076 praesentium

1835 1107 2016 1144 rerum
2054 1094 2347 1145 immanem
2398 1094 2649 1146 faetorem
2682 1094 2852 1146 halitu
2885 1096 3253 1151 hauriremus.
3314 1100 3407 1152 Pe-

1835 1184 2145 1237 diculoruin
2183 1186 2349 1239 ctiam
2392 1184 2583 1253 ingens
2627 1185 2731 1245 vis,
2761 1186 3026 1239 malorum
3055 1204 3227 1255 genus
3257 1190 3404 1242 aliud

1836 1274 2305 1342 improbissimum
2342 1292 2353 1326 :
2384 1275 2526 1328 haml
2562 1291 2723 1329 secus
2750 1276 2897 1329 enim
2936 1292 3001 1331 ac
3030 1292 3177 1331 mors
3208 1295 3407 1347 repens

1833 1366 2078 1419 omnimn
2128 1368 2294 1419 vitam
2350 1367 2809 1435 depasccbantur.
2854 1368 2995 1422 Hinc
3035 1370 3279 1424 omnium
3312 1386 3404 1425 ora

1836 1454 2143 1517 immutata,
2197 1456 2384 1524 sicque
2424 1456 2619 1509 affecta
2651 1466 2710 1509 ut
2743 1457 3004 1525 opinione
3050 1459 3254 1523 vivere,
3299 1477 3405 1513 non

1834 1557 1891 1595 re
1927 1541 2040 1611 ipsa
2076 1543 2411 1597 videremur.
2458 1546 2603 1609 Quot
2654 1561 2784 1598 vero
2819 1548 3005 1616 plagas
3058 1548 3325 1603 insaniter
3353 1554 3406 1602 iu

1832 1647 1936 1687 nos
1991 1634 2323 1689 ferocientes
2378 1636 2685 1701 intulerint,
2734 1646 2829 1690 aut
2860 1638 3060 1706 quibus
3099 1641 3316 1707 probris
3348 1657 3411 1694 ac

1834 1725 2051 1795 injuriis
2088 1742 2185 1795 per
2210 1726 2374 1781 horas
2402 1729 2646 1795 singulas
2671 1741 3060 1800 momentaque
3089 1743 3403 1793 onerarent,

1834 1818 2038 1887 quibus
2095 1819 2439 1887 potissimum
2495 1836 2523 1874 a
2584 1837 2778 1891 pugnae
2825 1824 3214 1893 congressione
3271 1823 3406 1877 iram

1836 1924 2053 1961 servare
2106 1909 2455 1973 videbantur,
2487 1928 2608 1979 qua:
2638 1915 2817 1967 oratio
2847 1930 3105 1969 enarrare
3137 1914 3410 1969 sufﬁciat?

1835 2002 1961 2071 quis
1985 2016 2119 2056 vero
2157 2002 2379 2058 auditus
2410 2005 2489 2059 rei
2520 2006 2683 2074 hujus
2714 2007 3033 2076 tragmdiam
3065 2009 3240 2076 possit
3268 2008 3410 2062 exci-

1835 2090 2004 2158 pere?
2051 2091 2164 2161 Ego
2202 2108 2332 2148 sane
2373 2105 2555 2148 mente
2585 2111 2829 2159 moveor,
2865 2099 3298 2166 quotiescunque
3323 2099 3406 2152 vel

1834 2183 2010 2236 solum
2046 2184 2099 2237 in
2138 2186 2459 2240 memoriam
2492 2188 2644 2242 venit
2674 2189 3159 2244 innumerabilium
3192 2194 3407 2245 illorum

1835 2277 2104 2329 malorum
2136 2277 2342 2344 quibus
2376 2295 2474 2347 per
2522 2290 2687 2333 totam
2730 2281 2877 2335 illam
2918 2282 3283 2352 navigationis
3314 2300 3408 2353 pe-

1835 2366 2053 2420 riodum
2111 2368 2312 2423 fuimus
2358 2371 2627 2435 obnoxii,
2677 2374 2954 2440 quomodo
3014 2376 3407 2430 multiformem

1834 2454 1973 2509 adeo
2010 2472 2309 2512 arumnam
2352 2475 2662 2529 noxamque
2709 2463 2946 2518 humana
2979 2478 3209 2534 corpora
3239 2468 3411 2520 susti-

1833 2561 1967 2601 nere
1999 2550 2297 2617 potuerint,
2344 2563 2595 2606 anteacto
2644 2562 2890 2623 tempore
2938 2556 3068 2609 luxu
3101 2572 3165 2611 ac
3196 2559 3412 2613 deliciis

1834 2638 2156 2706 difﬂuentia,
2188 2658 2291 2697 nec
2315 2628 2602 2712 molestiis,
2627 2664 2748 2716 quae
2778 2665 2877 2717 per
2904 2652 3191 2718 praedones
3219 2654 3409 2708 inferri

1835 2729 2033 2791 solent.
2057 2746 2284 2799 usquam
2319 2744 2532 2787 assueta
2563 2776 2577 2799 ,
2615 2738 2894 2804 quomodo
2925 2738 3326 2794 intolerabilem
3356 2753 3411 2794 ct

1834 2818 2109 2888 duplicem
2142 2821 2303 2893 583
2357 2827 2675 2892 ustionem,
2738 2839 2851 2883 tum
2905 2832 3117 2888 scilicet
3172 2834 3410 2888 incendii

1833 2912 1975 2976 sitis,
2015 2923 2128 2968 tum
2158 2917 2359 2970 aestivae
2412 2921 2756 2987 tempestatis
2781 2924 3090 2977 naturalem
3118 2926 3406 2980 humorem

1834 3004 2201 3069 exsiccantis,
2259 3007 2514 3077 quodque
2572 3009 2658 3063 his
2722 3012 3091 3067 miserabilius
3145 3025 3249 3079 est,
3305 3033 3410 3085 qua

1833 3096 2045 3150 ratione
2063 3097 2413 3152 detinebatur
2433 3109 2489 3154 et
2514 3102 2568 3154 in
2594 3103 2753 3156 nobis
2782 3106 3173 3173 perseverabat
3199 3110 3403 3168 anima,

149 3217 237 3252 νεν
266 3203 326 3250 ἐν
354 3200 398 3231 ³³
422 3202 553 3269 ἡμῖν
578 3200 610 3268 ή
640 3199 808 3269 ψυχὴ,
830 3199 996 3251 ’ὁπότε
1026 3201 1143 3261 ταῖς
1164 3196 1309 3265 νυξὶν
1324 3197 1602 3268 ἐφήπλουν
1634 3199 1731 3261 τὰς

1839 3201 1964 3239 cum
2004 3189 2246 3243 extensis
2302 3199 2468 3244 noctu
2503 3207 2603 3260 per
2634 3208 2825 3248 omnes
2856 3211 3024 3250 naves
3050 3198 3283 3265 pellibus
3311 3215 3411 3253 nos

147 3288 485 3358 δερματίνας
524 3287 742 3359 δέρρεις
767 3289 854 3340 διὰ
885 3286 1080 3341 πασῶν
1102 3288 1206 3339 τῶν
1230 3286 1375 3356 νηῶν
1410 3288 1504 3340 καὶ
1527 3287 1733 3349 πάντας

150 3382 284 3432 εῖσω
328 3380 457 3441 τοὺς
485 3379 768 3450 δυστυχεῖς
817 3382 966 3450 ἡμᾶς
1009 3379 1385 3445 ἐναπὲκλειον,
1427 3378 1616 3451 ὥσπερ
1644 3379 1738 3432 καὶ

150 3472 243 3524 τοῦ
276 3471 461 3540 φωτὸς
491 3472 624 3539 ἡμῖν
659 3472 796 3542 μετά
832 3472 943 3523 τῶν
993 3472 1167 3526 ἀλλων
1199 3472 1600 3541 βασκαίνοντες,
1651 3473 1739 3525 ἵνα

154 3565 335 3633 σκότῳ
364 3564 458 3614 καὶ
483 3563 748 3634 καύματι,
780 3562 932 3615 δυσὶν
958 3564 1222 3631 ἀφύκτοις
1246 3565 1436 3626 κακοῖς
1467 3566 1563 3633 τὴν
1593 3562 1738 3634 ζωὴν

156 3655 642 3725 είσπραττώμεθα.
707 3655 846 3708 Ἀλλ’
908 3655 1148 3726 ἡγοῦμαι
1197 3655 1273 3719 ὡς
1337 3655 1510 3709 ταῦτα
1560 3656 1739 3709 πάντα

152 3748 449 3814 καρτερεῖν
492 3747 525 3815 ή
574 3744 696 3798 θεία
728 3747 822 3799 καὶ
854 3749 1194 3817 προνοητικῇ
1238 3744 1333 3799 τοῦ
1366 3746 1566 3810 παντὸς
1598 3747 1737 3817 ὑπὲρ

151 3843 338 3893 πᾶσαν
372 3839 719 3909 ἀνθρωπίνην
748 3840 985 3893 διάνοιαν
1030 3841 1360 3910 ἐνεδυνάμου
1388 3839 1432 3872 ³⁸
1484 3841 1734 3911 πρόνοια,

154 3932 378 4005 [Ρ.574]
439 3934 506 3986 ἵν’
535 3934 593 3985 ἐν
633 3933 847 4004 ὑστέρῳ
876 3933 1097 4002 γνόντες
1131 3932 1189 3997 ἐξ
1215 3934 1343 3986 οἴων
1399 3934 1521 3985 τότε
1553 3932 1735 3985 κακῶν

155 4024 288 4094 παρ’
324 4023 551 4087 ἐλπίδας
608 4024 978 4095 ἐρῤύσθημεν,
1026 4026 1177 4093 ἡμᾶς
1215 4041 1273 4077 τε
1305 4024 1350 4057 ³⁸
1398 4024 1592 4086 αὐτοὺς
1639 4040 1735 4092 καὶ

156 4114 352 4178 ἀλλους
377 4114 456 4184 τῷ
486 4114 848 4183 ὑποδείγματι
872 4115 1317 4184 σωφρονίζωμεν.

226 4296 327 4366 ξδ’,
353 4297 420 4353 o'.
464 4298 682 4370 Ἐπειδὴ
713 4300 757 4353 δ’
779 4301 807 4352 ό
839 4302 1031 4372 καιρὸς
1059 4300 1243 4356 ἐκάλει
1261 4302 1361 4373 τῆς
1393 4305 1529 4374 πρὸς
1558 4303 1627 4356 τέι
1655 4306 1735 4357 oi-

157 4393 281 4444 κεῖα
306 4392 423 4453 τοῖς
467 4390 772 4461 Βαρδάροις
797 4392 843 4424 ³⁸
870 4391 1129 4461 ἀφίξεως,
1162 4393 1325 4447 πάλιν
1353 4394 1564 4447 ἐκεῖθεν
1595 4396 1735 4447 ἀπο·

157 4484 499 4545 πλεύσαντες
549 4483 909 4554 κατήχθημεν
936 4485 1015 4548 είς
1045 4501 1168 4538 τινα
1197 4486 1357 4555 νῆσον
1391 4487 1735 4557 καλουμένην

1841 3293 2031 3334 omnes
2063 3281 2295 3337 miseros
2325 3284 2392 3338 iis
2418 3285 2784 3350 includerent,
2828 3297 2887 3342 ut
2914 3289 3054 3343 lucis
3076 3305 3318 3359 quoque,
3350 3303 3410 3346 ut

1837 3380 1894 3425 et
1922 3372 2153 3441 reliqua,
2203 3390 2423 3429 usuram
2455 3378 2615 3431 nobis
2658 3379 2995 3443 inviderent;
3043 3397 3155 3450 quo
3204 3384 3412 3438 scilicet

1838 3463 2085 3517 tenebris
2129 3475 2397 3535 aestuque,
2445 3468 2649 3538 duplici
2697 3472 2839 3526 malo
2868 3472 3194 3536 inevitabili,
3234 3476 3409 3529 vitata

1838 3558 2001 3613 nobis
2018 3558 2264 3613 debitum
2289 3561 2619 3631 exigeretur.
2641 3563 2841 3617 Verum
2866 3564 3121 3619 existimo
3143 3567 3408 3627 divinam,

1837 3655 1895 3701 et
1945 3663 2067 3716 qua:
2124 3664 2305 3702 rerum
2364 3650 2528 3719 hujus
2570 3650 2951 3706 universitatis
2999 3666 3187 3706 curam
3234 3664 3408 3723 gerat,

1837 3739 2243 3805 providentiam
2282 3740 2350 3793 ad
2402 3741 2517 3794 haec
2543 3742 2728 3794 omnia
2763 3743 3045 3797 toleranda
3082 3744 3230 3797 vires
3250 3744 3412 3799 nobis

1838 3828 2117 3895 roburque
2175 3845 2340 3899 supra
2401 3831 2693 3885 humanam
2725 3847 2943 3886 omnem
2989 3835 3429 3896 aestimationem,

1837 3919 2172 3985 contulisse,
2224 3932 2284 3974 ut
2334 3920 2387 3974 in
2436 3933 2718 3991 posterum
2759 3923 3132 3993 intelligentes
3175 3941 3243 3980 ex
3284 3928 3409 3997 qui-

1839 4011 1942 4064 bus
1974 4021 2105 4065 tuuc
2148 4015 2306 4068 malis
2342 4026 2543 4083 praeter
2580 4031 2799 4069 omnem
2833 4032 2985 4083 spem
3028 4019 3248 4073 liberati
3290 4022 3411 4076 fue-

1837 4100 2034 4164 rimus,
2092 4110 2205 4155 tum
2262 4118 2363 4157 nos
2419 4106 2565 4172 ipsos
2615 4115 2729 4159 tum
2778 4106 3022 4175 reliquos
3059 4110 3311 4180 exemplo
3342 4113 3408 4164 ad

1837 4191 2048 4261 frugem
2084 4194 2513 4262 corrigeremus.

1906 4301 1996 4367 69,
2023 4303 2110 4358 70.
2150 4304 2536 4362 Verumtamen
2566 4323 2689 4362 cum
2711 4310 2819 4379 jam
2850 4320 3069 4381 tempus
3094 4312 3326 4369 instaret
3354 4326 3412 4367 ut

1841 4412 1899 4452 se
1936 4395 2157 4452 Barbari
2208 4401 2263 4453 in
2300 4402 2529 4469 patriam
2559 4404 2889 4471 reciperent,
2926 4406 3052 4461 inde
3083 4422 3274 4461 rursus
3303 4409 3413 4461 sol-

1836 4494 2028 4541 ventes
2051 4488 2104 4540 in
2134 4489 2424 4556 quamdam
2455 4491 2689 4545 insulam
2719 4492 2932 4548 devecti
2958 4510 3171 4563 sumus,
3201 4499 3409 4552 Naxum

156 4572 390 4639 Ναξίαν,
422 4573 485 4638 ἐξ
508 4570 576 4646 ἧς
598 4576 645 4627 oi
676 4576 775 4645 τὴν
810 4577 1033 4648 Κρήτην
1061 4577 1337 4642 οἰκοῦντες
1364 4579 1562 4653 φόρους
1592 4581 1731 4650 λαμ-

1840 4583 2083 4647 nomine,
2130 4581 2489 4636 Cretensibus
2538 4584 2906 4638 tributariam.
2939 4587 2996 4641 ln
3020 4602 3139 4641 eam
3163 4604 3287 4644 cum
3311 4606 3407 4661 ap-

159 4664 414 4717 6ἀνουσιν
433 4679 449 4693 ·
480 4668 540 4717 ἐν
644 4668 955 4737 γενομένων
986 4668 1144 4739 ἡμῶν
1178 4671 1227 4723 οι
1248 4672 1366 4723 κατ’
1395 4672 1562 4742 αὐτὴν
1585 4672 1735 4735 ὄντες

156 4755 356 4824 ἄνδρες
391 4755 587 4826 δώροις
617 4759 741 4822 τοὺς
775 4760 1052 4830 ἀρχηγοὺς
1094 4762 1396 4831 ἠμείψαντο
1427 4765 1535 4816 τῶν
1568 4766 1732 4835 νηῶν,

156 4840 235 4909 οἷς
269 4847 509 4915 μάλιστα
557 4849 774 4903 ἐδόκουν
820 4852 1021 4915 αὐτοὺς
1062 4853 1259 4917 ἐνδεῶς
1292 4854 1434 4924 ἔχειν
1472 4855 1607 4922 πρὸς
1638 4857 1736 4925 τὴν

156 4940 252 4994 τοῦ
305 4940 472 5005 πλοὸς
526 4944 742 5012 χρείαν.
794 4943 941 5013 Πλὴν
972 4945 1136 4997 κάκεῖ
1183 4945 1277 4998 δύο
1327 4946 1492 5015 μόνας
1525 4946 1738 5016 ἡμέρας

157 5035 594 5105 προσμείναντες
632 5036 987 5107 καηγόμεθα
1023 5037 1121 5107 τὴν
1148 5039 1240 5090 ἐπὶ
1275 5040 1500 5109 Κρήτην
1526 5039 1734 5106 (ἐκάλει

156 5130 269 5197 γὰρ
298 5130 451 5198 ἡμᾶς
502 5129 809 5199 ἐπιτήδειον
840 5130 1108 5202 πνεῦμα),
1160 5129 1265 5194 ἕως
1306 5133 1627 5201 κατήραμεν
1680 5132 1736 5183 ἐν

157 5235 262 5273 τινι
310 5220 467 5291 τόπῳ
521 5221 826 5291 Ζωντάριον
853 5222 900 5254 ⁸⁷
964 5222 1061 5291 μέν
1112 5223 1262 5292 παρά
1308 5222 1418 5274 τῶν
1454 5224 1736 5292 ἐγχωρίων

157 5310 548 5382 ὀνομαζομένῳ
574 5312 638 5379 ³⁸,
701 5314 1045 5383 ἀντιστρόφῳ
1092 5313 1149 5366 δὲ
1204 5316 1336 5384 ἡμῖν
1394 5316 1459 5384 τῇ
1510 5314 1737 5385 ἀληθείᾳ

158 5404 574 5474 γνωριζομένῳο
602 5404 831 5466 πολλοὺς
856 5406 965 5475 γὰρ
995 5405 1057 5457 τδ
1085 5407 1393 5474 Ζωντάριον
1431 5409 1605 5459 ἐκεῖνο
1632 5407 1733 5475 τῆς

164 5496 261 5564 μὲν
288 5496 437 5566 ζωῆς
462 5498 827 5568 ἀπεστέρησε,
848 5497 926 5569 τῷ
957 5498 1172 5566 θανάτῳ
1196 5499 1253 5552 δὲ
1288 5498 1591 5569 προύδωκε.
1630 5501 1729 5554 Διά

162 5588 270 5658 γάρ
298 5587 363 5640 τὸ
391 5587 467 5659 μὴ
496 5587 594 5659 τὴν
624 5590 730 5643 ἀπὸ
755 5589 851 5643 τοῦ
864 5590 909 5621 ³⁸
948 5591 1102 5644 νότου
1136 5592 1230 5644 καὶ
1255 5590 1350 5644 τοῦ
1376 5591 1524 5654 λιϐὸς
1552 5591 1726 5645 δεδιέ-

1843 4673 2193 4741 pulissemus,
2233 4674 2470 4727 insulani
2515 4671 2839 4730 muneribus
2880 4687 2939 4730 et
2967 4678 3148 4741 donis,
3193 4681 3261 4733 iis
3294 4697 3409 4734 ma-

1844 4764 1988 4818 xime
2026 4764 2227 4831 quibus
2280 4765 2333 4816 in
2383 4779 2538 4817 usum
2582 4766 2947 4835 navigationis
2989 4767 3235 4838 indigere
3267 4772 3405 4824 scie-

1843 4855 1995 4917 bant,
2029 4856 2332 4909 navarcbos
2356 4857 2718 4925 accipiebant.
2770 4859 2848 4912 lbi
2882 4860 3021 4914 duos
3051 4864 3168 4915 dies
3212 4864 3408 4920 immo-

1844 4949 1950 5000 rati
1980 4962 2172 5003 versus
2202 4947 2421 5002 Cretam
2454 4966 2676 5004 cursum
2721 4951 3060 5007 intendimus
3094 4970 3107 5005 :
3141 4954 3409 5009 invitabat

1838 5042 1986 5093 enim
2038 5040 2473 5094 sccundissimus
2518 5051 2737 5107 ventus,
2782 5044 2958 5098 donec
3006 5045 3074 5099 ad
3116 5046 3297 5101 locum
3331 5050 3408 5099 sic

1836 5132 2033 5186 incolis
2080 5132 2288 5185 dictum
2342 5133 2656 5186 Zontarium
2704 5136 2789 5204 (ac
2835 5135 2879 5189 si
2920 5135 3198 5191 Vivarium
3232 5138 3405 5205 dicas)

1834 5224 2109 5285 venimus,
2165 5220 2260 5274 sed
2315 5223 2592 5275 contraria
2644 5222 2805 5277 nobis
2844 5225 3079 5279 veritate
3138 5228 3404 5294 agnitum.

1837 5314 1926 5370 Sic
1951 5315 2098 5368 enim
2130 5331 2157 5368 a
2190 5316 2302 5368 vita
2328 5316 2507 5369 dictus
2538 5318 2695 5371 locus
2728 5317 2932 5372 multos
2955 5318 3116 5390 584.
3159 5332 3407 5375 nostrum

1838 5408 1949 5461 vita
1984 5420 2265 5475 exemptos
2299 5410 2459 5462 morti
2491 5409 2736 5463 tradidit.
2796 5410 2934 5465 Dum
2968 5413 3117 5466 enim
3162 5415 3228 5467 ad
3280 5429 3404 5467 eum

1839 5500 2171 5569 applicantes
2198 5514 2226 5552 a
2248 5509 2378 5555 noto
2408 5510 2464 5554 et
2489 5500 2660 5556 africo
2691 5502 2795 5557 sibi
2821 5518 3017 5557 noxam
3051 5519 3161 5557 non
3192 5504 3406 5564 timent,

1838 5590 1895 5645 in
1924 5607 1989 5645 eo
2019 5607 2179 5661 quam
2205 5592 2257 5646 in
2282 5594 2434 5647 urbis
2458 5594 2632 5647 navali
2674 5596 2729 5649 in
2760 5598 2981 5650 ancoris
3005 5604 3149 5650 stare
3179 5595 3409 5650 Barbari

1457 5705 1690 5762 VARMS
1718 5707 2121 5765 LECTIONES.

235 5821 281 5853 ”
314 5822 379 5899 ἐν
408 5835 539 5899 om._
700 5824 744 5857 "
774 5824 1104 5897 ἀνεδυνάμου
1133 5823 1196 5880 ΡΣ
1271 5826 1316 5859 ³⁵
1344 5843 1406 5894 γε
1430 5826 1535 5880 AP.
1616 5826 1659 5859 ³⁸
1689 5828 1816 5891 τοὺς
1846 5827 2159 5899 Βαρῦόῳους
2184 5831 2245 5882 Λ.

169 5890 213 5925 ³⁸
247 5892 343 5944 τοῦ
370 5910 480 5945 mn.
513 5893 622 5950 AP.

2328 5830 2368 5861 ³⁷
2402 5830 2722 5902 Ζωνταρίων
2751 5834 2815 5885 Α.
2900 5832 2942 5862 ³”
2966 5833 3323 5904 ὀνομασμένῳ
3352 5834 3408 5890 ιι.
