4174 6442
808 424 914 490 623

2017 398 2355 464 JOANNES
2393 395 2835 458 CAMENIATA

808 533 1069 588 inaiuere.
1092 524 1212 592 Quo
1236 534 1363 579 cum
1393 517 1696 581 venissent,
1734 517 2114 583 cognoverunt
2151 508 2384 563 Creten-

2500 518 2575 559 ναι
2621 502 2828 573 βλάϐην
2879 500 3005 562 τοὺς
3061 499 3123 555 ἐν
3189 495 3336 563 αύτῷ
3387 491 3912 565 καθορμιζομένους,
3971 495 4070 558 τὴν

807 635 895 678 ses
931 636 945 674 :
997 632 1025 671 a
1053 614 1192 669 mari
1233 611 1381 667 enim
1409 607 1599 680 procul
1629 618 1731 660 nos
1755 599 2185 674 prospiciebant,
2217 606 2380 667 atquc

808 710 1180 764 Romanorum
1216 700 1448 756 classem
1481 693 1743 751 invadere
1788 688 2025 745 insulam
2068 685 2380 758 deprehen-

802 797 952 854 disse
994 809 1052 851 se
1088 791 1377 863 putabant.
1424 785 1546 852 Quo
1589 793 1647 839 et
1689 790 1840 838 metu
1885 778 2174 836 conterriti
2229 783 2380 840 sunt,

805 888 952 958 quod
981 886 1049 939 ad
1080 884 1286 938 bellum
1326 877 1581 948 imparati
1602 882 1779 930 erant.
1832 870 2192 928 Postmodum
2221 868 2384 922 nobis

806 973 1380 1050 appropinquantibus
1418 1010 1435 1034 ,
1491 969 1660 1039 signis
1707 967 1928 1020 navium
1979 963 2180 1034 agnitis
2209 1001 2224 1026 ,
2257 976 2383 1015 cum

807 1085 1008 1138 magno
1040 1066 1240 1138 gaudio
1290 1078 1422 1118 suos
1474 1060 1833 1128 accipientes,
1886 1071 1951 1111 ac
1989 1055 2142 1109 velut
2168 1066 2384 1106 morum

806 1157 1140 1216 commercio
1171 1155 1426 1226 genuina:
1465 1151 1612 1206 inter
1646 1164 1704 1204 se
1738 1147 1996 1203 amicitiae
2047 1159 2208 1199 usum
2233 1157 2385 1198 com-

807 1257 1202 1313 monstrantes,
1227 1247 1294 1301 ad
1317 1247 1503 1300 locum
1532 1249 1921 1297 accesserunt:
1960 1251 2179 1306 semper
2212 1235 2383 1299 enim,

808 1355 870 1400 ut
893 1341 1188 1414 proverbio
1217 1340 1418 1402 fertur,
1460 1335 1640 1390 simile
1679 1332 1747 1386 ad
1776 1330 1882 1386 sibi
1911 1329 2090 1384 simile
2119 1326 2385 1382 accurrit.

808 1436 968 1490 Tunc
993 1435 1181 1501 itaque
1231 1431 1472 1500 primum
1528 1423 1754 1479 Barbari
1789 1436 2002 1484 omnes,
2027 1433 2294 1473 exscensu
2320 1432 2388 1470 ex

806 1527 1043 1581 navibus
1073 1525 1126 1577 in
1159 1524 1316 1577 littus
1352 1519 1536 1582 eﬂ‘usi,
1573 1531 1676 1571 nos
1718 1527 1940 1583 quoque
1983 1527 2013 1566 a
2066 1519 2254 1564 mutua
2297 1509 2389 1561 illa

808 1613 1222 1684 compressione
1271 1609 1556 1680 paululum
1593 1603 1823 1658 relaxari
1873 1601 2154 1659 siverunt,
2189 1612 2390 1666 suppe-

810 1709 980 1762 ditata
1013 1720 1234 1776 quoque
1266 1713 1534 1770 aquarum
1579 1697 1760 1766 copia,
1790 1709 1910 1763 quae
1951 1692 2135 1746 multa:
2184 1689 2388 1744 ibidem

811 1801 1035 1869 irrigua:
1063 1798 1117 1850 in
1142 1793 1312 1849 maris
1339 1806 1398 1846 se
1424 1790 1602 1844 undas
1631 1787 1917 1841 aﬂluenter
1951 1789 2274 1837 exonerant.
2323 1780 2392 1833 Et

2486 593 2622 665 πρὸς
2649 594 2810 648 αὐτὸν
2840 591 3122 662 διατριϐὴν
3152 589 3244 643 τοῦ
3277 588 3626 658 ναυστάθμου
3647 588 3745 656 τῆς
3778 583 3998 647 πόλεως
4022 585 4070 636 σί

2483 687 2759 758 Βάρϐαροι
2785 684 3236 757 προκεκρίκασιν.
3269 681 3357 745 Ὣς
3377 680 3469 734 οὖν
3496 679 3874 751 κατήχθημεν,
3897 676 4072 746 ἔγνων

2485 781 2532 832 οἱ
2559 780 2774 847 Κρῆτες
2808 774 3128 847 (προεώρων
3156 773 3266 843 γάρ
3309 773 3456 841 ἡμᾶς
3507 772 3606 840 τῆς
3649 771 3929 839 θαλάσσης
3965 786 4073 837 μα-

2486 867 2726 940 κρόθεν),
2767 868 2860 921 καὶ
2905 867 3123 938 πρῶτον
3173 864 3279 918 τῶν
3339 865 3627 934 Ῥωμαίων
3650 863 3694 895 ⁸⁸
3730 863 3820 914 τὸν
3882 861 4072 913 στόλον

2486 962 2779 1031 ἐφώρασαν
2808 958 3135 1028 ἐπέρχεσθαι
3171 961 3236 1028 τῇ
3268 958 3438 1027 νήσῳ,
3483 956 3542 1020 ἐξ
3578 949 3639 1008 οὗ
3671 954 3765 1006 καὶ
3793 953 4072 1023 περιδεεῖς

2485 1053 2734 1119 ἐγένοντο
2757 1051 2845 1103 διὰ
2877 1051 2939 1102 τὸ
2966 1050 3040 1121 μὴ
3065 1048 3621 1121 προπαρεπευάσθαι
3646 1047 3782 1118 πρὸς
3806 1046 4069 1115 πόλεμον.

2491 1145 2722 1196 Ἔπειτα
2753 1141 3061 1211 γενομένων
3108 1140 3266 1210 ἡμῶν
3296 1139 3549 1207 ἐγγύθεν,
3587 1138 3774 1206 ἐπειδὴ
3819 1136 4072 1203 ἐπέγνων

2489 1234 2613 1287 τινὰ
2643 1235 3001 1303 γνωρίσματα
3049 1233 3158 1285 τῶν
3196 1233 3364 1302 νηῶν,
3401 1231 3718 1300 πεφθάκασι
3765 1231 3860 1282 τὸν
3903 1229 4074 1280 τόπον

2494 1326 2632 1395 μετά
2653 1324 2855 1394 πολλῆς
2881 1324 3147 1394 θυμηδίας
3171 1322 3294 1386 τοὺς
3316 1323 3453 1393 ἀμφ’
3483 1322 3679 1383 αὐτοὺς
3706 1320 4070 1390 δεξιούμενοι,

2493 1417 2585 1469 καὶ
2613 1415 2804 1486 ὥσπερ
2846 1419 2914 1486 τῇ
2950 1419 3208 1486 κοινωνίᾳ
3231 1414 3340 1467 τῶν
3374 1415 3593 1483 τρόπων
3624 1413 3685 1465 τὸ
3719 1413 3947 1482 γνήσιον
3973 1412 4075 1479 τῆς

2492 1508 2628 1578 πρὸς
2665 1507 2930 1576 ἀλλήλους
2969 1506 3206 1576 στοργῆς
3243 1504 3647 1575 ἐνδεικνύμενοι
3671 1519 3685 1532 ο
3713 1504 3800 1557 ἀεὶ
3837 1504 3972 1573 γὰρ,
3997 1503 4073 1566 ὡς

2492 1597 2668 1666 λόγος,
2693 1601 2754 1651 τὸ
2785 1601 2970 1669 ὅμοιον
2994 1599 3071 1668 τῷ
3095 1598 3263 1668 ὁμοίῳ
3292 1598 3637 1669 προστρέχει.
3663 1596 3796 1649 Τότε
3831 1596 3897 1666 δὴ
3924 1595 4076 1666 πρῶ-

2492 1708 2583 1744 τον
2611 1691 2848 1752 ἅπαντες
2879 1691 2982 1742 τῶν
3012 1689 3157 1760 νηῶν
3197 1688 3423 1759 ἐξῆλθον
3453 1690 3502 1740 οἱ
3537 1689 3838 1758 Βάρϐαροι,
3870 1689 3966 1741 καί
3999 1703 4078 1738 τι·

2493 1798 2584 1847 νος
2608 1783 2754 1854 ἡμᾶς
2775 1781 2816 1813 ⁸¹
2841 1783 3027 1851 τυχεῖν
3059 1779 3297 1843 ἀνέσεως
3326 1779 3427 1849 τῆς
3457 1781 3514 1832 ὲν
3536 1780 3791 1849 ἀλλήλοις
3809 1795 4077 1847 στενοχω-

810 1892 891 1946 sic
927 1899 1042 1944 tota
1068 1903 1134 1942 ea
1155 1894 1318 1940 nocte
1348 1899 1378 1938 a
1417 1880 1698 1937 continuis
1732 1875 1920 1931 refecti
1943 1873 2245 1935 laboribus,
2270 1871 2390 1926 exi-

2500 1876 2618 1945 ρίας
2647 1873 2910 1944 ἠξίωσαν,
2945 1873 3256 1942 μετέδωκαν
3289 1872 3344 1924 δὲ
3370 1873 3463 1924 καὶ
3491 1872 3598 1924 τῶν
3630 1874 3770 1924 κατά
3792 1871 3887 1922 τὸν
3909 1873 4078 1922 τόπον

809 1981 1172 2036 stimabamus
1200 1974 1453 2045 sequenti
1505 1972 1626 2026 luce
1674 1969 1954 2024 mitiorum
1995 1979 2094 2018 nos
2122 1963 2389 2032 tantisper

810 2074 1107 2145 petituros,
1131 2069 1280 2140 quod
1307 2068 1463 2121 dives
1484 2064 1659 2119 insula
1685 2063 1958 2129 rebusque
1985 2059 2053 2112 ad
2079 2058 2204 2111 vitae
2225 2071 2387 2112 usum

809 2163 1136 2221 necessariis
1164 2158 1569 2215 confertissima
1596 2161 1762 2209 esset.
1780 2152 1981 2206 Verum
2003 2149 2388 2204 nesciebamus

811 2255 1095 2326 prioribus
1124 2264 1282 2320 aeque
1315 2248 1496 2310 malis,
1531 2261 1634 2300 seu
1664 2244 1830 2300 etiam
1863 2239 2262 2302 acerbioribus,
2303 2237 2392 2290 di-

811 2343 1110 2407 vexandos,
1152 2347 1558 2411 proptereaque
1593 2333 1703 2390 illis
1735 2331 1911 2402 accipi
1937 2340 1998 2385 ut
2027 2343 2126 2399 per
2149 2343 2211 2383 ea
2239 2335 2389 2381 atro-

811 2436 1056 2492 cioribus
1090 2433 1211 2488 istis
1233 2441 1717 2486 conscrvaremur.

2494 1965 2700 2020 ὑδάτων
2732 1965 2942 2018 πολλῶν
2969 1966 3139 2017 ὀντων
3183 1966 3276 2017 καὶ
3313 1964 3567 2032 ἀφθόνως
3594 1967 3706 2025 τοῖς
3737 1962 3951 2032 κύμασι
3980 1962 4078 2030 τῆς

2494 2052 2773 2122 θαλάσσης
2802 2054 3166 2124 ἐπιρρεόντων
3189 2053 3257 2107 ⁸³.
3290 2053 3399 2105 Καὶ
3436 2053 3581 2106 οὕτω
3619 2052 3715 2124 τὴν
3748 2053 3924 2106 νύκτα
3973 2054 4080 2106 πᾶν·

2495 2162 2595 2198 σαν
2644 2145 2752 2198 τῶν
2807 2143 3048 2214 συνεχῶν
3101 2146 3388 2208 ἀνεθέντες
3443 2146 3624 2199 πόνων
3666 2144 3968 2214 ἐδοκοῦμεν
4014 2147 4080 2213 τῇ

2492 2236 2621 2306 ἑξῆς
2639 2238 3020 2308 χρηστοτέρων
3038 2237 3199 2291 τινῶν
3222 2240 3534 2308 μετασχεῖν,
3564 2239 3660 2292 ἀτε
3687 2238 4083 2307 πεπληθυσμέ-

2494 2345 2594 2397 νης
2643 2328 2688 2360 ⁵³
2741 2329 2910 2399 οῠσης
2955 2331 3055 2400 τῆς
3100 2330 3266 2400 νήσου
3320 2329 3414 2382 καὶ
3455 2328 3659 2398 πολλὴν
3706 2327 3940 2397 ἐχούσης
3972 2327 4082 2378 τῶν

2498 2419 2696 2491 χρειῶν
2735 2420 3038 2490 δαψίλειαν.
3072 2422 3188 2474 Οὐκ
3229 2421 3453 2492 ᾔδειμεν
3480 2421 3538 2475 δὲ
3577 2417 3988 2490 παραπλησίοις
4026 2419 4083 2469 ὲν

811 2530 950 2598 αὐτῇ
1000 2526 1110 2579 τῶν
1160 2523 1354 2594 πρώην
1383 2521 1591 2592 ὁμιλεῖν
1643 2518 1922 2588 χαλεποῖς,
1953 2514 1988 2585 ἢ
2035 2512 2129 2568 καὶ
2157 2511 2391 2584 χείροσι,
2427 2511 2522 2565 καὶ
2549 2513 2642 2568 διὰ
2671 2513 2847 2568 ταῦτά
2875 2530 2939 2583 γε
2984 2513 3187 2585 μᾶλλον
3225 2514 3410 2567 ἐκεῖνα
3451 2513 3699 2583 πάσχειν,
3739 2513 3844 2576 ’ὡς
3909 2511 3978 2562 ἂν
4019 2505 4085 2562 δι’

811 2622 1042 2675 ἰκείνων
1061 2618 1108 2650 “
1133 2616 1344 2678 τούτοις
1373 2610 1823 2682 συντηρηθῶμεν.

883 2718 974 2771 7|.
1014 2715 1132 2770 lam
1159 2711 1308 2767 enim
1332 2707 1620 2777 dissipatis
1667 2704 1849 2760 noctis
1873 2701 2139 2766 tenebris,
2172 2712 2238 2754 ac
2265 2713 2391 2754 cum

813 2809 955 2865 lucis
981 2805 1291 2878 fulguribus
1305 2800 1468 2873 585
1489 2807 1742 2854 exortum
1768 2806 1931 2850 mane
1954 2791 2390 2864 splendesceret,

815 2899 1099 2958 Dominica
1135 2896 1349 2952 scilicet
1393 2893 1749 2946 illucescente
1773 2929 1788 2954 ,
1842 2888 2087 2942 ululatus
2112 2886 2170 2940 in
2197 2883 2392 2954 quavis

815 2991 943 3047 navi
978 2987 1182 3052 audiri,
1205 2983 1462 3040 Barbaris
1490 2982 1641 3036 velut
1665 2986 1873 3050 gratam
1894 2975 2190 3046 quamdam
2214 2989 2278 3028 ac
2298 2974 2390 3030 lae-

821 3092 930 3137 tam
955 3092 1147 3134 vocem
1185 3073 1302 3146 pari
1333 3069 1744 3141 conspiratione
1779 3065 2075 3121 edentibus
2095 3061 2388 3134 cymbalis-

819 3189 928 3243 que
953 3164 1450 3242 perstrepentibus,
1499 3170 1556 3218 nt
1599 3161 1757 3215 locus
1779 3159 1872 3212 ille
1903 3166 2054 3211 totus
2088 3153 2309 3209 concuti
2339 3160 2396 3206 et

819 3261 1077 3320 clamoris
1102 3260 1317 3329 fragore
1350 3252 1564 3309 turbari
1614 3250 1918 3306 videretur.
1953 3246 2092 3300 Tum
2132 3256 2256 3315 post
2311 3245 2396 3298 in-

2569 2693 2672 2748 oa'.
2710 2694 2849 2763 Ἤδη
2879 2695 2990 2765 γὰρ
3036 2695 3137 2764 τῆς
3190 2696 3511 2765 νυκτερινῆς
3559 2698 3717 2756 σκιᾶς
3765 2693 4090 2748 σκεδασθεί-

2502 2802 2623 2857 σης,
2645 2785 2740 2840 τοῦ
2774 2785 2831 2839 δὲ
2861 2787 3040 2854 φωτὸς
3067 2787 3375 2856 ἀρχομένου
3413 2787 3506 2841 τὸν
3545 2787 3744 2858 ὄρθρον
3779 2787 4088 2840 ἐπανατέλο

2499 2879 2636 2946 λειν,
2670 2879 2958 2951 Κυριακῆς
3009 2879 3235 2950 ἡμερῶν
3274 2880 3718 2948 ὲπιφωσκούσης,
3763 2879 4091 2949 ἀλαλαγμὸς

2499 2970 2585 3041 ἔφ’
2627 2970 2865 3038 ἑκάστης
2886 2969 3015 3040 νηὸς
3045 2968 3303 3039 ἠκούετο,
3338 2969 3529 3042 ῶσπερ
3560 2969 3683 3022 τινα
3713 2968 3942 3039 θυμήρη
3975 2988 4091 3038 φωσ-

2501 3061 2595 3132 νὴν
2618 3059 2727 3114 τῶν
2750 3060 3054 3132 Βαρϐάρων
3073 3059 3525 3130 συνεπηχούντων
3547 3061 3640 3113 καὶ
3653 3062 3764 3123 τοῖς
3781 3061 4091 3129 κυμϐάλοις

2503 3154 2878 3214 κτυπούντων,
2931 3153 3008 3216 ὡς
3053 3153 3231 3206 πάντα
3261 3152 3439 3206 δοκεῖν
3478 3152 3751 3207 δονείσθαι
3797 3153 3894 3205 τὸν
3920 3155 4092 3206 τόπον

2503 3245 2590 3318 [Ρ.
2621 3243 2750 3317 575]
2783 3245 3030 3315 καὶπρὸς
3061 3246 3157 3316 τὴν
3192 3247 3441 3315 κραυγὴν
3464 3245 3920 3315 ἐκταράττεσθαι.
3956 3242 4088 3299 Εἶτα

820 3354 1104 3412 conditum
1136 3347 1718 3413 terribilissimumque
1748 3342 1989 3396 sonitum
2021 3339 2242 3393 navium
2260 3351 2396 3391 onus

2507 3340 2642 3409 μετά
2690 3337 2790 3409 τὴν
2828 3338 3043 3407 ἄσημον
3103 3338 3321 3408 εκείνην
3359 3339 3447 3392 καὶ
3497 3338 3890 3408 φοϐερωτάτην
3949 3339 4091 3407 ἠχὴν

821 3459 985 3517 atque
1018 3453 1303 3498 vecturam
1345 3439 1402 3493 in
1447 3448 1652 3492 terram
1692 3435 1894 3506 ejicere
1925 3439 2235 3501 ceperunt,
2271 3443 2398 3484 cum

823 3540 1131 3611 subjectum
1161 3536 1346 3590 locum
1378 3545 1478 3601 pro
1506 3543 1742 3583 numero
1761 3525 1986 3580 navium
2017 3522 2185 3577 certis
2208 3520 2400 3590 spatiis

822 3631 1158 3693 divisissent,
1190 3640 1300 3696 quo
1325 3623 1478 3678 navis
1507 3621 1772 3691 cujusque
1799 3631 1962 3680 onus,
1985 3615 2147 3683 quale
2181 3611 2401 3666 tandem

821 3723 957 3780 illud
984 3729 1152 3782 esset,
1180 3718 1441 3774 distincte
1482 3727 1546 3768 ac
1572 3725 1820 3768 seorsum
1857 3709 1926 3763 ab
1958 3707 2082 3762 aliis
2109 3704 2400 3768 inferrent,

824 3827 886 3872 ut
909 3813 1348 3884 uniuscujusque
1374 3821 1508 3878 opes
1535 3820 1602 3861 ac
1631 3802 1940 3860 substantia
1972 3798 2126 3854 .nibil
2173 3810 2404 3867 prorsus

822 3911 946 3964 aliis
973 3905 1260 3961 commista
1295 3905 1606 3958 exstarent.
1648 3895 1848 3950 Totum
1876 3893 2042 3963 igitur
2066 3890 2212 3945 diem
2245 3888 2400 3943 illum

822 3999 1190 4059 exonerandis
1219 3995 1457 4052 navibus
1487 3993 1923 4060 insumpserunt.
1980 3983 2245 4055 Sequenti
2272 3996 2404 4036 vero

822 4093 1112 4159 navarchi,
1141 4090 1248 4163 ipsi
1268 4101 1488 4161 quoque
1516 4084 1746 4157 egressi,
1777 4081 1901 4138 aliis
1925 4094 2123 4134 rursus
2151 4075 2403 4147 partibus

826 4200 942 4245 tum
972 4186 1319 4257 captivorum
1355 4177 1762 4234 multitudinem
1781 4173 2038 4236 divisere,
2058 4179 2174 4224 tum
2199 4167 2402 4239 spolio-

826 4296 952 4335 rum
983 4279 1266 4349 copiosam
1298 4272 1648 4343 amplamquc
1690 4281 1950 4330 messem,
1976 4264 2134 4333 cujus
2159 4261 2402 4315 admira-

826 4373 976 4426 tione
1026 4370 1389 4436 obstupentes
1428 4361 1763 4423 Cretenses,
1805 4356 1895 4412 cui
1946 4352 2202 4421 exemplo
2250 4366 2402 4406 como

824 4469 1023 4536 parent
1050 4475 1171 4530 quae
1191 4458 1268 4512 ob
1292 4455 1487 4511 oculos
1529 4451 1708 4522 posita
1739 4455 1922 4512 erant,
1983 4445 2195 4499 nullum
2235 4442 2406 4497 babe-

823 4559 976 4612 bant.
1031 4554 1171 4622 Quia
1199 4566 1334 4607 vero
1365 4549 1424 4604 id
1469 4549 1709 4618 primum
1742 4544 2002 4600 Barbarie
2041 4540 2404 4596 constitutum

823 4659 965 4712 erat,
1007 4656 1068 4701 ut
1099 4646 1440 4700 infortunato
1473 4642 1566 4695 illo
1592 4637 1798 4710 populo
1827 4635 2139 4699 commisto,
2169 4633 2265 4702 qui
2291 4631 2404 4685 ullo

824 4738 1107 4794 aliinitatis
1133 4738 1260 4807 jure
1286 4730 1678 4802 sanguinisque
1719 4724 2126 4781 necessitudine
2159 4720 2403 4797 devincti
2429 4742 2483 4802 Β

824 4839 1034 4894 essent,
1064 4828 1159 4884 alii
1208 4826 1348 4882 alios
1385 4824 1572 4879 denuo
1611 4827 1996 4898 agnqscereut,
2045 4826 2178 4870 tunc
2209 4813 2401 4882 utique

825 4922 1117 4979 horribilis
1147 4919 1528 4990 turbatusque
1563 4913 1752 4970 audiri
1810 4912 2048 4982 ejuiatus
2071 4949 2086 4975 ,
2145 4907 2404 4963 omnibus

823 5018 980 5072 velut
1009 5029 1120 5071 uno
1149 5023 1218 5068 ex
1241 5010 1782 5079 fonte-lacrymarum
1810 5007 1958 5060 rivos
1988 5004 2137 5073 large
2165 4998 2403 5056 funden-

826 5105 1451 5173 tibugidentidemquc
1480 5098 1921 5163 susurmtibus,
1966 5110 2099 5151 num
2134 5108 2247 5163 quo
2282 5093 2404 5147 loco

826 5197 998 5252 ullius
1048 5192 1508 5265 durissimarum
1563 5195 1849 5257 compotes
1899 5184 2124 5248 forent,
2170 5198 2274 5238 nec
2297 5180 2406 5235 illis

827 5296 1037 5342 temere
1063 5285 1428 5343 constitutum
1468 5291 1689 5350 tempus
1721 5274 2037 5347 inquirendi
2065 5289 2197 5329 suos
2225 5273 2407 5328 elabe—

825 5391 1005 5445 retur,
1039 5379 1350 5449 incertique
1367 5382 1657 5432 manerent
1688 5386 1795 5442 qua
1831 5386 1889 5425 se
1933 5384 2030 5438 spe
2075 5366 2407 5422 recreandos

828 5475 996 5546 586
1033 5474 1150 5528 illis
1198 5468 1576 5541 amplexandis
1630 5465 1990 5532 fruendisque
2031 5476 2129 5531 per
2157 5475 2279 5515 eam
2315 5459 2404 5514 in-

829 5565 1168 5636 dulgentiam
1198 5562 1626 5619 existimassem.
1678 5555 2002 5611 Circuibant
2037 5552 2253 5607 miserae
2286 5567 2406 5605 mu-

2503 3434 2823 3504 ὲπῖχείρουν
2856 3435 2994 3504 πρὸς
3037 3432 3137 3503 τὴν
3177 3433 3285 3504 γῆν
3315 3433 3708 3503 ἀποφορτίζειν
3751 3434 3844 3486 τὸν
3894 3433 4089 3502 γόμον.

2501 3523 2765 3587 διελόντες
2810 3523 2889 3586 είς
2931 3521 3161 3594 μερίδας
3196 3523 3338 3575 κατά
3384 3521 3478 3574 τὸν
3523 3520 3759 3592 ἀριθμὸν
3789 3520 3901 3573 τῶν
3943 3520 4094 3588 νηῶν

2503 3617 2593 3670 τὸν
2626 3615 3032 3686 παρακείμενον
3061 3615 3246 3680 τόπον,
3276 3615 3412 3667 ὅπου
3445 3616 3575 3683 μιᾶς
3602 3613 3840 3682 ἑκάστης
3865 3614 4093 3682 φόρτον,

2501 3709 2651 3770 ὅστις
2678 3706 2810 3760 ποτὲ
2835 3703 2928 3777 ἦν,
2956 3706 3300 3777 διῃρημένως
3329 3705 3423 3758 καὶ
3446 3707 3905 3776 ἀποκεκριμένως
3935 3705 4096 3776 αλλή-

2505 3800 2613 3852 λων
2642 3797 3046 3868 ἐξεκομίζοντο,
3086 3796 3162 3861 ὡς
3199 3797 3266 3850 ἂν
3300 3797 3475 3865 ἀμιγῆ
3509 3796 3796 3866 τηρεῖσθαι
3825 3795 3926 3865 τὴν
3963 3797 4096 3849 ἑκα-

2507 3907 2640 3960 στης
2684 3888 3001 3960 περιουσίαν
3047 3888 3141 3942 καὶ
3192 3888 3303 3942 τῶν
3359 3887 3674 3959 προσόντων
3724 3889 3845 3949 ταῖς
3899 3887 4092 3950 ἄλλαις

2505 3980 2785 4044 παντελῶς
2825 3978 3204 4048 ἀνεπίμικτον.
3223 3980 3415 4034 Πᾶσαν
3440 3974 3533 4033 οὖν
3556 3977 3776 4045 εκείνην
3797 3979 4091 4032 ἀνάλωσαν

2508 4075 2586 4134 είς
2611 4072 2710 4142 τὴν
2737 4069 3051 4142 ἀποσκευὴν
3087 4071 3189 4142 τὴν
3225 4070 3460 4142 ἡμέραν.
3503 4069 3582 4141 Τῇ
3613 4068 3668 4123 δὲ
3697 4069 3824 4138 ἑξῆς
3865 4070 4094 4138 ἐξῆλθον

2506 4166 2603 4232 τῆς
2638 4163 2913 4230 θαλάσσης
2942 4163 2990 4215 oi
3013 4162 3120 4215 τῶν
3147 4161 3291 4230 νηῶν
3321 4161 3556 4232 ἀρχηγοὶ
3591 4160 3785 4212 διελεῖν
3815 4161 3986 4213 πάλιν
4016 4163 4094 4222 εις

2508 4256 2672 4318 ἄλλας
2701 4255 2925 4326 μερίδας
2946 4255 3007 4307 τό
3036 4271 3094 4306 τε
3115 4253 3316 4325 πλῆθος
3346 4254 3455 4306 τῶν
3479 4251 3843 4322 αλχμαλώτων
3875 4254 3970 4305 καὶ
3999 4253 4093 4322 τὴν

2509 4350 2710 4420 πολλὴν
2748 4349 2858 4401 τῶν
2890 4349 3102 4401 σκύλων
3139 4347 3292 4418 ὕλην,
3329 4344 3397 4420 ἦς
3428 4347 3707 4411 ἐξίσταντο
3747 4347 3848 4416 τὴν
3881 4348 4094 4416 πληθὺν

2506 4443 2556 4496 οἱ
2589 4442 2830 4513 Κρῆτες,
2862 4440 3038 4493 οὐδενὶ
3083 4439 3494 4508 παραδείγματι
3523 4439 3841 4507 συγκρίνειν
3874 4437 4095 4508 ἔχοντες

2507 4536 2574 4588 τά
2610 4534 2939 4605 βλεπόμενα.
2989 4532 3208 4600 Ἐπειδὴ
3260 4531 3316 4583 δὲ
3344 4531 3504 4583 τοῦτο
3538 4531 3757 4601 πρῶτον
3799 4529 3951 4594 εδοξε
3987 4534 4096 4592 τοῖς

2509 4626 2842 4697 Βαρϐάροις,
2872 4622 3245 4694 ἀναμιχθῆναι
3305 4622 3414 4676 τῶν
3447 4622 3723 4690 δυστυχῶν
3756 4621 3851 4673 τὸν
3900 4621 4094 4690 δῆμον,

2507 4720 2658 4781 ὅπως
2683 4720 2725 4753 ⁸⁸
2759 4718 2854 4771 τὸν
2884 4703 3306 4786 ἀναγνωρισμδν
3339 4714 3436 4768 καὶ
3481 4713 3638 4777 αὖθις
3688 4714 3739 4767 oi.
3774 4715 4097 4781 συγγενείας

2509 4810 2656 4872 τινὸς
2696 4808 3016 4879 μετέχοντες
3050 4809 3108 4861 ἐν
3155 4806 3407 4876 ἀλλήλοις
3461 4807 3802 4874 ποιήσονται,
3859 4805 3986 4857 τότε
4039 4805 4097 4869 δὴ

2509 4901 2742 4971 φοϐερός
2770 4918 2855 4963 τις
2883 4900 3114 4971 ἠκούετο
3161 4901 3255 4953 καὶ
3283 4896 3606 4968 ταραχώδης
3637 4897 3837 4968 θρῆνος
3881 4898 4098 4951 πάντων

2509 4995 2586 5057 ὼς
2635 4994 2745 5048 ἀπὸ
2775 4995 2907 5064 μιᾶς
2937 4993 3121 5064 πηγῆς
3169 4993 3440 5062 ἀφιέντων
3486 4992 3614 5054 τοὺς
3669 4991 3940 5060 κρουνοὺς
3994 4989 4097 5041 τῶν

2511 5088 2784 5159 δακρύων,
2836 5089 2931 5141 καὶ
2989 5085 3406 5156 θρυλουμένων,
3462 5083 3514 5136 εί
3579 5083 3683 5135 πού
3732 5098 3885 5145 τινος
3945 5082 4098 5132 εὐτυ-

2513 5185 2735 5255 χήσοιεν
2757 5183 2802 5214 ιο
2825 5181 2936 5234 τῶν
2962 5180 3256 5248 φιλπάτων,
3290 5180 3382 5230 καὶ
3411 5177 3488 5245 μὴ
3513 5174 3652 5247 λάθῃ
3683 5173 4035 5242 παρελθοῦσα
4065 5175 4095 5239 ὴ

2517 5276 2828 5347 προθεσμία
2852 5275 2954 5343 τῆς
2984 5273 3324 5342 ἀνευρέσεως
3357 5271 3450 5323 καὶ
3477 5269 3702 5338 μείωσιν
3727 5267 3770 5298 ⁵⁷
3802 5266 3894 5318 ἐπ’
3921 5265 4096 5318 οὐδενὶ

2515 5368 2720 5440 βεϐαίῳ
2763 5366 2860 5437 τὴν
2913 5366 3042 5436 περὶ
3090 5363 3290 5426 αὐτοὺς
3339 5361 3705 5432 ψυχαγωγίαν
3748 5359 4094 5416 ἐλπίσαντες.

2520 5463 2889 5532 Περιήρχοντο
2940 5458 3035 5512 οὖν
3055 5458 3101 5489 ⁸⁸
3156 5457 3283 5510 ui“
3333 5455 3616 5524 δυστυχεῖς
3665 5452 3951 5520 γυναῖκες,
4003 5453 4095 5508 τὰς

2517 5556 2693 5623 κόμας
2723 5553 2942 5622 ἔχουσαι
2975 5550 3296 5618 λελυμένας,
3341 5547 3617 5615 πανταχοῦ
3661 5543 4094 5613 περισκοποῦσαι

2147 5666 2379 5722 νΑηιίΕ
2415 5667 2818 5724 LECTIONES.

899 5772 950 5808 ⁸⁸
974 5771 1066 5827 τὸν
1107 5772 1374 5840 Ῥωμαῖον
1407 5771 1471 5824 Α.
1552 5769 1592 5841 ξ¹
1624 5768 1754 5836 ἡμῖν
1915 5764 1965 5841 “_’
2000 5764 2406 5841 περιρρεόντων
2428 5765 2491 5818 Α.

1431 5841 1474 5870 ⁸⁷
1509 5834 1744 5909 μένωσιν
1775 5835 1834 5888 Ρ.
1912 5835 1957 5869 ⁸⁸
1981 5834 2109 5900 γοῦν
2141 5839 2203 5885 A.
2280 5834 2325 5865 ”
2354 5837 2407 5887 αί
2440 5851 2550 5889 om.
2593 5834 2648 5887 ι’.

837 5847 874 5876 ’⁸
907 5844 1254 5914 εύτυχήσειεν
1291 5841 1348 5894 Ρ.

2593 5763 2638 5795 ⁸³
2673 5762 3062 5831 πεπλησμένης
3086 5759 3143 5813 Ρ.
3242 5760 3285 5789 ⁸⁸
3304 5759 3371 5811 δι’
3399 5760 3580 5812 ἐκεῖνα
3611 5754 3670 5808 Ρ.
3753 5757 3800 5790 δ’
3829 5754 4002 5815 οὕτως
4027 5751 4085 5804 Δ.
