4174 6442
186 399 288 461 625

1283 409 1381 468 DE
1415 409 1726 471 EXCIDIO
1759 415 2362 480 THESSALONICE.

3357 425 3458 488 623

186 511 280 564 καὶ
327 509 655 582 διαϐρόχους
700 510 826 576 τοὺς
869 513 1184 584 ὀφθαλμοὺς
1228 519 1614 588 περιάγουσαι,
1667 523 1766 575 τίνι

1871 525 2056 592 lieres,
2087 531 2298 598 capillis
2326 530 2632 595 dissolutis,
2662 546 3106 602 quaquaversum
3126 535 3457 607 circumspi-

185 600 293 652 τῶν
351 602 562 654 τέκνων
612 601 831 672 πρῶτον
882 605 1203 676 ἐντύχωσιν.
1259 610 1321 663 Oi
1359 610 1417 663 δὲ
1464 611 1527 681 δὴ
1559 613 1767 679 παῖδες,

184 694 299 744 ὅσοι
327 692 400 745 τά
429 692 582 746 δεινὰ
611 693 708 764 τῆς
732 694 1011 766 θαλάσσης
1040 696 1321 766 διέφυγον,
1345 700 1602 774 καθάπερ
1624 705 1768 770 τινὲς

189 784 390 838 ἁπαλοὶ
424 785 615 854 μόσχοι
647 786 841 858 γοερὸν
862 788 910 821 ⁵⁸
946 789 1228 858 μυκῶνται
1264 792 1364 864 τῆς
1397 793 1569 865 θηλῆς
1600 799 1771 867 ἀφαι-

191 878 473 944 ρούμενοι,
503 877 648 931 οὕτω
675 878 742 945 δὴ
771 880 863 932 καὶ
893 872 1041 934 οὗτοι
1074 881 1308 937 ἐλεεινόν
1346 903 1399 939 τι
1427 886 1524 940 καὶ
1553 906 1773 960 συμπα-

185 966 274 1030 σιξ
307 967 769 1040 δκλαυθμύριζον,
803 970 965 1035 ἄλλος
1000 973 1122 1028 κατ’
1155 973 1283 1031 ἄλλο
1322 977 1488 1047 μέρος
1531 981 1630 1048 τῆς
1657 981 1771 1035 δια-

189 1061 402 1128 σπορᾶς
451 1060 671 1131 ἐκείνης
703 1064 988 1134 γενόμενοι
1027 1066 1122 1119 καὶ
1154 1068 1253 1130 τὰς
1288 1070 1532 1141 μητέρας
1563 1075 1769 1128 ἀνακα-

186 1149 478 1220 λούμενον
527 1148 611 1217 οἷς
672 1156 770 1209 καὶ
837 1160 1334 1228 περιτυγχάνουσαι
1395 1163 1657 1229 πολλάκις
1713 1168 1769 1219 αἰ

186 1241 425 1297 δείλαιαι
461 1245 698 1315 μητέρες
737 1247 840 1318 τὴν
883 1250 1124 1318 φυσικὴν
1151 1253 1372 1308 ὲκένουν
1391 1255 1431 1287 ⁸⁸
1467 1257 1554 1310 ἐπ’
1586 1259 1770 1321 αὐτοῖς

188 1336 561 1414 συμπάθειαν,
595 1338 1066 1410 περιπλεκόμεναι
1089 1347 1204 1406 τοῖς
1223 1343 1417 1414 αὐχέσι
1454 1347 1548 1400 καὶ
1589 1349 1766 1402 πάντα

186 1413 376 1478 αἶιτῶν
409 1427 812 1496 καταφιλοῦσαι
844 1430 914 1484 τὰ
953 1432 1088 1502 μέλη
1119 1433 1216 1487 καὶ
1259 1413 1490 1506 δάκρυσι
1532 1439 1766 1493 πλύνου-

186 1529 300 1578 σαι,
342 1515 503 1570 τοῦτο
535 1519 697 1587 μόνον
735 1519 1041 1591 ἡγούμεναι
1074 1523 1214 1593 μέγα
1237 1543 1287 1578 τι
1325 1529 1418 1579 καὶ
1452 1528 1768 1599 θαυμαστὸν

181 1604 262 1670 ὡς
294 1608 357 1660 ιν
384 1606 579 1671 δεινοῖς
621 1611 996 1684 παρηγόρημα
1037 1616 1098 1668 τὸ
1137 1617 1268 1688 παρ’
1297 1618 1490 1673 ἐλπίδα
1525 1623 1764 1692 σωθῆναι

183 1698 284 1750 καὶ
316 1697 530 1762 ζῶντας
555 1701 748 1766 αὐταῖς
775 1705 870 1758 καὶ
895 1701 1054 1768 αὖθις
1092 1708 1218 1771 τοὺς
1244 1710 1532 1776 φιλτάτους
1566 1715 1765 1769 ἀποδοο

185 1791 375 1861 θῆναι.
422 1793 587 1848 Ἀλλὰ
617 1796 791 1850 ταῦτα
820 1797 922 1867 μὲν
951 1799 1045 1853 ἐπὶ
1064 1803 1184 1865 ταῖς
1211 1803 1466 1872 ἐχούσαις
1492 1809 1550 1860 ὲν
1575 1810 1765 1878 χερσὶν

1880 620 2110 684 cientes,
2135 631 2190 674 ct
2215 622 2450 692 irriguos
2476 623 2734 694 lacrymis
2767 624 2955 678 oculos
2981 625 3455 693 circumferentes,

1880 710 1926 764 si
1966 727 2129 780 quem
2171 713 2410 781 primum
2466 712 2706 768 ﬁliorum
2737 714 3118 784 offenderent;
3161 716 3258 771 ﬁlii
3300 734 3454 784 vero,

1878 803 2030 856 velut
2079 804 2264 858 tenelli
2316 805 2472 859 vituli
2505 806 2779 860 subducto
2821 807 2889 862 iis
2922 807 3065 862 lacte
3095 823 3158 862 ac
3189 810 3459 864 uberibus

1878 895 2118 950 flebilem
2149 897 2323 951 edunt
2353 899 2640 966 gemitum,
2667 898 2746 953 sic
2767 909 2822 954 et
2850 902 2924 955 illi
2953 900 3265 954 miserabile
3294 901 3459 970 quid-

1877 986 2023 1054 piam
2072 1002 2136 1041 ac
2183 987 2481 1042 miserandi
2535 1003 2770 1057 pronum
2818 991 3017 1045 affectu
3072 992 3359 1060 vagiebani.
3394 1007 3459 1047 ac

1877 1077 2180 1146 ejulabant,
2209 1078 2349 1132 alius
2378 1079 2481 1133 alia
2513 1085 2568 1133 tn
2600 1089 2756 1150 parte
2781 1081 3140 1150 dispersionis
3177 1084 3324 1137 illius
3364 1097 3457 1152 pa-

1878 1167 2054 1221 lantes
2080 1183 2144 1221 ac
2183 1178 2387 1224 matres
2422 1172 2798 1241 appellantes;
2833 1171 2889 1226 in
2923 1189 3058 1242 quos
3081 1175 3456 1245 etdeplorata:

1878 1258 1982 1313 illae
2016 1260 2160 1313 haud
2200 1277 2322 1315 raro
2370 1263 2698 1329 incidentes,
2730 1265 2968 1320 naturali
3000 1266 3056 1320 in
3094 1281 3190 1322 eos
3227 1267 3458 1321 misera-

1878 1351 2026 1406 tione
2096 1356 2386 1409 commotis
2447 1355 2788 1421 visceribus,
2863 1357 3113 1413 cervices
3167 1358 3451 1427 amplecti,

1876 1444 2057 1497 omnia
2091 1445 2310 1498 illorum
2336 1447 2582 1501 membra
2610 1450 2941 1514 exosculari,
2973 1452 3153 1520 rigare
3173 1451 3454 1522 lacrymis.

1876 1533 2066 1603 ingens
2092 1536 2224 1589 illud
2261 1537 2516 1591 solatium
2547 1555 2826 1609 unumque
2858 1541 3243 1596 admirandum
3281 1543 3454 1596 malo-

1875 1641 1998 1679 rum
2022 1626 2113 1680 illa
2143 1628 2480 1685 immanitate
2503 1632 2902 1696 existimantes,
2934 1645 3135 1703 praeter
3164 1648 3314 1704 spem
3338 1650 3456 1688 ser-

1873 1727 1994 1772 vata
2025 1720 2310 1790 adhucque
2350 1724 2458 1778 vita
2491 1726 2695 1794 sospite
2744 1725 3066 1780 charissima
3105 1727 3187 1781 eis
3225 1727 3455 1796 pignora

1873 1811 2086 1867 reddita
2113 1828 2254 1868 esse.
2297 1814 2363 1867 Et
2394 1815 2510 1869 haec
2547 1816 2772 1884 quidem
2804 1815 2871 1871 de
2904 1817 3011 1872 illis
3035 1819 3286 1888 quaajam
3312 1817 3454 1873 ﬁlios

183 1883 285 1954 ήδη
313 1885 446 1948 τοὺς
470 1886 668 1952 παῖδας
704 1890 799 1942 καὶ
839 1890 900 1943 τὸ
934 1891 1056 1945 κατ’
1083 1893 1278 1957 αὐτοὺς
1309 1898 1547 1965 ἀσφαλὲς
1578 1903 1642 1954 ἐκ
1667 1901 1766 1972 τῆς

1871 1902 1924 1956 in
1976 1905 2234 1959 manibus
2271 1905 2550 1961 habebant
2585 1923 2784 1976 resque
2831 1908 3048 1963 illorum
3086 1907 3141 1962 in
3190 1917 3308 1964 tuto
3331 1924 3454 1965 esse

181 1977 387 2047 πείρας
410 1978 591 2066 αὐτῆς
617 1983 1016 2052 γνωριζούσαις
1035 2001 1048 2016 ·
1081 1987 1135 2039 τί
1153 1987 1198 2040 δ’
1225 1987 1291 2042 ἂν
1331 1990 1541 2061 εἴποιμι
1566 1995 1611 2026 ⁸³
1637 1997 1765 2066 περὶ

181 2069 294 2122 τῶν
340 2069 542 2136 ἄλλων,
569 2065 646 2126 ὧν
679 2074 802 2128 καθ’
834 2075 1045 2131 ὑδάτων
1077 2079 1146 2133 τὰ
1191 2081 1366 2154 βρέφη
1399 2084 1619 2139 διόλωλε
1668 2090 1765 2142 καὶ

181 2160 384 2232 ἄδηλον
412 2157 483 2234 ἦν
542 2165 731 2231 αὐταῖς
793 2167 856 2222 τδ
913 2170 1151 2238 συμϐὰν,
1203 2173 1319 2238 πῶς
1368 2175 1765 2248 διεσπάραττον

180 2256 310 2318 τοὺς
342 2256 603 2327 χιτῶνας,
627 2258 718 2313 τὸν
737 2259 883 2315 ἔνδον
904 2263 1004 2333 τῆς
1036 2265 1262 2334 καρδίας
1293 2268 1369 2339 μὴ
1398 2271 1764 2341 ὑπομένουσαι

181 2346 268 2416 [Ρ.
305 2347 440 2421 576]
470 2350 754 2417 κλύδωνας
780 2353 900 2417 πῶς
918 2357 1018 2410 οὐκ
1045 2359 1235 2430 ήθελον
1260 2362 1515 2434 μηδαμοῦ
1550 2367 1763 2438 στῆναι,

179 2438 320 2493 ἀλλὰ
357 2443 690 2513 περιήγοντο
715 2446 1014 2518 φερόμεναι
1045 2450 1225 2522 μάτην
1262 2453 1368 2507 ὑπὸ
1416 2457 1515 2528 τῆς
1567 2459 1763 2527 ἀλόγου

181 2528 275 2582 τοῦ
309 2529 521 2596 πάθους
554 2535 752 2606 ὁρμῆς.
797 2538 928 2608 τῇδε
960 2541 1183 2595 κάκεῖσε
1229 2544 1297 2598 τὰ
1339 2546 1564 2617 ὄμματα
1607 2567 1766 2621 περι-

183 2623 545 2695 στρέφουσαι,
574 2629 629 2681 εῖ
668 2629 772 2683 πού
811 2647 936 2684 τινα
965 2633 1074 2687 τῶν
1107 2635 1458 2710 ποθουμένων
1487 2642 1766 2699 θεάσοιντο

179 2714 214 2785 ἡ
245 2732 398 2780 τινος
431 2721 563 2790 περὶ
599 2721 782 2775 αὐτῶν
816 2724 1065 2794 ἀκριϐῶς
1097 2727 1300 2792 ίδόντος
1329 2731 1672 2802 ἀκούσοιντο,
1696 2739 1761 2790 ἵν’

180 2807 384 2879 ἐκείνῳ
420 2810 483 2863 τὺ
513 2812 611 2882 τῆς
658 2813 837 2886 ψυχῆς
883 2819 1218 2890 φλεγμαῖνον
1258 2825 1515 2880 κενώσειε
1535 2830 1611 2896 ⁵³ς
1657 2832 1766 2885 Καὶ

179 2897 363 2953 ταῦτα
395 2901 496 2971 μὲν
525 2904 795 2975 ἔπραττον
826 2910 920 2961 ἐπὶ
947 2911 1070 2964 δυσὶ
1112 2913 1373 2980 πολλάκις
1397 2919 1430 2987 ἢ
1457 2920 1551 2972 καὶ
1585 2924 1766 2992 τρισὶν

181 2989 446 3063 ήιμέραες,
470 2995 574 3060 ἕως
602 2998 773 3052 πολλά
805 3003 1112 3070 καμούσαις
1149 3006 1298 3060 ἄλλοι
1327 3011 1470 3074 τινὲς
1499 3012 1606 3065 τῶν
1623 2987 1767 3080 ἔτνέυ.

181 3081 367 3174 ρίμων
407 3084 472 3138 τὸ
508 3088 638 3157 περ).
682 3089 791 3142 τῶν
845 3091 1198 3163 ζητουμένων
1237 3099 1515 3169 ἐδήλωσαν
1569 3105 1763 3174 πέρας,

179 3171 346 3243 λιμοῦ
382 3176 643 3281 πολλάκις
673 3181 896 3281 infit?!“
925 3183 1085 3254 ἔργον
1103 3189 1231 3252 τοὺς
1259 3191 1546 3258 φιλτάτους
1579 3171 1758 3251 αὐτῶν
1787 3223 1828 3281 C

180 3265 623 3333 γεγενημένους·
674 3269 732 3333 ἐξ
766 3265 827 3323 οὗ
872 3273 1058 3344 δήκαὶ
1104 3280 1306 3347 μᾶλλον
1349 3282 1408 3335 τὺ
1443 3285 1615 3349 πάθος
1675 3289 1759 3352 ἐξ·

179 3354 593 3424 αγριαίνουσαι,
618 3365 1002 3435 γεγωνοτέροις
1032 3367 1252 3439 θρήνοις
1279 3376 1369 3426 καὶ
1388 3375 1567 3440 ἄλλοις
1589 3378 1764 3432 θλιϐε-

179 3443 290 3512 ριῖιν
320 3445 492 3500 εἴδεσι
536 3451 663 3514 τοὺς
696 3455 1096 3527 ἀποιχομένους
1138 3463 1548 3535 ἐφιλοφρόνουν.
1601 3471 1765 3526 Ἀλλὰ

177 3537 229 3633 τί
468 3542 567 3611 τὴν
599 3543 694 3596 ἐπὶ
732 3547 946 3614 τούτοις
982 3553 1252 3633 ἐπιχειρῶ
1275 3563 1617 3633 συγγραφὴν,
1642 3565 1763 3619 οὐδὲ

174 3627 235 3679 τὸ
270 3629 569 3686 πολλοστὸν
603 3636 768 3706 μέρος
791 3639 900 3694 τῶν
924 3629 1045 3696 τότε
1069 3627 1478 3718 πεπραγμένων
1501 3627 1692 3709 ⁷ἱκανὸν
1719 3659 1764 3690 ⁵³⁵

177 3723 679 3792 παραστήσασθαις
729 3729 969 3787 Ἐκεῖνον
1000 3733 1109 3804 γὰρ
1137 3738 1302 3791 αὑτὸν
1323 3742 1368 3773 ³⁵
1419 3743 1526 3796 ἔδει
1569 3752 1760 3818 παρεῖ-

176 3829 264 3865 ναι
418 3817 546 3912 τοὺς
573 3819 807 3890 θρήνους
838 3825 938 3895 τῆς
985 3827 1343 3904 Ἰερουσαλὴμ
1371 3814 1763 3912 ἀναγραφόμε-

178 3923 267 3960 νον
309 3907 614 4002 ἶιερεμίαν,
647 3914 715 3967 ἵν’
743 3917 928 3990 ἐπαφῇ
958 3920 1193 3992 δάκρυον
1222 3907 1649 4002 ἀπαρηγόρητον
1664 3907 1766 3990 in!

175 4001 444 4056 τοσοῦτον
477 4003 607 4059 λαὸν
628 4010 920 4076 τοσαύταις
961 4015 1222 4086 ἀλγηδόσι
1261 4001 1761 4094 κατατρυχόμενον.

178 4093 252 4189 (λύ
287 4095 403 4168 γάρ
450 4096 595 4152 οὕτω
639 4103 824 4173 φωνὴν
871 4105 1053 4176 ἀφῆκε
1099 4109 1300 4181 Ῥαχὴλ
1341 4115 1400 4166 ὲν
1438 4116 1633 4189 Ῥαμᾷ,
1676 4121 1765 4174 ὅτε

173 4187 274 4256 τὴν
337 4189 605 4260 στέρησιν
659 4192 768 4245 τῶν
822 4196 1033 4251 τέκνων
1099 4201 1529 4275 ἀπωλοφύρετο,
1583 4187 1766 4277 καθώς

174 4293 346 4348 φησιν
376 4280 412 4348 ἡ
443 4280 656 4352 Γραφὴ,
680 4283 810 4355 ὡςή
843 4287 1030 4352 κοιλάς
1061 4291 1242 4362 ἐκείνη
1277 4295 1400 4348 καθ’
1431 4298 1497 4366 ἢν
1530 4302 1766 4356 ἐτελεῖτο

172 4371 370 4440 ταῦτα,
394 4372 497 4438 τὰς
512 4375 830 4446 ,ἀλγηδόνας
857 4379 968 4432 τῶν
1010 4382 1249 4439 ἁλόντων
1293 4396 1761 4451 συνεπιτείνουσα.

239 4550 338 4622 οβ’.
378 4548 508 4608 Οἷον
540 4555 648 4628 γὰρ
694 4559 858 4613 πάλιν
892 4561 1000 4616 ἀπὸ
1032 4563 1238 4620 τούτων
1277 4570 1429 4640 παρὰ
1465 4572 1574 4627 τῶν
1602 4593 1756 4645 μισο-
1794 4583 1835 4636 D

173 4645 309 4700 θέων
332 4648 590 4719 ἐπράχθη
625 4653 832 4707 κακόνῑ
866 4656 1027 4709 Καθὰ
1054 4658 1164 4728 γὰρ
1199 4661 1497 4730 φθάσαντες
1529 4667 1758 4740 ἔφημεν,

174 4737 561 4809 λογισαμένων
591 4744 773 4798 αὐτῶν
812 4747 1029 4818 πρῶτον
1060 4750 1136 4814 ὼς
1164 4755 1212 4806 εἰ
1258 4755 1396 4808 κατὰ
1440 4763 1761 4828 συγγένειαν

173 4831 310 4901 πρὸς
337 4833 608 4904 ἀλλήλους
632 4838 680 4890 οἱ
709 4838 804 4892 τοῦ
825 4841 1064 4911 πλήθους
1092 4845 1432 4917 ἀναμιχθῶσι
1451 4852 1559 4905 τῶν
1589 4856 1761 4925 αἰχμ-

173 4924 424 4990 αλώτων,
482 4930 577 4982 καὶ
623 4931 733 4984 τῶν
790 4933 999 4988 πολλῶν
1040 4937 1242 4995 ὀδυνῶν
1296 4943 1616 5013 παύσονται,
1669 4952 1762 5003 καὶ

174 5018 308 5086 πρὸς
331 5018 438 5110 τῂν
464 5019 711 5074 δουλείαν
752 5025 914 5096 ἡνίκα
947 5027 1014 5082 ἂν
1053 5031 1334 5098 ἐκδοθῶσι,
1381 5039 1623 5110 φορητὴν
1659 5043 1759 5092 αύ-

173 5113 281 5173 τοίς
340 5107 488 5165 εἶναι
545 5113 621 5178 ὡς
677 5117 735 5168 ἐν
790 5123 980 5184 κακοῖς
1030 5124 1130 5194 τὴν
1163 5126 1448 5198 ἐπήρειαν,
1500 5133 1574 5194 ὡς
1622 5130 1762 5188 εἶδον

175 5200 371 5264 αὐτοὺς
431 5204 554 5267 ταῖς
611 5206 953 5278 ἀγχιστεξαις
1006 5215 1635 5292 ἐπισυναλλαττομένους
1668 5229 1760 5280 καὶ

175 5293 432 5365 καθάπερ
474 5297 661 5366 σειρὰν
685 5300 882 5355 ἄλυτον
907 5303 1094 5375 ἓτερον
1137 5309 1392 5378 ἐχόμενον
1422 5312 1515 5366 τοῦ
1544 5317 1756 5387 ἐτέρου,

175 5385 263 5438 τόν
306 5404 368 5440 τε
433 5393 713 5460 χωρισμὸν
749 5394 1139 5470 δυσδιαίρετον,
1195 5404 1331 5457 καθὸ
1380 5406 1604 5476 ἔμελλον
1639 5385 1759 5474 τὰς

179 5479 406 5547 μερίδας
431 5483 562 5550 μιᾶς
593 5485 830 5557 ἑκάστης
860 5491 986 5559 νηδς
1017 5494 1330 5566 ἀπονεῖμαι,
1367 5499 1759 5554 ἐϐουλεύσαντο

250 5595 267 5630 ⁸
291 5594 502 5652 Jcrem.
530 5615 613 5667 tu,
633 5601 724 5657 21.

1868 1996 2252 2064 experimento
2284 1996 2615 2053 didicerant.
2651 1998 2791 2066 Quid
2832 2016 2963 2055 vero
2991 2000 3060 2056 de
3091 2000 3216 2057 aliis
3247 2001 3450 2063 dicam,

1867 2099 2104 2152 quorum
2133 2085 2385 2138 infantuli
2420 2088 2472 2140 in
2510 2090 2670 2156 aquis
2702 2090 3005 2156 perierant,
3037 2099 3093 2144 et
3122 2105 3311 2144 eorum
3337 2091 3453 2145 exi-

1867 2183 1958 2230 tus
1986 2176 2227 2229 latebat?
2267 2179 2548 2244 quomodo
2601 2179 2815 2234 tunicas
2855 2179 3243 2250 diseerpcbant
3271 2223 3285 2244 ,
3323 2196 3449 2236 cum

1871 2268 2124 2322 intimum
2181 2270 2364 2323 cordis
2411 2271 2689 2325 turbinem
2736 2289 2842 2326 non
2885 2274 3259 2329 sustinerent?
3309 2292 3451 2344 quo-

1869 2360 2033 2414 modo
2080 2361 2230 2414 nuilu
2278 2361 2397 2414 loco
2433 2364 2744 2418 subsistere
2796 2364 3067 2429 ferebant,
3107 2366 3202 2419 sed
3245 2365 3449 2422 frustra

1869 2453 1970 2508 hac
2010 2453 2244 2522 illacque
2279 2456 2466 2508 vesani
2499 2456 2729 2510 affectus
2752 2457 2956 2526 impetu
2985 2459 3447 2528 circumageban-

1871 2555 1979 2608 tur,
2019 2546 2073 2599 in
2108 2561 2327 2599 omnem
2354 2556 2564 2616 partem
2597 2549 2787 2604 oculos
2817 2549 3250 2619 distorquentes,
3271 2550 3446 2604 sicubi

1867 2641 2462 2696 desideratissimorum
2495 2644 2736 2712 aliquem
2778 2645 2967 2698 videre
3000 2645 3218 2710 liceret,
3263 2654 3358 2700 aut
3382 2661 3450 2699 ex

1870 2733 2056 2801 aliquo
2101 2735 2193 2802 qui
2230 2744 2387 2789 certo
2411 2735 2580 2789 sciret
2619 2735 2962 2806 vidissetque
3020 2738 3251 2800 audire,
3292 2746 3354 2792 ut
3379 2753 3451 2792 eo

1869 2826 2066 2880 solatio
2093 2827 2263 2880 animi
2300 2826 2462 2897 587
2489 2837 2682 2882 aastum
2725 2828 2966 2883 leniret?
2989 2830 3057 2884 Et
3083 2830 3198 2886 hzec
3231 2838 3293 2886 ut
3323 2831 3450 2901 plu-

1870 2915 2071 2969 rimum
2135 2932 2234 2985 per
2293 2916 2433 2970 duos
2487 2928 2584 2971 aut
2643 2925 2756 2972 tres
2799 2918 2918 2974 dies
2969 2921 3227 2989 agebant,
3273 2920 3451 2976 donec

1869 3008 2046 3060 multo
2076 3007 2309 3062 defessis
2339 3008 2545 3073 labore,
2594 3010 2686 3062 alii
2735 3011 2958 3079 quidam
3013 3027 3079 3066 ex
3129 3013 3295 3078 notis,
3339 3029 3452 3084 quo

1869 3099 2174 3153 evasissent
2230 3099 2324 3168 qui
2369 3100 2784 3168 qurerebantur,
2815 3101 3084 3156 certiores
3118 3103 3446 3168 reddebant,

1869 3191 2012 3246 fame
2057 3191 2267 3246 scilicet
2297 3199 2392 3244 aut
2436 3191 2526 3245 siti
2560 3191 2879 3247 dulcissima
2907 3195 3087 3263 capita
3121 3197 3450 3266 plerumque

1866 3292 2062 3337 enecta
2087 3298 2226 3335 esse.
2261 3282 2442 3347 Quare
2470 3284 2635 3336 etiam
2665 3283 2768 3338 illa:
2795 3285 2985 3354 majori
3016 3285 3203 3340 dolore
3225 3303 3450 3358 exaspe-

1867 3385 1998 3429 rata:
2040 3375 2464 3430 clamosioribus
2492 3375 2750 3430 lamentis
2787 3377 3020 3446 aliisque
3057 3378 3448 3435 discruciatio-

1867 3485 2000 3522 num
2031 3469 2328 3538 generibus
2365 3468 2655 3522 defunctos
2693 3470 3059 3539 accipiebant.
3105 3470 3245 3537 Quid
3271 3474 3449 3528 enim-

1867 3576 1999 3614 vero
2024 3561 2108 3614 his
2134 3561 2343 3629 scripto
2372 3561 2701 3615 enarrandis
2731 3562 2932 3616 frustra
2969 3562 3181 3623 laboro,
3213 3564 3306 3633 qui
3347 3581 3450 3619 nec

1868 3651 2153 3703 minimam
2207 3650 2426 3703 illorum
2456 3660 2666 3718 partem
2699 3666 2822 3718 qua:
2850 3660 2982 3705 tunc
3019 3663 3170 3721 gesta
3202 3663 3328 3706 sunt
3359 3669 3446 3708 re-

1869 3755 2201 3813 prmsentare
2234 3743 2540 3797 sufficiam?
2575 3743 2788 3798 Etenim
2815 3744 3007 3799 adesse
3033 3761 3130 3814 par
3161 3757 3326 3810 esset,
3353 3746 3447 3816 qui

1870 3836 2246 3906 Hierosolyma
2273 3835 2653 3904 deplangendo
2684 3835 2936 3891 Threnos
2963 3837 3314 3907 conscripsit,
3359 3853 3448 3891 sa-

1867 3929 2234 3982 cratissimum
2259 3927 2578 3985 Jeremiam,
2604 3943 2715 3997 quo
2740 3929 2970 3989 scilicet,
3003 3928 3055 3982 in
3081 3938 3230 3982 tanto
3247 3929 3450 3998 populo

1867 4020 2037 4076 tantis
2063 4018 2349 4074 doloribus
2392 4018 2656 4087 malisque
2691 4034 2988 4088 oppresso,
3025 4019 3450 4075 inconsolabiles

1868 4113 2136 4182 lacrymas
2179 4110 2456 4164 funderet.
2506 4108 2695 4179 Neque
2725 4110 2872 4163 enim
2907 4109 3110 4164 Rachel
3140 4111 3218 4164 sic
3255 4126 3448 4166 vocem

1871 4208 1923 4260 in
1979 4207 2188 4259 Rhama
2235 4204 2438 4265 emisit,
2475 4218 2599 4255 cum
2634 4203 2880 4256 sublatos
2926 4202 3066 4256 ﬁlios
3113 4203 3446 4272 deploraret,

1868 4298 2150 4353 utdivinae
2193 4297 2415 4349 tradunt
2465 4294 2685 4347 Littera:
2714 4298 2751 4354 ι,
2783 4295 3247 4364 quemadmodum
3295 4295 3448 4350 vallis

1869 4391 1980 4451 illa,
2023 4389 2076 4442 in
2108 4404 2214 4458 qua
2275 4388 2391 4442 hmc
2415 4385 2782 4459 agitabantur,
2831 4389 3173 4456 captivorum
3227 4387 3449 4443 dolores

1870 4481 2121 4548 malaque
2157 4480 2418 4532 auctavil.

1933 4571 2018 4624 '72.
2073 4570 2244 4636 Quale
2287 4585 2418 4623 vero
2463 4579 2593 4624 tunc
2645 4585 2838 4623 rursus
2879 4570 2947 4624 ab
3003 4571 3187 4639 impiis
3244 4571 3447 4640 Deique

1868 4663 2124 4719 osoribus
2170 4671 2448 4732 patratum
2477 4670 2561 4716 cst
2604 4662 2848 4715 malum?
2883 4661 2949 4717 Ut
2974 4663 3120 4716 enim
3157 4663 3266 4732 jam
3303 4660 3447 4715 dixi-

1869 4772 2012 4819 mus,
2068 4771 2195 4808 cum
2255 4755 2362 4808 illis
2413 4755 2652 4824 primum
2706 4754 2762 4807 in
2814 4763 3051 4808 mentem
3095 4755 3357 4831 venisset,
3402 4754 3447 4808 si

1870 4848 2032 4902 modo
2074 4846 2298 4916 captivi,
2334 4862 2440 4915 qua
2481 4846 2887 4901 necessitudine
2922 4847 3014 4900 alii
3049 4847 3188 4901 alios
3224 4847 3446 4901 contin-

1866 4948 2054 5011 gerent
2095 4936 2392 5007 aliinesqne
2422 4946 2627 5002 essent,
2649 4936 2862 4992 confusi
2900 4938 3284 4999 miscerentur,
3331 4937 3448 4992 fore

1872 5040 1932 5084 ut
1987 5030 2158 5084 multa
2208 5028 2458 5082 dolorum
2511 5038 2663 5098 parte
2713 5029 3030 5082 levarentur
3086 5042 3151 5083 ac
3207 5028 3447 5083 servitu-

1872 5133 1998 5186 tem,
2033 5130 2321 5192 postquam
2357 5120 2560 5174 addicti
2591 5130 2796 5183 essent,
2831 5129 2888 5174 ut
2929 5122 2982 5175 in
3024 5121 3293 5174 malorum
3324 5136 3451 5189 pro-

1868 5217 2025 5276 cella,
2061 5212 2258 5280 quovis
2300 5210 2463 5264 modo
2501 5209 2842 5264 tolerabilem
2879 5210 3182 5273 ducerent,
3231 5220 3290 5263 ut
3327 5209 3450 5264 illos

1867 5322 2034 5376 penes
2077 5305 2310 5358 familias
2353 5299 2887 5371 necessitudinisque
2913 5301 3038 5370 jure
3070 5301 3358 5356 devinctos
3385 5315 3450 5354 ac

1871 5397 2213 5456 corisociatos
2260 5396 2423 5462 inque
2469 5408 2677 5447 morem
2728 5392 3038 5448 insolubilis
3072 5405 3278 5448 catena:
3310 5392 3448 5447 alte-

1873 5510 1990 5549 rum
2024 5488 2182 5545 alteri
2220 5487 2558 5541 cohaerentes
2601 5485 2767 5556 588
2813 5485 2882 5539 ab
2914 5485 3150 5540 invicem
3178 5498 3319 5554 {egre
3358 5483 3447 5538 di-

1473 5679 1706 5735 VARI/E
1738 5676 2143 5733 LEU'l‘lilM'LS.

245 5781 290 5812 ⁸⁸
319 5788 530 5854 ’(οερώς
555 5788 611 5841 ιι.

181 5791 290 5905 "HT
319 5791 530 5906 ἱςοιρώς
555 5791 611 5841 l‘.
719 5792 757 5820 “
786 5791 998 5847 ἐκίνουν
1030 5792 1073 5848 Δ
1095 5803 1146 5850 et
1175 5795 1523 5865 inth'Prchs-

1635 5798 1679 5829 “
1701 5797 1951 5866 εἴποιμεν
1986 5791 2044 5846 Α.

2163 5796 2207 5830 ⁵³
2240 5793 2532 5846 κενώσειαν
2553 5797 2572 5846 '.’
2677 5794 2721 5825 ”
2753 5792 2934 5856 ἱκανὸς
2988 5793 3061 5844 ὼν
3089 5795 3110 5847 ?
3207 5793 3252 5824 "
3281 5793 3442 5846 αὐτὴν
