4174 6442
701 448 806 517 627

1923 425 2265 496 JOANNES
2301 418 2747 486 CAMENIATA

704 562 817 622 vidi
857 557 1135 634 patientes
1161 553 1373 618 videre,
1407 549 1541 607 dum
1571 544 1804 620 singulis
1837 541 2073 634 navibus
2105 543 2291 612 partes
2322 587 2324 599 ,

2425 530 2559 589 πάλιν
2609 525 2802 602 βουλὴν
2859 520 3106 597 πονηρὰν
3139 519 3234 576 καὶ
3275 516 3542 590 πολεμίαν
3587 511 3689 584 τῆς
3735 509 3977 634 ciner-

2425 623 2486 634 -ι
2578 619 2602 634 -
2700 616 2724 634 -
2783 615 2882 634 ηι-
2955 612 3250 634 ι..,,,,,--,
3296 605 3624 634 ..-.--ιι....
3667 601 3758 634 ..-ι
3821 593 3889 634 .r.
3932 611 3977 634 ..ρ

704 633 994 713 ascribunt
1045 659 1297 719 onusque
1357 633 2067 709 distribuunt,,improbum
2098 642 2293 687 rursus

705 742 1000 804 consilium
1031 751 1097 796 ac
1129 744 1344 794 natura
1371 742 1621 806 pugnans
1656 725 1920 785 inferunt.
1965 719 2171 780 Jubent
2197 730 2294 774 eos

705 836 804 912 qui
837 832 1008 894 semel
1050 828 1227 906 juncti
1257 827 1476 884 fuerant
1527 821 1728 912 iterum
1766 814 2026 912 disjungi.
2079 810 2136 869 Si
2173 823 2296 912 quas

709 901 892 986 tamen
920 901 1098 982 uiator
1127 920 1186 977 in
1217 917 1299 976 eis
1329 913 1591 972 infantem
1631 911 1772 968 lacte
1816 906 2151 979 indigentem
2197 901 2298 957 ba-

708 1020 899 1086 beret,
936 1016 1088 1072 hunc
1131 1011 1399 1068 duntaxat
1431 1019 1560 1064 cum
1601 1007 1832 1075 parente
1873 1008 2097 1055 manere
2142 990 2297 1064 impii

710 1109 965 1168 homines
1011 1117 1266 1168 sanxere,
1305 1110 1368 1158 ut
1402 1098 1497 1172 qui
1539 1095 1804 1152 nimirum
1853 1089 1959 1149 sibi
2016 1087 2123 1161 ipsi
2169 1085 2299 1142 vita

711 1197 1042 1273 compendio
1077 1195 1220 1254 nihil
1255 1190 1508 1251 conferre
1534 1188 1787 1246 valeret:
1833 1182 2076 1255 reliquos
2107 1191 2300 1236 omnes

711 1294 780 1351 ab
807 1268 1063 1350 ahnibus
1090 1285 1448 1361 cognatisque
1489 1279 1786 1336 distractos
1827 1273 2139 1348 promiscue
2170 1268 2298 1327 nul-

711 1387 875 1457 laque
915 1379 1251 1439 discretione
1283 1372 1526 1433 sortibus
1551 1384 1676 1428 esse
1701 1365 2153 1457 committendas.
2171 1361 2304 1429 Qum

715 1451 1001 1529 enimvero
1022 1465 1201 1524 oratio
1227 1471 1392 1520 tanta
1416 1455 1746 1519 calamitatis
1773 1451 2141 1512 infortunium
2170 1463 2304 1505 nar-

717 1559 957 1619 raverit?
983 1557 1116 1627 Qum
1139 1551 1639 1622 oratorumlingua
1661 1547 1872 1605 variam
1899 1544 2050 1602 illam
2072 1550 2129 1600 et
2162 1539 2306 1596 mul-

719 1653 1000 1712 tiformem
1033 1644 1714 1708 dolorum'immanitatcm
1754 1638 1990 1697 dicendo
2019 1647 2306 1707 expresse-

718 1748 813 1814 rit,
864 1759 990 1803 cum
1035 1752 1096 1799 et
1140 1751 1343 1799 natura
1391 1739 1511 1810 ipsa
1560 1734 1783 1792 insolito
1835 1732 1944 1788 hoc
1990 1740 2306 1796 vesanoque

718 1845 996 1913 praecepto
1033 1835 1089 1892 in
1123 1833 1294 1890 multa
1331 1830 1704 1893 scinderetur,
1751 1824 1840 1881 cui
1884 1823 2063 1880 solum
2110 1820 2163 1874 in
2199 1815 2306 1873 cri-

722 1948 849 1989 men
881 1936 1194 1987 verteretur
1213 1923 1433 1998 generis
1460 1920 1777 1979 communio
1801 1933 1886 1982 ac,
1916 1929 2080 1986 quam
2111 1921 2307 1967 natura

725 2025 876 2090 iacit,
911 2021 1352 2096 propinquorum
1385 2012 1742 2088 conjunctio?
1789 2011 1960 2067 Filius
2000 2013 2238 2075 namQue
2275 2017 2307 2057 a

725 2123 915 2188 patre,
957 2129 989 2170 a
1022 2121 1200 2170 matre
1247 2110 1389 2176 filia,
1431 2109 1603 2165 frater
1643 2121 1673 2161 a
1708 2104 1876 2159 fratre
1919 2098 2306 2155 divellebatur.

724 2208 830 2267 Ubi
856 2205 990 2277 quid
1012 2219 1210 2261 omnes
1236 2203 1360 2258 illos
1385 2201 1500 2273 pati
1545 2195 1848 2255 verosimili
1887 2194 2095 2248 ratione
2124 2189 2312 2245 existi-

727 2299 1011 2365 mandum,
1051 2312 1177 2354 cum
1227 2296 1282 2351 in
1333 2293 1657 2350 servitutem
1715 2290 1770 2344 in
1824 2298 2027 2343 terram
2078 2284 2309 2339 alienam

729 2386 1194 2449 abducerentur?
1237 2385 1332 2440 ubi
1355 2383 1567 2440 scilicet
1614 2388 1813 2435 nostrae
1855 2375 1982 2432 fidei
2018 2375 2219 2437 cultus,
2252 2379 2315 2426 ut

730 2480 1121 2546 exsecrandus,
1152 2477 1305 2535 omni
1353 2474 1682 2546 iniuriarum
1726 2468 2063 2540 procacitate
2107 2466 2316 2520 lacera-

733 2583 842 2637 tur,
876 2569 1361 2637 vesanissimaeque
1392 2562 1657 2620 libidines
1689 2569 1851 2630 atque
1880 2558 2013 2612 vitia
2035 2555 2312 2618 coluntur,

732 2662 827 2718 ubi
857 2659 1152 2717 fornicatio
1192 2657 1543 2717 lionestatur,
1582 2651 1906 2719 insaniaque
1939 2647 2167 2718 praemio
2195 2641 2312 2698 alli-

733 2758 898 2821 citur,
961 2767 1028 2810 ac
1079 2747 1426 2822 impudentia
1480 2746 1782 2817 plurimum
1834 2742 2171 2800 honoratur,
2221 2735 2316 2792 ubi

735 2847 1106 2904 masculorum
1135 2858 1303 2901 sexus
1331 2841 1386 2895 in
1411 2837 1740 2896 muliebrem
1772 2849 1933 2890 usum
1964 2830 2318 2893 transfertur,

731 2954 790 2999 et
830 2943 1072 2998 violatur
1125 2946 1404 3001 creatura,
1461 2941 1700 3003 suntque
1757 2929 1941 2985 omnia
1980 2922 2320 2983 confusionis

738 3039 897 3109 plena
931 3044 988 3092 et
1015 3034 1082 3090 ad
1110 3034 1313 3088 malum
1349 3041 1634 3085 conversa.
1661 3023 1803 3092 Quid
1836 3023 2037 3077 horum
2072 3018 2318 3074 omnium

739 3108 976 3199 primum
1020 3124 1186 3197 589
1241 3118 1611 3193 planxerunt?
1645 3116 1700 3170 in
1733 3129 1842 3185 quo
1870 3128 1982 3168 non
2023 3109 2194 3180 magis
2238 3108 2320 3162 la-

737 3236 942 3291 queum
975 3215 1292 3288 elegerunt?
1334 3211 1613 3268 Ferebant
1643 3217 1825 3264 tamen
1863 3204 2069 3268 omnia,
2118 3202 2230 3256 Deo
2265 3200 2318 3253 in

739 3311 997 3371 omnibus
1026 3309 1242 3365 animos
1283 3321 1347 3361 ac
1374 3301 1741 3361 constantiam
1784 3297 2063 3369 praebente
2099 3306 2322 3362 suaeque

741 3403 1041 3461 voluntatis
1073 3413 1212 3456 nutn
1242 3397 1455 3470 singula
1482 3408 1714 3466 quaeque
1743 3391 2091 3461 disponente.

816 3497 904 3552 75.
959 3496 1078 3551 Jam
1112 3506 1246 3548 vero
1295 3503 1487 3544 rursus
1527 3485 1712 3541 edicto
1741 3483 1847 3537 hoc
1890 3496 1955 3536 ac
1999 3479 2248 3551 jussione
2297 3492 2327 3530 a

739 3588 988 3660 cognatis
1041 3582 1481 3651 necessariisque
1508 3573 1673 3633 divisi
1698 3573 1932 3632 diversis
1965 3573 2020 3627 in
2059 3571 2196 3626 locis
2227 3568 2330 3624 sub

743 3677 992 3735 custodia
1032 3675 1322 3737 sedebant,
1367 3672 1546 3727 donec
1587 3683 1730 3723 novo
1763 3665 1988 3720 decreto
2027 3663 2331 3733 imperatur

748 3782 806 3827 ut
835 3776 1200 3828 numerentur
1233 3778 1448 3829 omnes,
1473 3776 1651 3832 exque
1677 3771 2038 3830 personarum
2082 3761 2333 3810 aetatum-

748 3881 855 3937 que
903 3863 1120 3918 ratione
1171 3859 1456 3915 diVersum
1507 3855 1778 3926 cujusque
1835 3851 1992 3904 navis
2048 3848 2332 3919 proprium

749 3974 942 4030 agmen
986 3961 1374 4025 cognoscatur,
1423 3964 1494 4004 ne
1526 3948 1636 4003 ulla
1673 3944 1896 4002 navium
1928 3951 2024 3996 aut
2057 3938 2337 4011 superﬂuo

747 4067 916 4107 onere
941 4056 1200 4122 gravetur
1227 4053 1323 4103 aut
1356 4043 1452 4099 illo
1477 4041 1762 4097 minuatur
1785 4079 1799 4102 ,
1832 4035 1926 4093 sed
1955 4050 2058 4105 pro
2085 4032 2338 4089 multitu-

748 4142 876 4198 dine
920 4153 1115 4194 eorum
1158 4137 1253 4207 qui
1307 4133 1364 4189 in
1418 4131 1652 4188 navibus
1700 4128 2071 4183 Barbarorum
2129 4131 2339 4185 essent,

750 4233 1062 4290 distributis
1085 4229 1361 4301 partibus,
1391 4241 1494 4281 nec
1527 4224 1706 4294 majus
1729 4220 1938 4291 aliquid
1958 4220 2108 4291 justo
2140 4215 2342 4271 redde-

756 4338 907 4384 retur
939 4342 1041 4381 nec
1086 4325 1291 4379 minus.
1333 4321 1394 4376 In
1432 4320 1626 4390 primis
1667 4317 1834 4387 igitur
1874 4319 2160 4368 numerata
2190 4309 2340 4365 omni

753 4418 1129 4482 multitudine,
1161 4431 1374 4471 summa
1407 4413 1511 4468 fuit
1533 4411 1644 4466 duo
1676 4418 1732 4466 et
1761 4407 1950 4478 viginti
1983 4404 2216 4459 millium
2252 4417 2342 4457 ca-

759 4605 956 4664 tnobis
988 4603 1252 4658 duntaxat
1285 4598 1532 4668 exceptis
1553 4637 1567 4659 ,
1610 4594 1703 4667 qui
1737 4592 2114 4650 commutandi
2151 4605 2340 4646 serva—
2375 4600 2418 4656 υ

756 4701 971 4766 liamur)
994 4695 1082 4752 cui
1114 4703 1359 4749 mentum
1385 4692 1514 4762 piis
1545 4688 1853 4744 fruticaret.
1880 4686 1949 4741 At
1979 4699 2158 4754 neque
2191 4683 2244 4736 in
2272 4690 2351 4735 tot
2458 4674 2611 4766 γωνία

763 4788 1061 4842 mulierum
1087 4783 1332 4838 millibus
1368 4782 1478 4835 ulla
1509 4789 1625 4835 erat
1651 4794 1774 4850 quae
1793 4776 1995 4848 pubem
2026 4773 2346 4829 excederet.

763 4882 890 4934 Erat
908 4894 1040 4933 vero
1066 4878 1276 4931 electus
1303 4875 1541 4945 populus
1564 4883 1621 4929 et
1638 4873 1866 4944 juventa
1897 4869 2254 4939 conspicuus.
2283 4880 2350 4920 ac

764 4976 817 5026 in
855 4988 964 5042 quo
990 4971 1084 5026 alii
1117 4969 1240 5024 aliis
1271 4983 1441 5038 prope
1470 4975 1686 5022 certare
1710 4964 1996 5019 videretur
2032 4975 2200 5031 seque
2221 4974 2346 5013 mu-

765 5078 858 5120 tuo
891 5062 1161 5120 ειεεάθτε
1190 5070 1285 5116 aut
1317 5061 1495 5115 aetatis
1524 5057 1660 5112 flore
1692 5065 1788 5111 aut
1818 5060 2106 5109 venustate
2138 5052 2349 5112 forma),

765 5154 979 5210 tametsi
1007 5152 1337 5208 aiiiictorum
1370 5164 1599 5205 casuum
1636 5147 1719 5201 vis
1755 5145 2015 5200 continua
2044 5157 2073 5196 a
2111 5139 2350 5196 naturali

767 5246 1036 5306 decedere
1075 5259 1170 5301 eos
1218 5242 1409 5296 habitu
1445 5241 1709 5307 cultuque
1757 5234 2004 5304 cogebat.
2056 5231 2352 5300 Postquam

768 5351 949 5396 autem
992 5353 1185 5393 omnes
1230 5336 1286 5390 in
1337 5344 1524 5405 partes
1579 5330 1905 5387 distributos
1969 5327 2169 5380 iterum
2226 5336 2350 5376 cum

770 5431 960 5502 spoliis
980 5429 1036 5484 in
1069 5442 1235 5481 naves
1257 5432 1646 5480 contruscrant
1670 5419 1816 5490 (nam
1849 5416 1963 5470 hanc
1987 5425 2206 5483 quoque
2227 5422 2352 5462 cum

774 5519 1130 5577 multitudine
1147 5516 1323 5571 divisa
1369 5515 1640 5580 fuerant),
1679 5507 1906 5564 Barbari
1947 5505 2108 5577 590
2135 5503 2353 5558 Cretam

771 5611 1076 5666 incolentes
1120 5623 1188 5662 ex
1234 5606 1316 5661 eis
1375 5621 1482 5659 non
1544 5616 1749 5673 paucos
1797 5595 2150 5654 conimcrcati
2203 5601 2355 5653 sunt,

775 5704 943 5757 multa
990 5701 1042 5755 in
1079 5715 1197 5753 eam
1250 5714 1363 5752 rem
1407 5706 1601 5766 sponte
1644 5702 1926 5748 numerata
1967 5687 2216 5759 pecunia,
2249 5700 2354 5737 non

2396 623 2536 688 Τοὺς
2577 593 2726 686 dirui
2759 593 2890 689 ’γάρ
2950 593 3250 679 ἑνωθίντας
3295 605 3630 682 διαιρεθῆναι
3667 601 3764 658 καὶ
3821 593 3982 662 αὖθις

2393 712 2786 787 προσύταττον,
2817 706 2918 764 καὶ
2946 705 3000 787 εί
3017 701 3123 760 πού
3154 718 3237 767 τις
3263 700 3469 774 μήτηρ,
3491 694 3677 787 φησὶν,
3699 693 3766 787 _Iv
3795 690 3984 787 αὐτοῖς

2395 777 2589 876 νηπιον
2618 797 2817 871 ιχουσα
2847 793 2946 851 τοῦ
2969 781 3244 864 γάλακτος
3264 787 3518 858 δεόμενον
3535 783 3606 850 ⁸⁸,
3634 777 3985 850 τοῦτομόνον

2399 871 2535 967 πρὸς
2563 890 2664 964 τὴν
2685 886 2954 945 τεκοῦσαν
2982 884 3164 959 μένειν
3187 883 3237 938 oi
3269 876 3554 941 δυσσεϐεῖς
3575 871 3985 930 κατεθίσπισαν

2397 960 2474 1050 ῶς
2524 960 2694 1054 μηδὲν
2748 978 2913 1052 τυχδν
2944 976 3244 1048 δυνάμενον
3287 969 3466 1044 ιαυτῷ
3506 968 3645 1041 πρὸς
3680 964 3781 1037 τὴν
3839 960 3989 1033 ζωὴν

2403 1053 2707 1137 συντελεῖν,
2759 1070 2888 1133 τοὺς
2925 1065 3149 1130 λοιποὺς
3199 1063 3257 1119 δὴ
3311 1061 3423 1116 τῶν
3477 1053 3819 1128 συγγενικῶν
3865 1069 3992 1107 συν-

2409 1165 2619 1238 αφειῶν
2640 1165 2734 1221 καὶ
2761 1158 2918 1227 αὖθις
2943 1156 3315 1233 διαιρεθίντας
3337 1152 3537 1226 ἀναμὶξ
3558 1151 3652 1207 καὶ
3677 1146 3991 1218 ἀδιαφόρως

2400 1236 2514 1321 τοῖς
2537 1256 2764 1329 κλήροις
2798 1248 3151 1322 ἀποδοθῆναι.
3182 1243 3349 1303 Ἀλλά
3371 1244 3458 1309 τίς
3479 1241 3638 1312 λόγος
3663 1239 3726 1295 τὺ
3756 1236 3993 1311 μιγεθιρς

2402 1354 2502 1422 τῆς
2555 1347 2846 1421 συμφοράς
2906 1341 3115 1415 ταύτης
3159 1338 3461 1412 ικφράσοις
3499 1334 3630 1390 ποία
3661 1331 3720 1388 δι
3765 1329 3994 1402 γλῶσσα

2407 1441 2658 1515 ρητόρων
2693 1435 3009 1505 ὶπεξελθείν
3038 1431 3294 1505 δυνηθείη
3325 1430 3427 1502 τὴν
3474 1426 3728 1497 ποικίλην
3776 1423 3996 1492 ίκείνην

2404 1512 2500 1591 aa
2529 1512 2790 1602 πολυειδῆ
2821 1528 2934 1584 τῶν
2972 1525 3178 1583 ὀδυνῶν
3214 1523 3481 1586 κάκωσιν,
3513 1517 3601 1593 [ιι.
3644 1512 3774 1589 δτι]
3827 1513 3995 1569 ὁπότε

2407 1625 2562 1694 καὶὴ
2615 1623 2754 1692 αὐτὴ
2785 1619 2948 1690 φύσις
2995 1616 3074 1687 τῷ
3121 1612 3296 1686 καινῷ
3339 1610 3515 1682 τούτῳ
3556 1609 3651 1664 καὶ
3696 1603 3997 1694 παραλόγῳ

2407 1690 2796 1785 προστάγματι
2845 1709 2926 1770 είς
2984 1704 3154 1760 πολλὰ
3205 1701 3590 1784 κατετιμνετο,
3623 1693 3786 1749 τοῦτο
3835 1690 3998 1763 μόνον

2407 1779 2674 1877 ἔγκλημα
2692 1803 2794 1874 τὴν
2827 1798 3114 1855 κοινωνίαν
3143 1794 3239 1851 τοῦ
3275 1793 3468 1862 γένους
3511 1782 3708 1860 ἔχουσα
3769 1782 3866 1838 καὶ
3898 1779 3999 1850 τὴν

2337 1891 2379 1949 Β
2408 1874 2650 1978 ἔμφυτον
2694 1893 2806 1948 τῶν
2849 1889 3161 1944 ἑνωθέντων
3209 1883 3541 1952 συνάφειανς
3575 1877 3687 1932 Καὶ
3726 1875 3839 1944 γάρ
3892 1874 4001 1925 ἀπ-

2410 1962 2625 2047 enim
2651 1983 2860 2052 πατρὸς
2911 1981 3011 2054 μὲν
3062 1979 3212 2044 υίδς,
3253 1974 3459 2048 μητρὸς
3505 1971 3565 2026 δὲ
3613 1967 3864 2037 θυγάτηρ
3903 1962 4002 2017 καὶ

2410 2082 2641 2152 ἁδελφὸς
2673 2074 2927 2146 ἀδελφοῦ.
2968 2072 3061 2128 Ἐν
3101 2063 3183 2134 οἷς
3231 2067 3287 2121 τί
3333 2066 3569 2135 πάσχειν
3598 2059 3744 2123 elato;
3774 2056 4003 2116 τούτους

2413 2146 2684 2236 ἇπανττας,
2715 2168 2879 2224 ὁπότε
2920 2164 3061 2237 πρὸς
3084 2161 3334 2217 δουλείαν
3373 2158 3572 2229 ἠγοντο
3601 2153 3681 2216 είς
3707 2149 3814 2221 γῆν
3844 2146 4003 2202 ἁλλο-

2406 2264 2751 2338 τρίαν,ὃπου
2793 2259 2855 2313 τὸ
2905 2258 3003 2328 μὲν
3053 2252 3217 2315 σέϐας
3249 2251 3351 2320 τῆς
3400 2246 3528 2302 καθ’
3574 2244 3718 2316 ἡμᾶς
3763 2240 4004 2300 πίστεως

2413 2331 2490 2424 ῶς
2523 2357 2715 2427 ἐναγὲς
2744 2351 3113 2425 ὲνυὸρίζεται,
3137 2344 3286 2416 πάθη
3318 2343 3378 2397 δὲ
3399 2341 3628 2411 τιμᾶται
3652 2331 4004 2402 άλογώτατα·

2413 2422 2549 2508 ὅπου
2585 2422 2816 2520 πδρνεία
2847 2422 3174 2515 σεμνύνεται
3215 2437 3310 2491 καὶ
3341 2433 3511 2506 μανία
3535 2430 3882 2503 γεραίρεται,
3912 2422 4010 2477 καὶ

2417 2544 2621 2613 πολλῆς
2656 2517 2829 2610 τιμῆς
2857 2531 3210 2599 καταξιοῦται
3231 2527 3478 2584 ἀναίδεια
3505 2540 3519 2556 °
3547 2524 3684 2578 ὅπου
3712 2519 3822 2574 τῶν
3846 2517 4013 2590 appe-

2417 2659 2524 2696 νων
2549 2642 2584 2712 ὴ
2619 2640 2781 2708 φύσις
2834 2636 2914 2697 εἰς
2942 2629 3263 2701 γυναικείαν
3305 2625 3503 2696 χρῆσιν
3547 2621 3871 2690 μετάγεται,
3904 2613 4004 2665 καὶ

2419 2735 2453 2802 ή
2492 2706 2672 2793 κτίσις
2693 2726 3000 2798 ὑϐρίζεται,
3033 2721 3129 2776 καὶ
3162 2717 3481 2788 συγχύσεως
3509 2713 3671 2782 γέμει
3699 2707 3881 2772 πάντα
3915 2706 4014 2758 καὶ

2419 2796 2558 2894 πρὸς
2615 2820 2676 2874 τδ
2718 2796 2892 2872 κακὸν
2939 2815 3372 2883 άνατέτραπταις
3427 2805 3494 2858 Τί
3543 2803 3761 2875 πρῶτον
3805 2796 4017 2851 τούτων

2420 2884 2681 2967 ἁπάντων
2727 2906 3035 2976 noema;
3072 2903 3132 2953 ὲν
3180 2898 3320 2969 ποίῳ
3370 2896 3427 2950 δὲ
3481 2892 3555 2964 μὴ
3603 2889 3842 2959 ἀγχόνην
3873 2884 4018 2956 ᾑρή-

2424 3004 2625 3069 σατθτος
2669 2998 2971 3070 Ἀλλ’ὄμως
3007 2994 3201 3064 ἔφερον
3238 2990 3440 3052 πάντα,
3475 2986 3575 3055 τὴν
3605 2982 3700 3036 ἐπὶ
3742 2981 3878 3032 πᾶσι
3917 2993 4021 3045 με·

2424 3095 2765 3170 γαλοψυχίαν
2789 3088 3172 3163 παρεχομένου
3203 3082 3342 3137 Θεοῦ
3377 3081 3473 3136 καὶ
3496 3077 3576 3146 τῷ
3607 3073 3792 3144 οἰκείῳ
3817 3071 4020 3142 ﬂuuii;-

2429 3208 2561 3263 ματι
2587 3188 2654 3241 τά
2683 3184 2806 3240 καθ’
2837 3183 3072 3237 ἕκαστον
3108 3172 3572 3248 μεθαρμόζοντος.

2500 3469 2599 3529 ογ’,
2643 3459 2730 3520 Ὠς
2757 3456 2813 3510 δὲ
2862 3454 3028 3508 πάλιν
3068 3449 3147 3520 τῷ
3177 3447 3566 3519 προστάγματι
3610 3437 3784 3507 τούτῳ
3831 3437 3934 3502 τῆς
3969 3430 4028 3494 ἐξ

2432 3523 2683 3622 ἀλληλων
2706 3546 3043 3618 διῃρέθησαν
3076 3537 3422 3608 συγγενείας,
3451 3533 3722 3601 ἐκάθηντο
3751 3523 4031 3598 φρουρού-

2437 3617 2587 3716 μενοι
2637 3617 2778 3695 mai
2807 3617 3115 3707 διαφόρους
3158 3631 3382 3692 τόπους,
3425 3628 3530 3689 ἕως
3580 3620 3804 3691 ἐξῆλθεν
3837 3617 4032 3687 ἕτερον

2437 3706 2792 3808 πρόσταγμα,
2826 3706 3037 3787 πάντας
3060 3718 3434 3794 ἀριθμηθῆναι
3466 3717 3558 3769 καὶ
3587 3711 3723 3782 πρὸς
3753 3707 3853 3770 τὰς
3881 3706 4032 3767 ἰδέας

2436 3800 2880 3894 τῶνπροσῶπων
2905 3813 3129 3870 καὶτῶν
3156 3809 3386 3882 ἡλικιῶν
3413 3807 3474 3861 τὸ
3504 3804 3763 3871 διάφορον
3789 3800 4036 3864 ἑκάστης

2438 3921 2566 3992 νηὸς
2615 3891 2750 3973 ίδιον
2796 3913 3087 3980 σύνταγμα
3129 3903 3522 3977 γνωρισθῆναι,
3569 3899 3635 3951 ἵν’
3677 3897 3737 3948 εν
3789 3891 4037 3963 μηδεμιᾷ

2441 3984 2640 4085 φανείη
2674 4004 3047 4077 πλεονασμὸς,
3081 4000 3267 4072 φησὶν,
3305 3998 3340 4070 ἢ
3372 3986 3852 4085 acutarum-dna
3889 3984 4037 4085 uati

2440 4071 2503 4156 τὸ
2533 4071 2738 4170 πληθος
2766 4096 2878 4149 τῶν
2924 4071 3157 4146 ἰνόντων
3185 4089 3307 4150 ταῖς
3336 4083 3497 4138 ναυσὶ
3532 4077 3852 4150 βαρῦάρων,
3891 4071 4041 4125 οὕτω

2444 4193 2539 4247 καὶ
2564 4166 2663 4254 τὰς
2691 4189 2918 4261 μερίδας
2950 4182 3208 4254 γενέσθαι
3234 4181 3330 4233 καὶ
3363 4176 3531 4247 μηδὲν
3561 4173 3751 4232 αὑταῖς
3777 4166 4043 4236 περιττὸν

2445 4285 2479 4357 ἢ
2516 4259 2776 4339 ἐλλεῖπον
2798 4277 3154 4347 ἀποδοθῆναι.
3198 4271 3546 4342 Ἦρίθμησαν
3573 4260 3665 4318 οὖν
3696 4263 3754 4314 ἐν
3796 4259 4043 4328 πρώτοις

2446 4353 2545 4449 τὴν
2573 4375 2785 4446 πληθὺν
2813 4373 3036 4427 ἃπασαν
3058 4385 3072 4399 ·
3106 4369 3139 4438 ἡ
3161 4366 3219 4420 δὲ
3239 4362 3308 4437 ἦν
3333 4363 3429 4417 δύο
3450 4362 3546 4414 καὶ
3575 4358 3749 4412 εἴκοσι
3774 4353 4042 4426 χιλιάδες,

2448 4447 2511 4537 ἐξ
2536 4467 2612 4526 ὧν
2649 4470 2927 4527 ἁπάντων,
2979 4461 3148 4533 χωρὶς
3196 4462 3229 4529 ὴ
3241 4455 3355 4528 μῶν
3385 4453 3494 4509 τῶν
3529 4453 3674 4520 λόγῳ
3687 4450 3740 4490 -⁵⁷
3773 4447 3874 4514 τῆς
3911 4459 4047 4496 κατ-

2450 4565 2694 4634 αλλαγῆς
2741 4557 3122 4631 τηρουμένων,
3167 4554 3270 4606 οὐκ
3307 4545 3376 4620 ἦν
3420 4547 3593 4608 οὐδεὶς
3631 4543 3689 4607 ὃς
3723 4541 3818 4594 τὸν
3844 4540 3891 4572 ⁸³
3931 4536 4046 4589 πώ-

2663 4649 2777 4724 εἷχε
2827 4647 3250 4725 τετριχωμένον.
3307 4641 3450 4696 Ἀλλ’
3489 4639 3609 4693 οὐδὲ
3662 4631 4050 4705 προδεδηκυῖα

2449 4749 2589 4820 γυνὴ
2633 4750 2690 4801 ὲν
2737 4743 2967 4807 ταύταις
3003 4724 3208 4801 πάσαις
3237 4738 3358 4799 ταῖς
3407 4733 3666 4805 χιλιάσιν.
3725 4724 4050 4783 Ἐπίλεκτος

2449 4817 2507 4896 δέ
2530 4817 2610 4905 τις
2642 4835 2712 4910 ἧν
2740 4838 2834 4892 καὶ
2865 4835 3075 4899 νεάζων
3106 4834 3134 4885 6
3164 4831 3359 4901 δῆμος,
3389 4827 3484 4880 καὶ
3515 4820 3629 4880 οἷον
3664 4818 3867 4892 ἐρίζων
3913 4817 4053 4868 ἱκα-

2452 4953 2576 4999 στος
2610 4933 2645 5005 ἦ
2665 4931 2744 5003 τῷ
2772 4929 2996 5001 ἀκμαίῳ
3016 4927 3116 4996 τῆς
3147 4921 3363 4995 ἡλικίας
3391 4920 3423 4990 ἢ
3459 4918 3539 4988 τῷ
3563 4915 3753 4987 ὡραίῳ
3779 4913 3886 4978 τῆς,
3911 4926 4055 4979 μορ-

2454 5032 2562 5101 φῆς
2596 5002 2947 5097 ὑπερϐαίνειν
2982 5021 3074 5074 τὸν
3127 5019 3339 5089 ἕτερον,
3370 5012 3475 5067 κᾶν
3507 5013 3540 5080 ή
3594 5002 3902 5073 ὲπαλληλία
3944 5004 4052 5052 τῶν

2455 5120 2738 5192 δυσχερῶν
2780 5118 2890 5171 τῶν
2946 5111 3198 5184 φυσικῶν
3254 5108 3453 5167 αὐτοὺς
3502 5103 3672 5167 ἕξεων
3730 5093 4057 5165 ἀλλοτριοῦν

2458 5186 2734 5280 ἐϐιάζετο.
2777 5208 2920 5264 Ἀλλ’
2954 5209 3044 5261 ὅτε
3069 5205 3134 5275 δὴ
3165 5201 3366 5261 πάντες
3394 5190 3475 5258 εἰς
3505 5191 3729 5264 μερίδας
3761 5186 4056 5280 γενόμενοι

2464 5310 2627 5362 πάλιν
2662 5305 2800 5378 μετὰ
2842 5305 2889 5334 ⁸⁸
2919 5306 3026 5353 τῶν
3067 5296 3280 5351 σκύλων
3313 5293 3436 5352 ταῖς
3467 5285 3630 5341 ναυσὶ
3671 5278 4060 5349 συνηλάθησαν

2464 5364 2790 5469 (ἄμφωηὰρ
2818 5391 2914 5446 καὶ
2948 5387 3124 5441 ταῦτα
3155 5386 3252 5438 σὺν
3282 5381 3360 5451 τῷ
3386 5376 3581 5447 πλήθει
3603 5364 4059 5440 διενεμήθησαν),

2465 5462 2592 5546 τότε⁷
2621 5490 2685 5560 δὴ
2733 5462 2843 5542 τῶν
2902 5482 3207 5556 Βαρὸάρων
3249 5479 3300 5530 οἱ
3354 5475 3453 5545 τὴν
3507 5472 3735 5542 Κρήτην
3780 5462 4062 5522 οἰκοῦντες

2467 5585 2566 5637 οὐκ
2590 5582 2803 5649 ὀλίγους
2824 5578 3080 5640 ὠνοῦντο,
3105 5571 3240 5624 πολὺ
3271 5567 3494 5640 χρυσίον
3524 5562 3662 5630 ὑπὲρ
3684 5555 3868 5610 αὐτῶν
3891 5567 4063 5604 κατα-

2470 5676 2726 5730 ϐαλέσθαι
2766 5672 2842 5743 μὴ
2874 5667 3322 5741 παραιτούμενοι,
3346 5662 3445 5730 οὐχ
3473 5655 3656 5718 ἁπλῶς
3676 5652 3786 5706 οὐδ’
3818 5650 3892 5712 ὡς
3929 5648 4051 5698 ἔτυ-

2052 5778 2283 5834 ΥΛΙΗΑΞ
2327 5768 2727 5828 LI-LCTIONES.

854 5893 899 5922 Μ
939 5887 1329 5958 προσδεόμενον
1360 5886 1419 5939 .-\.
1518 5888 1560 5923 ιτ
1594 5884 1680 5938 τὸν
1707 5883 1866 5947 λόγον
1894 5878 1956 5933 Λ.

2037 5877 2078 5903 "‘
2110 5875 2196 5926 τὸν
2237 5886 2345 5926 om.
2394 5865 2449 5918 Ρ.
2535 5865 2575 5894 ⁵³³
2611 5860 2766 5932 ape?
