4174 6442
185 391 289 455 6‘29

1257 389 1352 447 DE
1397 386 1715 447 EXCIDIO
1748 389 2360 456 TllESSALONiCAS.

3357 399 3460 461 ὓΊο

185 525 298 574 χεν,
337 505 479 558 ἀλλά
512 503 738 575 κέρδους
772 501 918 565 τινὸς
953 501 1210 554 ὑπόθεσιν
1242 502 1458 563 ἑαυτοῖς
1485 503 1548 553 ἐκ
1580 500 1770 553 τούτου

1881 512 2084 559 temere
2128 507 2344 563 nullave
2373 510 2608 572 ratione,
2637 509 2732 564 sed
2762 525 2885 562 cum
2929 511 3033 565 sibi
3077 508 3205 564 inde
3247 511 3458 564 lucrum

185 593 663 666 περιποιούμενοι.
692 593 952 665 ’ῌδεισαν
979 592 1090 662 γάρ
1131 591 1570 644 πολλαπλασίονα
1592 594 1639 625 ⁸⁸
1663 591 1772 645 τῶν

186 688 481 758 διδομένων
531 686 738 750 λαϐεῖν,
789 685 952 757 ήνίκα
989 683 1055 738 ἂν
1105 683 1202 756 [Ρ.
1243 683 1385 754 378]
1427 685 1771 754 καταλλαγῆς

186 780 411 834 ἐπέλθοι
454 778 668 850 καιρὸς,
705 778 871 831 ὁπότε
908 777 1037 839 τοὺς
1081 777 1385 846 ὁμοφύλους
1419 777 1618 844 αὐτῶν,
1648 777 1771 838 τοὺς

186 872 339 940 παρά
364 870 476 923 τῶν
521 869 814 941 Ῥωμαίων
852 867 1244 940 χειρωθέντας,
1277 868 1607 938 ἐκδέχονται.
1638 870 1771 922 Οὐδὲ

184 964 294 1034 γάρ
327 964 406 1026 ὡς
459 965 518 1016 ἐν
571 965 686 1026 τοῖς
715 961 860 1015 κατὰ
905 962 1129 1032 Συρίαν.
1172 961 1316 1014 οὕτω
1364 965 1456 1014 καὶ
1496 962 1706 1025 τούτοις
1740 964 1772 1033 ἡ

184 1057 294 1109 τῶν
336 1054 705 1126 αἰχμαλώτων
731 1054 1110 1123 ἀπολύτρωσις
1140 1054 1466 1118 ἐκτελεῖται,
1509 1053 1625 1106 ἀλλ’
1669 1057 1770 1106 ἐπ-

191 1151 509 1222 εκράτησεν
527 1151 584 1203 ἐν
611 1149 823 1212 τούτοις
850 1147 1079 1200 παλαιὸν
1102 1146 1221 1209 ἔθος
1251 1146 1429 1217 χρόνῳ
1456 1146 1770 1217 βεϐαιωθέν,

189 1243 276 1296 ἵνα
316 1242 416 1297 καὶ
468 1243 561 1296 τὸν
613 1240 922 1312 Βάρϐαρον,
963 1240 1112 1302 ὅστις
1162 1240 1293 1292 ποτὲ
1341 1234 1430 1308 ἦν.
1484 1239 1642 1308 χάριν
1680 1238 1772 1292 τοῦ

187 1335 560 1405 κατεχομένου
607 1334 963 1404 κομίζωνται,
1005 1333 1101 1385 καὶ
1153 1332 1251 1402 τὴν
1279 1331 1420 1400 ὑπὲρ
1473 1331 1638 1385 αὑτοῦ
1689 1331 1775 1383 δο-

189 1429 380 1479 θεῖσαν
427 1426 592 1496 τιμὴν
638 1425 949 1479 ἀπαιτῶσιν
982 1427 1062 1487 εἰς
1111 1423 1173 1476 τὸ
1200 1423 1501 1477 διπλάσιον.
1554 1424 1653 1476 Διά
1693 1440 1774 1476 τοι

190 1515 357 1568 τοῦτο
378 1516 609 1579 πολλοὺς
631 1517 681 1568 σί
715 1515 935 1586 Κρῆτες
961 1515 1069 1568 τῶν
1085 1515 1449 1586 αἰχμαλώτων
1470 1513 1771 1585 ὠνήσαντο,

185 1612 290 1677 τὴν
329 1608 457 1661 καθ’
489 1611 640 1679 ἡμᾶς
673 1608 964 1679 συμφοράν
997 1608 1223 1677 κέρδους
1253 1609 1614 1678 συνεισφοράν
1643 1610 1775 1661 ἐαυ-

187 1703 304 1762 τσίς
367 1700 757 1771 ἐφευράμενοι.
821 1701 1106 1772 Ἐπράχθη
1162 1701 1218 1754 δὲ
1273 1699 1447 1754 ταῦτα
1501 1703 1587 1770 ἐφ’
1625 1701 1776 1762 ὅλαις

187 1792 432 1862 ἡμέραις
454 1793 611 1855 δέκα,
647 1793 736 1845 ἀεὶ
770 1791 880 1845 τῶν
915 1791 1121 1844 ἐθάδων
1150 1791 1296 1861 νηῶν
1333 1792 1774 1860 μετασκευαζου-

1873 594 2208 650 factitarent.
2258 597 2424 653 Plane
2458 600 2604 653 enim
2639 609 2910 654 noverant
2953 602 3127 656 multo
3160 601 3263 656 sibi
3309 602 3461 670 plura

1875 687 2220 741 restituenda
2255 691 2703 746 commutationis
2746 701 3016 761 tempore,
3049 693 3179 747 dum
3221 710 3333 748 sua:
3369 709 3464 746 ua-

1876 779 2043 833 tionis
2073 781 2322 849 captivos
2353 796 2381 834 a
2411 782 2674 839 Romanis
2718 785 2772 838 in
2803 785 3177 853 captivitatem
3209 787 3463 840 redactos

1876 872 2210 941 reciperent.
2245 873 2362 927 Non
2396 873 2568 939 enim,
2599 876 3065 943 quemadmodum
3100 877 3152 929 in
3180 876 3354 948 Syria,
3384 878 3460 931 sic

1877 961 1962 1015 his
1975 978 2192 1032 quoque
2206 965 2259 1019 in
2277 965 2412 1020 locis
2437 968 2758 1036 transigitur
2779 969 3119 1038 captivorum
3138 969 3460 1038 redemptio-

1877 1055 1972 1107 sed
2003 1056 2054 1108 in
2087 1057 2173 1110 his
2198 1057 2370 1110 veteri
2395 1059 2801 1113 consuetudine
2830 1076 2930 1114 usu
2964 1061 3176 1114 firmata
3201 1061 3463 1125 obtinuit,

1877 1156 1932 1198 ut
1961 1157 2017 1200 et
2042 1146 2390 1217 lBarbarum,
2424 1151 2676 1220 quisquis
2711 1151 2800 1204 ille
2836 1151 2929 1214 sit,
2963 1152 3081 1206 loco
3125 1154 3272 1207 illius
3301 1168 3463 1222 quem

1878 1238 1981 1306 ipsi
2017 1238 2271 1292 detinent
2301 1239 2562 1301 referant,
2598 1252 2652 1296 et
2689 1242 3001 1297 exsolutum
3031 1259 3130 1316 pro
3168 1259 3234 1298 eo
3262 1244 3467 1314 duplex

1876 1331 2114 1398 pretium
2139 1330 2465 1401 :reposcant.
2505 1333 2636 1388 Eam
2679 1336 2750 1389 ob
2789 1352 2904 1389 rem
2937 1335 3140 1391 multos
3178 1335 3468 1391 Cretenses

1879 1425 2124 1492 captivos
2154 1427 2381 1480 mercati
2413 1436 2564 1492 sunt,
2597 1437 2840 1482 nostram
2869 1429 3078 1484 scilicet
3101 1429 3466 1484 calamitatem

1879 1517 1962 1568 sui
2005 1517 2142 1570 lucri
2177 1517 2490 1572 auctionem
2522 1519 2841 1573 commenti.
2885 1520 3048 1574 Gesta
3088 1522 3202 1576 haec
3248 1537 3346 1591 per
3375 1521 3470 1576 de-

1879 1623 1996 1660 cem
2027 1607 2268 1676 integros
2299 1608 2438 1673 dies,
2474 1625 2598 1664 cum
2629 1627 2847 1680 semper
2871 1622 3149 1666 consuetae
3176 1628 3343 1667 naves
3372 1629 3468 1669 eos

1878 1699 1970 1767 qui
2007 1699 2178 1768 empti
2219 1711 2408 1756 essent
2441 1704 2804 1758 transferrent
2835 1712 2889 1758 et
2929 1705 2983 1758 in
3021 1705 3274 1776 proprias
3303 1707 3468 1760 urbes

1879 1791 2239 1847 deveherent.
2279 1792 2428 1848 inter
2479 1795 2596 1849 hac
2641 1796 2926 1851 divendita
2985 1812 3206 1867 quoque
3254 1808 3311 1853 et
3361 1798 3470 1854 fra-

191 1884 300 1935 σῶν
329 1884 458 1946 τοὺς
485 1882 832 1953 ὠνουμένους
873 1884 968 1937 καὶ
1009 1883 1145 1955 πρὸς
1168 1884 1266 1954 τὴν
1296 1873 1438 1938 ἰδίαν
1459 1884 1616 1938 πόλιν
1651 1901 1777 1954 μετ-

1881 1886 1980 1938 tris
2022 1886 2128 1940 mei
2160 1901 2319 1950 uxor,
2355 1902 2476 1956 quae
2519 1903 2606 1942 res
2634 1903 2746 1941 non
2785 1889 2891 1944 levi
2923 1905 3022 1943 nos
3048 1889 3230 1945 ell‘ecit
3261 1891 3472 1946 mcesti-

187 1976 464 2043 αγουσῶν.
502 1975 592 2029 Ἐν
637 1971 719 2040 οἷς
763 1976 952 2046 ἔτυχεν
1002 1976 1284 2030 ἐκδοθεῖσα
1315 1977 1408 2029 καὶ
1441 1979 1474 2046 ὴ
1506 1977 1599 2030 τοῦ
1645 1976 1776 2047 ἐμοῦ

188 2069 430 2137 ἀδελφοῦ
460 2069 716 2138 σύζυγος,
746 2071 806 2123 οῦ
840 2070 1072 2141 μετρίαν
1103 2072 1234 2140 ἡμῖν
1268 2070 1461 2138 ὀδύνην
1493 2072 1779 2140 περιποιή-

190 2176 358 2213 σασα.
386 2161 452 2212 Ἢ
478 2161 534 2214 δέ
565 2179 653 2232 μοι
684 2163 868 2232 μήτηρ
893 2163 987 2214 καὶ
1009 2164 1042 2232 ή
1065 2162 1280 2233 γαμετὴ
1307 2164 1402 2216 σὺν
1427 2163 1546 2216 δυσὶ
1572 2164 1779 2226 τέκνοις

189 2253 276 2322 (τὸ
312 2253 424 2322 γάρ
453 2253 644 2323 ἕτερον
684 2253 846 2324 ἔργον
876 2249 946 2325 ἦν
986 2253 1278 2324 γενόμενον
1319 2255 1418 2324 τῆς
1454 2255 1777 2325 Θαλάσσης),

189 2345 272 2397 Et:
321 2344 381 2398 δέ
415 2345 508 2399 καὶ
544 2345 775 2409 ἐλεεινὸς
805 2345 988 2412 ἄθλιος
1029 2347 1058 2400 ὁ
1097 2346 1318 2416 τλήμων
1348 2347 1574 2416 ἀδελφδς
1615 2352 1710 2403 καὶ
1745 2353 1777 2420 ἡ

186 2436 267 2505 τῷ
305 2436 491 2506 χρόνῳ
544 2436 761 2491 πάντων
802 2437 1239 2508 ἐφυστερίζουσα
1279 2438 1503 2508 ἀδελφὴ,
1544 2439 1606 2492 ἐκ
1639 2457 1780 2503 τινος

191 2529 386 2597 θεῖκῆς
420 2529 680 2599 προνοίας
715 2530 792 2594 είς
827 2531 956 2601 μίαν
998 2529 1242 2584 Σιδονίαν
1278 2529 1468 2600 ἔτυχον
1498 2531 1653 2593 ναῦν,
1682 2532 1780 2601 τῆς

190 2621 331 2690 πρὸς
364 2622 569 2692 Συρίαν
595 2623 908 2692 ἀποδημίας
935 2611 1286 2693 τηρούμενοι.
1331 2625 1508 2693 Ἥμᾶς
1545 2623 1602 2676 δὲ
1640 2625 1778 2678 πάν·-

187 2730 290 2776 τας
331 2714 462 2776 τοὺς
493 2716 550 2766 ἐν
573 2717 639 2786 τῇ
668 2714 986 2786 καταλλαγῇ
1018 2715 1388 2786 τηρουμένους
1417 2717 1496 2769 ἔτι
1526 2716 1782 2786 διεσπαρ-

191 2807 395 2874 μένους
444 2807 604 2870 δντας
659 2808 1064 2875 συναγαγόντες
1105 2809 1155 2861 oi
1209 2807 1484 2878 Βάρϐαροι
1535 2808 1629 2860 καί
1675 2825 1780 2860 τινι

190 2897 468 2968 πολεμικῇ
531 2897 621 2968 νηῒ
662 2897 773 2952 τῶν
821 2900 886 2952 ἐκ
933 2899 1028 2951 τοῦ
1073 2899 1296 2969 λιμένος
1328 2897 1782 2951 ἀνασπασθιισῶν

189 2993 284 3059 ὑφ’
305 2990 368 3043 ἒν
407 2991 820 3058 είσενεγκόντες
851 2990 1167 3061 καθεῖρξαν,
1201 2991 1450 3058 φύλακάς
1484 3008 1639 3053 τινας
1671 2989 1781 3042 τῶν

193 3080 320 3134 καθ’
349 3081 554 3142 αὐτοὺς
592 3080 878 3151 ἐμπείρων
907 3080 1089 3132 αὐτῶν
1123 3083 1255 3150 ἡμῖν
1281 3078 1742 3148 συμϐιϐάσαντες.

262 3172 359 3225 οδ.
394 3169 508 3223 Καὶ
539 3169 716 3233 οὕτως
767 3169 1126 3235 ἐσκευάζοντο
1170 3171 1307 3239 μετά
1337 3173 1378 3202 ⁶¹
1442 3170 1570 3239 μίαν
1611 3170 1780 3239 ἀλλην

190 3263 415 3331 ἡμέραν
445 3260 666 3330 ἔχεσθαι
697 3261 791 3314 τοῦ
843 3261 1006 3323 πλοός
1026 3277 1041 3292 ο
1071 3262 1171 3332 ήδη
1217 3260 1324 3331 γάρ
1357 3256 1493 3331 ἦγεν
1523 3262 1718 3323 αὐτοὺς
1746 3264 1774 3315 ὁ

188 3352 389 3423 καιρὸς
435 3353 532 3406 καὶ
576 3353 848 3424 χρονίζειν
879 3354 983 3405 οῦκ
1021 3353 1192 3406 ἐδίδου
1235 3352 1311 3422 τῷ
1343 3353 1512 3424 τόπῳ,
1549 3354 1686 3424 πρὸς
1723 3355 1783 3406 τὸ

187 3445 477 3515 χειμέριον
529 3445 622 3497 τὸν
649 3445 790 3515 ἀέρα
823 3444 1268 3516 μετατιθέμενος.
1304 3447 1522 3509 Ἵπποις
1553 3445 1646 3499 οὖν
1681 3447 1778 3514 ἐφ-

191 3536 435 3590 εστῶσιν
468 3535 762 3600 ἐπιϐάντες
799 3538 846 3590 οί
903 3538 1010 3591 τῶν
1061 3538 1206 3606 νηῶν
1251 3540 1486 3609 ἀρχηγοὶ
1517 3540 1655 3608 μετά
1692 3540 1784 3592 καὶ

188 3627 364 3682 αὐτοῦ
408 3628 504 3682 τοῦ
542 3629 808 3698 τυράννου
846 3630 981 3700 πρὸς
1025 3633 1090 3701 τῇ
1136 3631 1291 3683 πόλει
1317 3632 1627 3700 γεγόνασιν,
1667 3631 1782 3702 ἅμα

192 3724 294 3788 μέν
327 3721 736 3790 ἐνδεικνύμενοι
768 3725 878 3785 τοῖς
911 3723 1094 3793 Κρησὶ
1143 3723 1242 3795 τὴν
1271 3724 1364 3777 ἐπὶ
1412 3727 1523 3787 τοῖς
1564 3741 1782 3793 πεπρα-

188 3812 420 3877 γμένοις
450 3813 509 3863 ἐν
553 3813 684 3880 ἡμῖν
716 3812 1099 3881 περιφάνειαν,
1142 3815 1258 3884 ἅμα
1295 3815 1350 3866 δέ
1395 3818 1488 3867 καὶ
1531 3818 1631 3887 τὴν
1666 3816 1782 3885 βδε-

187 3903 365 3973 λυρὰν
396 3903 578 3957 αὐτῶν
598 3903 825 3974 τελετὴν
849 3904 1327 3974 ἐκπληρὼσοντες,
1367 3906 1690 3975 δεξιωθῆναί
1721 3925 1779 3960 τε

187 3993 350 4062 παρὰ.
387 3992 500 4044 τῶν
529 3993 871 4064 αὐτοχθόνων
898 3995 944 4026 ⁵³
973 3995 1064 4047 καί
1103 4012 1250 4058 τινος
1293 4000 1475 4066 τυχεῖν
1505 3996 1614 4049 τῶν
1648 4015 1782 4068 προ-

190 4085 595 4154 ηγωνισμένων
619 4088 878 4148 ἀνέσεως.
907 4080 983 4141 Ob
1009 4088 1074 4157 δὴ
1104 4088 1198 4140 καὶ
1225 4090 1352 4158 μίαν
1378 4088 1542 4159 ἄλλην
1568 4089 1782 4159 ἡμέραν

191 4176 729 4247 προσδιατρίψαντες
763 4178 951 4248 τομῶς
977 4179 1343 4249 ὑπέστρεψαν,
1366 4180 1780 4242 ἐπισπεύδοντες

189 4269 260 4321 τὰ
293 4268 432 4338 πρὸς
462 4269 553 4321 τὸν
577 4267 768 4332 πλοῦν,
795 4269 1088 4334 καλοῦντος
1126 4271 1326 4333 αὐτοὺς
1353 4271 1453 4342 ἤδη
1484 4271 1578 4323 τοῦ
1621 4270 1782 4323 πνεύ-

192 4377 392 4429 ματος.
423 4360 564 4428 Ἤδη
606 4359 664 4413 δὲ
703 4360 801 4431 τῆς
836 4361 1148 4432 δωδεκάτης
1180 4362 1396 4432 ἡμέρας
1448 4364 1780 4436 ἀρχομένης,

184 4452 336 4519 λέγω
364 4451 429 4520 δὴ
463 4451 560 4520 τῆς
612 4452 751 4523 πρὸς
801 4453 899 4522 τὴν
932 4455 1157 4524 Κρήτην
1188 4453 1446 4523 ἀφίξεως,
1480 4455 1576 4508 τοῦ
1621 4456 1782 4518 πλοὸς

184 4542 582 4612 ἀπηρξάμεοα.
613 4543 982 4612 Μετήχθημεν
1021 4544 1078 4598 δέ
1118 4545 1254 4616 πρὸς
1279 4545 1378 4615 τὴν
1428 4545 1657 4615 ἀντικρὺ
1689 4547 1782 4615 νῆ-
1811 4581 1856 4635 D

187 4653 304 4697 σον,
337 4637 462 4705 ἥτις
491 4636 536 4667 ⁸³
590 4636 712 4699 Διὸς
757 4637 1041 4690 καλεῖται·
1080 4639 1174 4690 καὶ
1224 4637 1386 4691 πάλιν
1431 4639 1640 4691 ἐκεῖθεν
1685 4641 1778 4692 άν-

182 4728 452 4798 αχθέντες
486 4729 543 4780 ἐν
581 4728 658 4799 τῷ
681 4730 776 4798 τῆς
803 4730 970 4800 νήσου
1004 4729 1204 4801 πέρατι
1251 4732 1776 4802 προσωρμίσθημεν.

195 4823 286 4875 Ἐν
308 4814 358 4889 ᾧ
381 4821 476 4875 καὶ
494 4821 886 4891 ὑδρευσάμενοι
911 4823 1006 4876 καὶ
1033 4824 1229 4895 μικρόν
1254 4842 1306 4878 τι
1328 4824 1405 4894 τῷ
1431 4826 1580 4895 τόπῳ
1611 4844 1780 4896 προσ-

185 4913 501 4983 μείναντες,
533 4913 606 4976 ὠς
637 4915 758 4967 κατ’
786 4914 956 4986 οὐρὰν
977 4911 1114 4968 εἶδον
1137 4917 1400 4983 γεγονότα
1431 4917 1522 4969 τὸν
1549 4918 1774 4986 ἄνεμον,

182 5004 544 5057 ἀπέπλευσαν
579 5005 788 5059 ἐκεῖθεν
829 5006 972 5059 κατά
1018 5007 1184 5077 μέσον
1221 5007 1500 5070 ίθύναντες
1529 5008 1624 5061 τοῦ
1680 5027 1777 5062 πε-

181 5098 406 5166 λάγους.
438 5093 623 5162 Ἦμεν
674 5099 729 5152 δὲ
779 5101 1004 5165 πάντες,
1059 5101 1135 5164 ὼς
1168 5101 1405 5172 εἴρηται,
1461 5103 1520 5154 ἐν
1561 5103 1657 5173 μιᾷ
1689 5101 1777 5172 νηῒ

194 5188 487 5257 Ῥωμαϊκῇ
520 5187 564 5218 ⁸⁸
593 5188 889 5261 πολεμικῇ,
923 5191 1047 5258 ἥτις
1099 5187 1167 5262 ἦν
1193 5191 1407 5261 διήρης,
1435 5185 1511 5245 ὧν
1539 5191 1638 5262 τὴν
1677 5192 1779 5262 μὲν

183 5280 300 5335 ἄνω
325 5280 602 5349 καθέδραν
630 5282 680 5334 οἱ
714 5282 969 5355 λαχόντες
1004 5279 1144 5338 εἶναι
1177 5285 1473 5355 μεθ’ὴμῶν
1504 5285 1780 5357 Βάρϐαροι

183 5375 406 5436 ἑαυτοῖς
440 5373 849 5446 ἐκληρώσαντο,
875 5375 974 5446 τὴν
1010 5377 1165 5429 κάτω
1208 5376 1263 5429 δὲ
1296 5377 1433 5447 ἡμῖν
1461 5377 1775 5446 ἐπαφῆκαν,

187 5467 269 5539 [Ρ.
305 5464 439 5535 579]
479 5468 701 5529 σκότους
745 5468 942 5520 πολλοῦ
974 5469 1068 5521 καὶ
1113 5469 1380 5532 δυσωδίας
1421 5469 1633 5539 πλήρη.
1664 5469 1776 5521 Καὶ

185 5559 236 5610 τί
291 5557 428 5612 ἄλλο
472 5574 535 5626 γε
569 5558 674 5630 χρὴ
723 5559 966 5630 λέγεινῆ
1023 5561 1193 5631 τάφον
1237 5561 1323 5630 ἐφ’
1357 5560 1514 5615 ῦδασι
1546 5559 1784 5630 φερόμεο

1883 1977 1976 2030 tia.
2033 1975 2304 2032 Cmterum
2351 1990 2530 2033 mater
2577 1991 2634 2036 et
2673 1981 2872 2050 conjux
2915 1997 3039 2035 cum
3083 1982 3299 2036 duobus
3344 1982 3468 2037 ﬁliis

1882 2072 1899 2140 (
1927 2086 2048 2123 nam
2084 2071 2281 2126 tertius
2309 2072 2635 2127 demortuus
2679 2075 2732 2128 in
2777 2089 2924 2128 mare
2958 2076 3238 2146 projectus
3268 2075 3466 2145 fuerat)

1878 2178 2094 2216 necnon
2147 2162 2314 2217 miser
2374 2178 2438 2219 ac
2479 2181 2827 2221 aerumnosus
2878 2169 3068 2230 frater,
3124 2175 3288 2236 atque
3351 2183 3467 2222 om-

1881 2256 2044 2310 nibus
2092 2263 2253 2311 aztate
2297 2255 2488 2326 junior
2537 2273 2717 2322 soror,
2766 2258 2952 2314 divina
2995 2259 3228 2329 quadam
3280 2260 3468 2329 provi-

1879 2345 2067 2400 dentia
2126 2347 2178 2400 in
2233 2363 2337 2400 una
2397 2347 2752 2402 Sidoniarum
2809 2350 3030 2419 navium
3081 2350 3465 2416 servabantur,

1882 2440 1936 2493 in
1985 2439 2197 2511 Syriam
2228 2441 2570 2510 aSportandi'.
2600 2441 2711 2496 Nos
2739 2457 2872 2496 vero
2903 2457 3120 2505 omnes,
3149 2458 3288 2511 quos
3316 2457 3467 2496 com-

1880 2534 2174 2588 mutandos
2228 2534 2555 2597 servabant,
2615 2551 2740 2588 cum
2795 2534 2975 2590 adhuc
3041 2535 3275 2604 dispersi
3319 2551 3469 2589 esse-

1880 2642 2022 2687 mus,
2045 2625 2364 2695 colligentes
2409 2625 2660 2689 Barbari,
2705 2625 2860 2695 591
2903 2633 2960 2680 et
2983 2625 3036 2679 in
3063 2626 3186 2679 navi
3214 2624 3409 2679 bellica
3437 2641 3467 2680 a

1880 2719 2069 2773 littore
2120 2717 2338 2781 avulsa,
2397 2718 2450 2771 in
2495 2734 2666 2772 unum
2712 2718 3123 2780 convehentes,
3176 2717 3468 2772 concluse-

1882 2817 2026 2872 rant,
2058 2809 2386 2863 custodibus
2415 2824 2484 2863 ex
2512 2809 2651 2876 suis,
2683 2825 2869 2866 rerum
2903 2809 3245 2880 experientia
3271 2809 3469 2879 pradi-

1885 2903 1973 2966 tis,
2003 2901 2163 2956 nobis
2189 2902 2527 2957 constitutis.

1954 3166 2043 3218 74.
2095 3165 2276 3234 Atque
2325 3166 2497 3220 altera
2553 3165 2737 3219 statim
2789 3163 2878 3218 die
2925 3171 3331 3235 navrgationem
3379 3180 3470 3219 ca-

1887 3273 2110 3326 pessere
2148 3258 2418 3326 parabant
2450 3258 2643 3327 reique
2692 3257 2920 3311 instare.
2973 3256 3092 3311 Jam
3136 3256 3285 3310 enim
3328 3265 3470 3311 tem-

1885 3364 1990 3417 pus
2034 3349 2265 3418 urgebat
2295 3348 2599 3404 deﬂectens
2638 3349 2705 3402 ad
2743 3349 3007 3412 hiberna,
3046 3363 3150 3402 nec
3195 3348 3471 3418 longiores

1886 3438 1961 3492 ibi
2013 3455 2198 3494 moras
2243 3440 2464 3495 trahere
2513 3440 2750 3495 sinebat.
2793 3439 3063 3494 Navarchi
3104 3440 3285 3509 itaque
3315 3440 3473 3508 equis

1885 3531 2221 3594 conscensis,
2262 3546 2404 3600 quos
2437 3531 2490 3584 in
2527 3540 2788 3600 promptu
2829 3530 3124 3591 habebant,
3165 3545 3270 3583 una
3303 3531 3470 3584 etiam

1884 3622 2146 3691 adjuncto
2181 3631 2447 3685 tyranno,
2485 3621 2678 3674 urbem
2725 3630 2942 3691 petunt,
2980 3630 3092 3674 tum
3138 3632 3199 3675 ut
3239 3620 3468 3676 Creten-

1885 3715 2040 3768 sibus
2097 3715 2362 3785 przeelara
2423 3714 2691 3768 adversus
2735 3729 2836 3768 nos
2891 3712 3133 3768 facinora
3185 3727 3472 3767 commou-

1885 3817 2158 3867 strarent,
2218 3817 2333 3860 tum
2385 3815 2444 3861 ut
2494 3805 2893 3860 abomiuandas
2950 3821 3078 3859 suas
3127 3806 3474 3861 acrimonias

1884 3899 2200 3969 explerent,
2259 3899 2664 3968 humaniusque
2716 3899 2784 3951 ab
2813 3898 3104 3968 oppidanis
3152 3898 3471 3967 acciperen-

1887 4001 1997 4056 tur,
2043 4001 2208 4060 atque
2252 4007 2281 4045 a
2317 3991 2622 4055 laboribus,
2666 4006 2805 4061 quos
2849 3990 3212 4060 pertulerant,
3261 3992 3480 4044 animos

1884 4085 2137 4139 nonnihil
2207 4085 2540 4140 relaxarent.
2621 4084 2697 4138 lbi
2750 4085 2984 4138 alterum
3041 4098 3264 4153 quoque
3327 4082 3472 4137 diem

1885 4177 2212 4232 commorati
2275 4177 2474 4231 festiue
2524 4185 2902 4240 revertuntur,
2952 4173 3307 4244 secundoque
3363 4178 3474 4246 jam

1884 4280 2049 4325 vento
2112 4270 2522 4340 navigationem
2591 4270 2914 4324 sollicitant.
2960 4268 3190 4339 Jamque
3258 4268 3475 4323 duode-

1885 4363 2061 4428 cimo,
2113 4376 2143 4416 a
2197 4371 2388 4416 nostro
2446 4361 2660 4416 scilicet
2710 4360 2765 4415 in
2813 4360 3031 4418 Cretam
3081 4361 3348 4430 appulsu,
3405 4361 3474 4415 il-

1886 4455 2200 4508 lucescente
2243 4453 2333 4506 die
2382 4468 2413 4507 e
2464 4462 2628 4522 portu
2678 4452 2978 4517 solvimus,
3043 4452 3210 4522 inque
3275 4452 3475 4507 adver-

1885 4558 1998 4600 sam
2059 4545 2332 4610 insulam,
2382 4559 2546 4614 quam
2593 4545 2747 4598 Jovis
2791 4545 3014 4610 dicunt,
3067 4544 3208 4599 vecti
3261 4559 3474 4599 sumus.

1884 4637 2015 4692 inde
2058 4654 2251 4693 rursus
2302 4638 2558 4708 prochti,
2604 4637 2674 4692 ad
2722 4637 2914 4691 insulae
2972 4643 3276 4691 extremam
3320 4652 3474 4690 oram

1882 4730 2241 4800 applicantes,
2299 4738 2561 4799 aquatu
2614 4728 3040 4792 exscendimus;
3095 4729 3282 4797 ibique
3321 4742 3476 4780 mora

1881 4823 2060 4891 aliqua
2106 4820 2271 4886 facta,
2309 4829 2370 4875 ut
2417 4836 2448 4875 a
2494 4820 2663 4890 puppi
2715 4819 2846 4875 ﬂare
2894 4826 3119 4874 ventum
3162 4818 3473 4880 advertere.

1880 4929 1980 4985 per
2033 4913 2277 4968 medium
2322 4929 2472 4968 mare
2507 4929 2674 4967 cursu
2732 4912 2947 4966 directo
2995 4910 3289 4966 recedunt.
3337 4911 3472 4965 Era-

1879 5023 2003 5062 mus
2046 5021 2259 5071 omnes,
2301 5015 2361 5061 ut
2405 5005 2614 5061 dictum
2654 5014 2760 5071 est,
2811 5005 2867 5058 in
2911 5020 3018 5058 una
3064 5003 3309 5058 Romana
3356 5004 3474 5058 bel-

1879 5101 1986 5155 lica
2041 5099 2281 5154 biremi:
2322 5098 2468 5153 illius
2518 5098 2836 5167 superiores
2880 5097 3042 5152 sedes
3100 5097 3326 5151 Barbari
3374 5112 3475 5150 no—

1883 5192 2096 5246 biscum
2163 5192 2486 5261 navigantes
2561 5191 2669 5245 sibi
2750 5189 3108 5260 delegerant,
3188 5189 3476 5244 inferiores

1880 5293 1936 5337 et
2017 5298 2191 5353 prope
2284 5283 2528 5338 carinam
2605 5282 2767 5338 nobis
2843 5283 3228 5352 reliquerant,
3323 5291 3476 5338 tene—

1886 5374 2001 5429 bris
2085 5375 2297 5429 obsitas
2385 5373 2546 5444 592
2627 5381 2684 5428 et
2759 5374 3146 5444 graveolentia:
3232 5375 3472 5444 plenas;

1891 5484 1993 5522 nec
2066 5468 2267 5537 aptiori
2323 5466 2593 5522 vocabulo
2645 5466 3019 5537 expresseris,
3077 5483 3239 5536 quam
3286 5466 3331 5521 si
3383 5481 3472 5522 se-

1891 5562 2145 5630 pulcrum
2232 5575 2398 5631 super
2507 5575 2681 5632 aquas
2773 5560 3063 5616 ambulans
3165 5561 3474 5630 appellave-

1479 5700 1712 5757 VARIAS
1754 5699 2162 5758 LECTIONES.

260 5850 307 5879 “
342 5846 748 5902 πολυπλασίονα
787 5847 852 5914 Α,
891 5847 1363 5905 πολυαπλανσέονα
1395 5849 1449 5904 Ρ.

1551 5851 1591 5887 ⁸⁸
1631 5851 1770 5904 κατά
1800 5848 1859 5904 Ρ.

1965 5850 2007 5880 ⁸³
2042 5849 2405 5921 αὑτοχθονίων
2445 5850 2508 5904 Α.
2593 5852 2635 5883 ⁸³
2666 5849 2700 5919 ἦ
2737 5850 2829 5905 τοῦ
2859 5850 2918 5905 l’.
2998 5850 3042 5882 ⁵³
3088 5850 3335 5921 Ῥωμαία
3365 5850 3434 5902 Α.
