4174 6442
730 375 833 437 031

1924 366 2265 427 JUANNES
2287 365 2729 425 CAMENIATA

3891 363 4004 423 632

728 486 823 539 ris.
891 483 1106 537 Etenim
1163 482 1209 536 si
1267 480 1481 550 singuta
1549 493 1839 532 recensere
1899 478 2128 532 voluero
2187 490 2310 545 qua:

2431 493 2506 527 ρον
2528 475 2605 540 ";
2632 476 2694 531 El
2717 475 2827 546 γὰρ
2856 474 3239 545 ἀπαριθμῆσαι
3266 474 3477 542 θελήσω
3495 474 3615 527 καθ’
3648 473 3705 525 ἐν
3728 474 3827 527 ὅσα
3855 472 4007 525 κατὰ

727 592 827 647 per
857 576 977 644 ejus
1014 571 1375 643 nauigationis
1407 570 1673 627 circulum
1710 570 2095 630 sustinuimus,
2131 582 2309 635 quan-

725 669 905 737 tisque
971 667 1027 720 in
1085 665 1354 735 angustiis
1408 663 1611 719 versati
1670 664 1875 726 simus,
1920 662 2133 715 fabulas
2185 676 2309 713 nar-

726 776 851 815 rare
899 760 1176 830 plerisque
1210 758 1443 813 videbor
1482 766 1539 811 et
1582 756 1742 827 longe
1789 772 1819 811 a
1872 755 2098 810 veritate
2144 752 2308 808 aber-

723 867 882 913 rare,
936 866 1044 920 qua
1094 851 1319 920 auspice
1360 853 1546 905 omnia
1606 866 1693 904 me
1753 850 2090 919 scripturum
2150 845 2309 916 polli-

724 944 867 997 citus
890 957 1012 996 sum
1048 941 1101 997 in
1126 940 1395 997 orationis
1416 942 1664 998 exordio.
1702 940 2007 1009 EaprOpter
2036 946 2311 1007 gestarum

727 1048 913 1087 rerum
970 1043 1179 1102 partem
1236 1034 1535 1103 plurimam
1582 1040 1779 1101 sponte
1835 1031 2187 1102 prmtericns,
2245 1030 2312 1084 iis

727 1124 782 1177 in
847 1124 1051 1194 quibus
1114 1125 1253 1180 mihi
1307 1127 1456 1181 vires
1518 1125 1766 1181 suﬂicerc
1824 1125 2146 1179 viderentur
2201 1125 2311 1179 huc

726 1231 902 1286 usque
950 1216 1296 1280 immoratus,
1339 1226 1398 1272 ut
1444 1216 1731 1271 credibilia
1781 1231 1880 1286 per
1926 1216 2111 1271 omnia
2142 1215 2312 1269 dice—

724 1323 878 1371 rem,
938 1323 971 1363 0
1025 1307 1279 1379 Gregori,
1322 1308 1609 1363 hominum
1674 1307 2080 1375 sapientissime
2147 1315 2314 1375 atque

724 1401 1153 1462 studiosissime,
1182 1401 1377 1455 codem
1409 1401 1575 1455 modo
1607 1409 1663 1454 et
1708 1401 1922 1469 reliqua
1966 1414 2311 1469 percurram,

725 1506 849 1559 quae
883 1491 1018 1558 ipsa,
1056 1498 1115 1544 ut
1149 1507 1295 1555 reor,
1326 1490 1574 1560 quamvis
1603 1489 1804 1544 durum
1835 1506 1932 1543 cor
1962 1499 2018 1545 et
2058 1488 2318 1558 implaca-

728 1583 839 1638 bile
889 1584 1144 1638 emollire
1192 1582 1501 1648 suﬂiciant;
1548 1597 1616 1636 ne
1652 1593 1805 1639 tuum
1839 1582 2055 1646 dicam,
2114 1582 2167 1635 in
2204 1597 2317 1653 quo

728 1674 878 1729 inter
934 1674 1039 1729 alia
1095 1674 1331 1727 maxime
1383 1674 1646 1743 proprius
1706 1674 1881 1729 enitet
1929 1674 2097 1728 animi
2152 1676 2317 1728 mise-

724 1775 921 1820 rantus
966 1766 1226 1831 allectus,
1285 1781 1351 1823 ex
1395 1768 1553 1836 cujus
1600 1776 1739 1823 nutu
1796 1774 1963 1836 atque
2011 1766 2197 1823 indole
2247 1767 2314 1821 ad

733 1855 850 1910 hmc
908 1855 1200 1916 scribenda
1255 1857 1585 1914 adhortatus
1644 1874 1996 1928 esrremque
2068 1866 2311 1922 tantam,

731 1948 839 2006 etsi
873 1948 1086 2005 viribus
1119 1950 1279 2021 longe
1308 1950 1595 2022 imparem,
1622 1950 1843 2021 aggredi
1869 1951 2207 2021 compulisti.

799 2129 888 2183 75.
929 2127 1203 2185 Caeterum
1244 2129 1375 2184 dum
1418 2130 1499 2186 sic
1526 2130 1670 2186 inter
1702 2131 1853 2185 varia
1887 2130 2315 2189 infortuniorum

728 2237 932 2292 genera
988 2224 1378 2287 colluctamur,
1433 2223 1627 2294 ingens
1673 2224 1924 2295 quadam
1963 2236 2154 2280 exorta
2192 2242 2319 2297 pro-

731 2318 895 2380 cella,
930 2321 1067 2372 mari
1110 2328 1436 2388 tempestate
1478 2320 1717 2384 turbato,
1750 2322 1805 2376 in
1842 2322 1967 2376 vita:
2014 2338 2118 2377 nos
2155 2340 2319 2393 grave

733 2410 1044 2479 periculum
1086 2410 1324 2467 induxit.
1391 2413 1532 2468 Hinc
1580 2430 1750 2469 naves
1788 2430 1983 2470 omnes
2017 2417 2317 2472 vehemen—

734 2499 875 2554 tiore
934 2499 1065 2556 ﬂatu
1120 2518 1150 2556 a
1202 2517 1262 2557 se
1320 2502 1557 2557 invicem
1613 2515 1836 2575 totaque
1899 2507 2072 2562 classe
2130 2509 2321 2577 procul

735 2591 997 2662 dispersre
1041 2602 1206 2663 atque
1242 2594 1455 2659 divisze,
1500 2612 1604 2652 nec
1639 2607 1786 2652 recta
1828 2614 2050 2654 cursum
2078 2602 2323 2656 valentes

737 2683 1045 2740 intendere.
1104 2685 1302 2741 Nescio
1356 2703 1490 2742 vero
1551 2704 1788 2758 quonam
1846 2690 1991 2743 malo
2036 2690 2320 2757 dwmone,

738 2777 1021 2844 proximus
1064 2778 1225 2835 nobis
1260 2778 1423 2852 593
1459 2782 1529 2835 ad
1573 2780 1765 2836 lmvam
1813 2782 2038 2838 infausti
2080 2783 2323 2839 nominis

739 2868 879 2934 Leo,
930 2886 1043 2925 suae
1094 2873 1250 2926 navis
1294 2873 1463 2943 puppi
1517 2874 1769 2930 assidens
1830 2883 1886 2931 et
1927 2878 2324 2948 gubernatores

737 2958 1031 3029 navigandi
1081 2959 1279 3028 peritia
1340 2960 1641 3027 instruens,
1677 2963 2007 3019 vehebatur.
2057 2967 2193 3018 Eum
2229 2981 2327 3019 na-

740 3049 823 3104 vis
876 3050 1018 3115 alia,
1072 3052 1167 3106 sed
1224 3052 1401 3107 multo
1461 3054 1817 3119 imbecillior,
1872 3055 1924 3108 vi
1985 3055 2324 3125 tempestatis

2415 571 2513 640 τὴν
2544 570 2796 641 περίοδον
2836 570 3054 637 ἐκείνην
3084 569 3176 622 τοῦ
3208 568 3369 637 πλοὸς
3402 569 3718 636 ὑπέστημεν
3745 568 3839 620 καὶ
3873 565 4001 635 μεθ’

2416 666 2547 732 ὅσης
2580 663 2964 731 στενοχωρίας,
2994 660 3198 729 μύθους
3228 660 3366 726 δόξω
3401 662 3513 722 τοῖς
3544 660 3758 723 πολλοῖς
3788 658 4006 728 ἐξηγεῖ-

2420 751 2541 803 σθαι
2571 753 2663 805 καὶ
2700 751 2800 819 τῆς
2825 750 3082 821 ἀληθείας
3109 749 3494 821 ἐκτρέπεσθαι,
3526 749 3647 803 καθ’
3673 751 3739 819 ἦν
3770 752 3828 801 ἐν
3850 750 4002 817 ἀρχῇ

2414 844 2511 897 τοῦ
2552 843 2713 910 λόγου
2756 843 2933 897 πάντα
2958 846 3143 915 γραφῇ
3175 842 3514 913 παραδοῦναι
3544 840 4001 910 καθυπεσχὸμην.

2415 937 2517 989 Διά
2556 954 2638 990 τοι
2677 935 2833 990 τοῦτο
2883 936 2949 990 τὰ
2994 937 3221 990 πλεῖστα
3252 936 3359 990 τῶν
3395 936 3802 1005 πεπραγμένων
3856 933 4005 987 ἐκὼν

2419 1028 2816 1100 παραδραμὼν,
2860 1024 2944 1092 οἷς
2976 1030 3042 1083 ἂν
3079 1029 3295 1083 ἐδόκουν
3316 1030 3550 1099 μάλιστα
3589 1030 3685 1098 τὴν
3724 1027 4004 1097 ἡμετέραν

2418 1126 2672 1195 ἐξαρκεῖν
2698 1125 2937 1179 διάνοιαν
2961 1128 3121 1195 μέχρι
3142 1124 3238 1177 τοῦ
3259 1125 3354 1178 νῦν
3374 1122 3913 1194 προσδιατρίψας,ὼς
3942 1123 4003 1173 ἐν

2420 1218 2595 1272 ἅπασι
2620 1218 2682 1271 τὸ
2720 1216 2914 1270 πιστόν
2946 1234 3027 1269 σοι
3066 1218 3392 1287 παρασχεῖν,
3411 1208 3456 1268 ὦ
3480 1213 3758 1282 σοφώτατε
3785 1209 4005 1280 ἀνδρῶν

2420 1313 2515 1363 καὶ
2540 1309 2973 1378 φιλομαθέστατε
3001 1309 3293 1379 Γρηγόριε,
3325 1308 3468 1360 κατὰ
3487 1306 3578 1359 τὸν
3602 1305 3765 1357 αὑτὸν
3793 1304 4003 1372 τρόπον

2421 1402 2584 1455 πάλιν
2612 1404 2707 1454 καὶ
2728 1400 2981 1471 περὶτῶν
3005 1400 3209 1453 λοιπῶν
3236 1398 3438 1464 διεξίω.
3457 1397 3657 1450 ἱκανῶν
3694 1396 3789 1447 καὶ
3815 1394 4007 1445 ὡσαύ-

2419 1512 2525 1558 τως
2548 1494 2719 1548 ὄντων
2738 1496 2831 1547 καὶ
2854 1492 3172 1563 ἀμείλικτον
3193 1490 3484 1563 διαθρύψαι
3511 1489 3756 1559 καρδίαν,
3787 1488 3922 1556 μήτι
3940 1502 4005 1551 γε

2419 1585 2517 1656 τὴν
2548 1585 2669 1656 σὴν,
2700 1580 2767 1655 ἦς
2794 1585 2954 1637 τοῦτο
2986 1584 3188 1652 μᾶλλον
3212 1582 3324 1636 τῶν
3342 1582 3516 1636 ἄλλων
3534 1580 3681 1633 ἐστὶν
3711 1580 4009 1631 ἱδιαίτατον

2423 1678 2456 1746 ἡ
2495 1675 2829 1745 συμπάθεια,
2935 1674 3250 1745 πειθαρχῶν
3288 1674 3369 1735 είς
3407 1672 3610 1741 ταύτην
3644 1671 3793 1741 ἡμᾶς
3826 1667 4011 1720 ἐλθεῖν

2421 1772 2521 1839 τὴν
2552 1769 2879 1840 συγγραφὴν
2908 1770 3232 1838 προετρέψω
3268 1767 3365 1819 καὶ
3388 1767 3715 1837 πράγματος
3747 1761 4009 1815 τοσούτου

2420 1863 2839 1933 κατατολμῆσαι
2874 1863 3216 1935 παρεϐιάσω,
3255 1863 3357 1935 τὴν
3386 1861 3506 1915 καθ’
3548 1859 3696 1929 ἡμᾶς
3740 1854 4011 1926 ὑπερϐαί-

2419 1974 2604 2021 νοντος
2625 1956 2878 2029 δύναμιν.

2492 2136 2584 2191 οε’.
2614 2136 2764 2207 Πλὴν
2791 2136 2908 2191 ἀλλ’
2947 2133 3090 2188 οὕτω
3129 2135 3259 2206 περὶ
3298 2134 3502 2198 πολλὰς
3534 2132 3832 2203 συμφορῶν
3864 2132 4014 2192 ἰδέας

2422 2231 2913 2304 προσπαλαιόντων
2961 2230 3113 2299 ἡμῶν
3164 2229 3403 2297 ἔφθασεν
3433 2231 3707 2282 ἐπιστᾶσα
3748 2226 3847 2280 καὶ
3892 2242 4017 2294 τρι-

2423 2325 2598 2395 κυμία
2629 2341 2733 2388 τις,
2776 2323 3067 2378 θαλάσσιον
3087 2324 3431 2394 διεγείρουσα
3455 2322 3723 2385 κλύδωνα,
3753 2321 3845 2371 τὸν
3884 2318 4016 2383 περὶ

2422 2417 2601 2488 ψυχῆς
2654 2418 2982 2472 ἀπειλοῦντα
3032 2418 3309 2471 κίνδυνονο
3355 2415 3415 2481 ἐξ
3448 2408 3507 2468 οὗ
3558 2416 3651 2470 καὶ
3700 2416 3872 2467 πᾶσαι
3931 2414 4017 2466 δι-

2426 2511 2870 2582 εσκορπίσθησαν
2916 2511 2971 2564 αἱ
3006 2511 3151 2580 νῆες,
3181 2508 3262 2581 τῷ
3294 2510 3457 2582 ῥοίζῳ
3492 2507 3581 2563 τοῦ
3613 2507 3930 2576 πνεύματος
3956 2506 4021 2569 ἐξ

2426 2602 2673 2669 ἀλλήλων
2698 2603 2920 2672 μακρὰν
2942 2601 3364 2655 διασπασθεῖσαι
3399 2601 3495 2654 καὶ⁵
3513 2599 3605 2653 τοῦ
3638 2598 3759 2652 κατ’
3789 2598 4015 2651 εὐθεῖαν

2425 2693 2583 2762 ἥκειν
2645 2693 2988 2746 ἐκκλίνασαι.
3025 2694 3141 2747 Οὐκ
3202 2688 3319 2745 οἴδα
3368 2693 3413 2745 δ’
3461 2693 3526 2744 ἐκ
3576 2692 3723 2752 τίνος
3770 2689 4018 2757 πονηροῦ

2426 2785 2681 2855 δαίμονος
2714 2786 2873 2853 ἔτυχε
2917 2785 3253 2855 παραπλέων
3282 2786 3419 2854 ἡμῖν
3463 2783 3695 2849 ἐγγύθεν
3725 2783 3787 2845 ἐξ
3818 2781 4023 2834 εὐωνύ-

2432 2895 2536 2947 μου
2581 2880 2610 2930 ὁ
2642 2878 2958 2946 δυσώνυμος
2990 2879 3164 2940 Λέων,
3212 2878 3353 2930 κατὰ
3410 2876 3667 2945 πρύμναν
3721 2874 3824 2944 τῆς
3874 2874 4022 2937 ἰδίας

2429 2970 2558 3040 νηὸς
2592 2969 2908 3038 καθήμενος
2956 2970 3053 3022 καὶ
3090 2970 3201 3030 τοῖς
3226 2966 3592 3039 κυϐερνήταις
3626 2966 3727 3037 τὴν
3769 2966 4022 3036 περὶτοῦ

2431 3063 2585 3115 πλεῖν
2616 3062 2915 3132 ἐμπειρίαν
2945 3061 3265 3117 διατάττων.
3294 3060 3430 3115 Μεθ’
3462 3054 3537 3113 ὧν
3567 3060 3613 3090 ⁸⁸
3648 3059 3742 3114 καί
3778 3076 3863 3120 τις
3898 3058 4026 3111 6m-

740 3142 1153 3211 inavigantium
1208 3154 1363 3199 certo
1406 3144 1829 3215 indubitatoque
1881 3146 2165 3215 periculo)
2206 3162 2324 3200 me-

2432 3154 2559 3207 σθεν
2596 3155 2726 3217 ναῦς
2763 3156 2939 3223 ,ἑτέρα
2987 3150 3137 3207 εἷλκε
3187 3156 3297 3207 τῶν
3346 3154 3523 3209 ἄλλων
3549 3154 3593 3185 ⁸⁷
3627 3151 4023 3220 ὑποδεεστέρα,

739 3234 827 3287 dia
864 3233 1119 3291 diﬂ‘racta
1157 3236 1511 3305 sequebatur.
1564 3237 1645 3291 Ex
1688 3253 1753 3290 ea
1792 3238 2052 3302 clamare,
2095 3238 2191 3307 qui
2230 3238 2323 3293 illa

740 3323 1087 3385 vehebantur
1113 3325 1337 3383 Barbari
1372 3344 1385 3380 :
1422 3325 1586 3382 Serva
1620 3336 1713 3383 tua
1747 3330 2048 3397 prwsentia,
2088 3346 2117 3383 ο
2147 3332 2325 3401 copia-

741 3429 861 3468 rum
887 3414 1014 3480 dux,
1047 3432 1140 3473 nec
1170 3425 1380 3472 tantam
1404 3417 1767 3488 Agarenorum
1788 3421 2179 3476 multitudinem
2200 3439 2323 3493 pcr-

740 3506 818 3558 ire
868 3507 1034 3567 sinas,
1068 3525 1197 3577 quos
1239 3510 1504 3581 hucusque
1534 3511 1599 3565 ab
1626 3514 1771 3565 omni
1808 3515 2064 3569 immunes
2095 3518 2324 3586 periculo

746 3602 1088 3653 conservasti.
1158 3599 1301 3654 Tum
1350 3600 1477 3667 ille,
1532 3610 1779 3658 actutum
1845 3604 1901 3659 in
1966 3622 2062 3661 eos
2115 3607 2326 3667 directa

743 3689 891 3751 navi,
949 3691 1155 3745 certius
1211 3693 1583 3761 perquirebat.
1652 3694 1735 3749 Illi
1790 3712 1896 3749 una
1953 3713 2084 3753 voce
2135 3714 2327 3755 omnes

744 3782 1004 3847 clamare,
1051 3792 1107 3838 et
1148 3799 1342 3839 navem
1385 3784 1617 3841 fractam
1659 3799 2158 3845 comtuonstrantes
2199 3806 2329 3861 sup-

742 3874 963 3943 pliciter
1000 3886 1280 3947 rogareut
1310 3878 1472 3933 nobis
1521 3879 1800 3947 omnibus,
1849 3883 1944 3951 qui
1976 3883 2147 3939 vincti
2174 3899 2327 3939 esse-

744 3983 888 4032 mus,
941 3969 995 4021 in
1042 3984 1193 4025 mare
1252 3970 1534 4040 projectis,
1583 3972 1686 4042 ipsi
1733 3974 1789 4028 in
1845 3991 2041 4031 navem
2085 3988 2327 4033 nostram

745 4071 1201 4119 canvasarentur.
1235 4063 1507 4121 Nimirum
1545 4066 1878 4137 probrosum
1918 4084 2041 4123 esse
2073 4070 2128 4127 in
2179 4079 2330 4126 tanto

744 4152 995 4227 periculo
1050 4154 1215 4211 nobis
1272 4158 1507 4212 servatis
1568 4157 1692 4213 illos
1744 4160 1912 4215 maris
1962 4161 2146 4230 perire
2196 4179 2332 4217 nau-

744 4247 950 4316 l'ragio,
1005 4248 1116 4305 nec'
1162 4248 1383 4305 illorum
1435 4250 1600 4306 vitam
1648 4260 1855 4308 nostra:
1900 4255 2184 4310 anteferri.
2248 4258 2329 4312 Ad

745 4341 893 4409 quod
944 4341 1036 4400 ille
1083 4343 1342 4399 ocissime
1378 4345 1606 4407 annuit,
1666 4345 2011 4417 imperatque
2065 4349 2184 4405 sisti
2235 4368 2332 4405 na-

747 4451 893 4498 vem,
941 4452 1121 4506 exque
1176 4438 1265 4492 illa
1312 4453 1414 4494 nos
1455 4439 1509 4492 in
1567 4455 1719 4495 mare
1768 4442 1983 4512 projici,
2036 4443 2161 4497 illos
2200 4461 2332 4499 vero

746 4528 801 4582 in
864 4527 1037 4598 ipsam
1089 4529 1398 4584 transferri.
1454 4529 1591 4585 Cum
1654 4532 1769 4586 haec
1819 4544 2146 4603 agerentur,
2204 4552 2330 4593 sen-
2369 4526 2409 4579 D

746 4620 849 4674 sim
906 4620 1127 4691 longius
1177 4621 1497 4685 elabiinur:
1544 4622 1862 4679 ferebamur
1904 4628 2053 4681 enim
2096 4629 2337 4687 violento

747 4727 811 4765 ae
858 4711 1065 4769 furenti
1114 4714 1360 4782 impetu,
1425 4717 1868 4785 propellentibus
1916 4719 2212 4789 ﬂuctibus,
2278 4734 2339 4779 ut

746 4815 857 4855 non
893 4808 1107 4859 tantum
1152 4804 1384 4867 clamor,
1408 4806 1504 4860 sed
1550 4823 1618 4867 ne
1658 4808 1866 4866 tonitru
1905 4811 2128 4879 quidem
2171 4830 2339 4869 evan-

748 4892 857 4949 diri
908 4903 1117 4964 posset,
1164 4912 1276 4966 quo
1321 4913 1389 4951 ex
1434 4898 1557 4953 loco
1592 4899 1662 4953 ab
1708 4883 1792 4954 ‘eis
1843 4900 2106 4973 disjuncti
2153 4907 2336 4962 fuera-

747 5002 891 5043 mus.
959 4986 1033 5045 Ut
1088 5002 1222 5043 vero
1286 4988 1453 5064 59!.
1516 5006 1618 5045 nos
1673 5008 1702 5044 a
1766 5008 1825 5047 se
1885 4994 2043 5065 longe
2113 4995 2339 5054 dissitas

747 5090 1176 5150 conspexerunt,
1227 5092 1364 5137 nutu
1420 5084 1541 5137 solo
1594 5083 1864 5143 Barbaros
1911 5089 2005 5157 qui
2049 5091 2335 5148 nobiscum

747 5180 909 5226 erant
959 5183 1282 5243 ex5pectare
1329 5175 1619 5247 iubebant.
1676 5178 1785 5245 Qui
1837 5180 1952 5235 sive
2004 5198 2112 5241 non
2173 5186 2335 5241 intel-

749 5262 985 5334 ligentes
1030 5265 1165 5336 quid
1214 5268 1292 5324 illi
1343 5270 1565 5337 vellent,
1619 5272 1737 5327 sive
1776 5274 1939 5329 etiam
1989 5287 2185 5345 sponte
2226 5296 2333 5334 non

750 5365 1032 5421 curantes,
1076 5375 1203 5421 cum
1241 5362 1390 5433 quod
1438 5363 1515 5418 illi
1560 5376 1808 5435 agerent,
1855 5369 2142 5427 attendere
2183 5374 2336 5427 nullo

750 5452 915 5509 modo
954 5453 1298 5517 viderentur.
1335 5456 1476 5518 forte
1514 5472 1644 5520 vero
1679 5458 1856 5527 (quod
1884 5468 1940 5515 et
1982 5463 2338 5521 verisimilius

750 5546 870 5612 est)
920 5546 1221 5611 inet'fabilis
1256 5565 1385 5622 erga
1422 5566 1527 5609 nos
1551 5550 1647 5606 Dei
1687 5552 2048 5621 providentia:
2087 5556 2335 5613 instincti

750 5638 1043 5708 edoctique
1110 5641 1373 5705 numine,
1442 5642 1775 5713 navigationi
1843 5646 2104 5702 continue
2165 5650 2334 5708 insta-

2432 3248 2554 3317 ἣτις
2587 3242 2655 3316 ἦν
2691 3247 2736 3278 ⁸⁸
2770 3250 2834 3316 τῇ
2873 3246 2963 3317 βίᾳ
2993 3248 3089 3316 τῆς
3122 3247 3288 3315 ζάλης
3331 3246 3495 3315 μέσον
3525 3245 3892 3314 διαρῤαγεῖσα
3926 3245 4028 3295 καὶ

2433 3338 2735 3393 ἀπειλοῦσα
2779 3341 2891 3402 τοῖς
2936 3340 2994 3390 ἐν
3035 3341 3173 3408 αὐτῇ
3208 3339 3309 3409 ἥδη
3341 3339 3585 3408 παρόντα
3632 3337 3725 3388 τὸν
3757 3339 3816 3388 ἐν
3863 3333 4028 3386 ὕδασι

2435 3432 2694 3487 θάνατον·
2725 3434 2786 3498 ἐξ
2816 3428 2881 3505 ἧς
2917 3433 3221 3504 ἀνέκραγον
3263 3435 3312 3485 οἱ
3343 3434 3464 3486 κατ’
3494 3432 3667 3501 αὐτὴν
3701 3429 3983 3499 Βάρὸαροι
4009 3444 4024 3458 ·

2435 3524 2648 3579 Σῶσον
2676 3524 2953 3591 ἐπιστὰς,
2983 3521 3029 3579 ὦ
3063 3525 3415 3594 καθηγεμὼν
3455 3524 3562 3577 τοῦ
3597 3521 3881 3589 στρατοῦ,
3924 3522 4029 3573 καὶ

2430 3618 2516 3687 μὴ
2542 3618 2733 3686 ἐάσῃς
2756 3618 2953 3687 δῆμον
2974 3618 3269 3671 τοσοῦτον
3312 3620 3362 3672 Ἀ
3372 3617 3644 3686 ﬁrmi-(Iw
3664 3615 4031 3679 ἀπολέσθαι,

2436 3710 2545 3775 οὓς
2590 3710 2770 3780 μέχρι
2814 3710 2991 3765 τοῦδε
3043 3709 3294 3764 πολλῶν
3329 3710 3627 3763 κινδύνων
3662 3706 4025 3776 ἀπειράτους

2435 3802 2761 3869 ἐτήρησας,
2821 3803 3131 3867 ἐξειπόντες
3179 3804 3238 3855 ἐν
3269 3802 3436 3871 ὀλίγῳ
3472 3802 3566 3854 καὶ
3600 3804 3661 3854 τὸ
3688 3801 3926 3870 συμῦάν.
3971 3800 4034 3853 '0

2437 3896 2493 3946 6‘s
2531 3895 2812 3965 παρευθὺς
2841 3894 2963 3949 κατ’
3007 3896 3205 3956 αὐτοὺς
3240 3894 3339 3964 τὴν
3375 3893 3505 3947 ναῦν
3538 3893 3715 3946 ἰθῡναι
3748 3895 3862 3954 τοῖς
3896 3910 3964 3944 πε
3978 3894 4030 3959 ρ’·

2437 3987 2601 4038 αὐτὸν
2652 3986 2967 4057 προστάξας
3009 3986 3404 4056 ἀκριϐέστερον
3447 3986 3707 4055 ἀνηρώτα
3742 3985 3810 4042 ⁸⁸.
3860 3986 3927 4037 Οἱ
3974 3984 4035 4037 δὲ

2440 4076 2610 4130 πάλιν
2661 4077 3005 4148 ὁμοθυμαδὸν
3054 4078 3247 4143 ἐϐόων,
3293 4079 3387 4131 καὶ
3424 4078 3486 4130 τὸ
3523 4077 3693 4141 πάθος
3750 4077 3849 4147 τῆς
3902 4080 4035 4144 νηὸς

2440 4168 2829 4235 ύποδείξαντες
2869 4169 3273 4239 ἐπρεσϐεύοντο
3318 4171 3539 4225 πάντων
3582 4170 3742 4240 ἡμῶν
3792 4170 3903 4221 τῶν
3951 4171 4031 4222 δε-

2443 4264 2620 4330 σμίων
2653 4267 2719 4333 τῇ
2775 4262 3021 4333 θαλάσσῃ
3060 4264 3329 4332 ῥιφέντων
3376 4264 3575 4325 αὐτοὺς
3630 4265 3710 4326 είς
3760 4265 3861 4332 τὴν
3910 4266 4037 4317 καθ’

2441 4356 2590 4422 ἡμᾶς
2623 4353 2754 4406 ναῦν
2811 4353 3349 4423 μετασκευασθῆναι,
3393 4353 3723 4423 ἐφύϐριστον
3770 4350 3914 4404 εἶναι
3951 4354 4040 4405 is-

2443 4464 2633 4514 γοντες
2670 4448 2730 4498 ἐν
2763 4446 3008 4517 τοσούτῳ
3051 4448 3208 4516 κακῷ
3240 4446 3565 4516 σωζομένων
3594 4446 3754 4515 ἡμῶν
3789 4447 4039 4510 ἐκείνους

2443 4541 2535 4594 τοῦ
2571 4541 2714 4593 κατὰ
2757 4538 3035 4593 θάλασσαν
3062 4541 3317 4608 γενέσθαι
3354 4541 3606 4594 κινδύνου
3640 4541 3737 4593 καὶ
3770 4541 3845 4611 μὴ
3902 4558 4015 4609 προ

2442 4633 2747 4703 τιμηθῆναι
2787 4633 2886 4701 τῆς
2926 4632 3396 4709 ἡμετέραςήζωῆς.
3433 4634 3576 4703 Πρὸς
3608 4634 3635 4685 ὃ
3675 4633 3739 4704 δὴ
3773 4635 3866 4685 καὶ
3902 4652 4034 4686 κατ-

2445 4726 2632 4779 ένευσε
2697 4725 3078 4795 παραχρῆμα,
3134 4726 3434 4795 ἐπιτρέψας
3490 4727 3692 4778 στᾶσαν
3750 4727 3850 4793 τὴν
3904 4727 4032 4778 vain

2442 4821 2593 4888 ἡμᾶς
2626 4820 2725 4887 μέν
2758 4820 2825 4889 τῇ
2870 4818 3116 4889 θαλάσσῃ
3157 4820 3405 4890 ῥιφῆναι,
3437 4819 3681 4882 ἐκείνους
3724 4820 3781 4872 δὲ
3807 4822 3862 4870 ἐν
3897 4824 4039 4889 αὐτῇ

2448 4910 2948 4982 μετακομισθῆναι.
2988 4912 3079 4964 Ἐν
3108 4914 3218 4981 ὅσῳ
3248 4912 3305 4964 δέ
3340 4910 3515 4965 ταῦτα
3549 4914 3875 4982 ἐπράττετο,
3913 4914 4041 4965 ἐλα-

2447 5006 2615 5074 θομεν
2645 5007 2748 5060 οὐκ
2777 5005 2960 5073 ὀλίγον
2987 5007 3329 5069 ἀποστάντες
3354 5007 3513 5077 ἡμεῖς
3534 5022 3547 5034 ⁸
3586 4998 3899 5074 ἐςὲρόμεθα
3930 5007 4041 5076 γὰρ

2448 5096 2611 5166 βιαίῳ
2655 5096 2766 5149 τινὶ
2814 5096 2907 5148 καὶ
2929 5094 3151 5165 χαλεπῷ
3195 5093 3273 5164 τῷ
3321 5095 3605 5164 ὁρμήματι
3634 5091 3719 5164 μ’.
3748 5090 3874 5163 53οξ
3929 5097 4040 5155 τοῖς

2447 5189 2689 5257 κύμασιν
2713 5185 3175 5256 ἐλαυνόμενοι,ὼς
3206 5187 3266 5237 ού
3298 5184 3458 5255 μόνον
3481 5181 3890 5254 κραυγῆ;.ἀλλ“
3918 5184 4039 5235 ούδέ

2449 5280 2680 5351 βροντῆς
2732 5280 2967 5344 ἐκεῖθεν,
3002 5278 3061 5344 ἐξ
3098 5270 3160 5331 οὗ
3210 5276 3580 5345 κατελίπομεν
3620 5276 3839 5337 αὐτοὺς,
3877 5273 4041 5325 Bovi-

2451 5391 2602 5444 μενοι
2630 5373 2931 5437 ἐξακούειν.
2981 5373 3069 5436 Ὠς
3110 5367 3204 5426 οὖν
3236 5367 3377 5424 εἶδον
3408 5369 3627 5441 μακρὰν
3662 5369 4035 5430 ἀποστάντας.

2445 5467 2677 5536 νεύματι
2710 5468 2870 5537 μόνον
2903 5466 3230 5536 προσμένειν
3263 5466 3391 5525 τοὺς
3418 5464 3516 5515 σὺν
3549 5464 3683 5533 ἡμῖν
3716 5461 4039 5531 Βαρῆἀρους

2449 5563 2775 5630 ἐπέτρεπον.
2809 5563 2874 5614 Οἱ
2905 5561 2985 5625 δὲ,
3024 5561 3131 5612 εἴτε
3171 5560 3244 5629 μὴ
3295 5559 3571 5620 συνιέντες
3616 5557 3753 5627 πρὸς
3804 5557 3832 5609 δ
3864 5556 4037 5609 ταῦτα

2448 5655 2688 5714 ἐποίουν,
2716 5655 2826 5707 εἴτε
2878 5655 2970 5705 καὶ
3022 5654 3237 5715 ἑκόντες
3280 5653 3475 5715 αὐτοὺς
3531 5651 4034 5721 παραλογισάμενοι

2066 5739 2297 5798 νΑιιιΑί
2331 5746 2729 5801 LECTIONI'LS.

824 5825 870 5855 "‘
907 5828 1273 5900 πορευόμενον
1307 5832 1369 5883 Α.
1448 5834 1492 5863 ⁸⁸⁸
1519 5833 1613 5885 6v?
1695 5837 1736 5867 ε’
1768 5842 1878 5903 ταῖς
1909 5839 2099 5902 ἄλλοις
2137 5838 2195 5893 Γ.

2276 5844 2318 5869 ⁶’¹¹
2348 5838 2437 5912 ἦνῙ
2471 5843 2565 5898 καὶ
2600 5839 2657 5896 Ρ.

2738 5842 2779 5869 ⁸⁸
2819 5839 3067 5910 ἐνηρὼτα
3109 5839 3165 5893 Ρ.
