4174 6442
180 324 293 386 63:3

1270 339 1369 400 DE
1410 343 1719 405 EXCIDIO
1746 346 2356 411 TilESSALONltLlS.

3341 372 3444 432 634

177 435 257 503 τῷ
296 437 420 505 μηδ’
471 439 609 501 ὅλως
661 441 949 509 φαίνεσθαι
986 445 1275 514 προσέχειν
1309 451 1421 511 τοῖς
1460 451 1551 503 ὑπ’
1588 454 1724 505 αὑτιῖ

1829 456 2021 515 ibant.
2072 459 2218 512 nulla
2267 478 2456 515 eorum
2506 466 2598 531 qui
2658 475 2806 521 retro
2849 483 3033 527 essent
3087 475 3300 530 ratione
3353 480 3446 533 ha-

181 529 685 597 προσταττομένοις
725 532 791 595 ⁷⁸,
832 533 975 615 τάχα.
1006 534 1063 587 δὲ
1110 535 1269 589 τοῦτο
1317 537 1479 591 πλέον
1512 541 1614 593 ὑπὸ
1662 543 1760 612 τῆς

177 617 395 682 ἁφάτου
430 622 555 689 περὶ
578 624 607 691 ἡ
618 625 723 690 μᾶς
753 626 1079 695 κηδεμονίας
1105 627 1197 680 τοῦ
1224 629 1361 683 Θεοῦ
1394 631 1756 701 διδαχθέντες,

174 708 395 778 εἴχοντο
417 711 511 765 τοῦ
538 713 720 779 πλοὸς,
756 718 958 785 μηδένα
988 718 1146 786 λόγον
1176 721 1284 776 τῶν
1312 724 1543 777 κατόπιν
1577 727 1760 781 ποιούο

1869 547 2017 612 trita,
2072 550 2167 604 sed
2218 561 2277 604 ut
2320 556 2473 607 oumi
2524 557 2805 626 diligentia
2859 574 3023 631 atque
3072 581 3239 636 opera
3289 585 3444 624 suam

1866 643 2079 707 pariter-
2114 655 2488 713 nostramque.
2527 650 2580 703 in
2619 659 2727 704 tam
2768 652 2887 706 dira
2938 655 3269 729 immanique
3316 677 3444 730 pro«

1867 731 2027 793 cella,
2057 744 2361 789 statuerent
2391 739 2643 797 salutem.

176 819 358 915 μενοι.
390 807 528 861 ἀλλά
580 812 730 882 πάσῃ
773 813 973 884 σπουδῇ
1025 816 1123 885 τὴν
1150 815 1332 871 αὐτῶν
1403 835 1463 872 τε
1533 823 1624 875 καὶ
1669 824 1828 892 ἡμῶν
1886 831 2159 898 σωτηρίαν
2210 833 2269 883 ἐν
2321 831 2463 886 οὕτω
2527 835 2815 909 βιαιοτάτῳ
2876 844 3258 915 μηχανώμενοι
3314 849 3445 902 κλύ-

168 898 327 952 aut.

108 1072 115 1079 ἱ
242 991 356 1056 ος’.
402 993 489 1056 Ὠς
519 992 576 1047 δὲ
604 997 823 1066 μακρὰν
844 999 1192 1062 ἀποστάντας
1224 999 1363 1057 εἶδον
1382 1006 1530 1074 ἡμᾶς
1558 1008 1755 1061 ἐκεῖνοι

169 1088 266 1140 καὶ
305 1089 389 1150 είς
419 1090 572 1142 οὐδὲν
595 1092 695 1159 τὴν
726 1093 925 1161 σκῆψιν
947 1096 987 1126 ⁷⁸
1025 1097 1328 1165 χωροῦσαν,
1367 1102 1671 1171 συνείχοντο
1699 1102 1755 1156 δὲ

166 1178 578 1243 κινδυνεύοντες
634 1183 748 1243 τοῖς
783 1181 939 1236 ὕδασι
992 1185 1092 1253 τῆς
1143 1187 1270 1253 νηὸς
1319 1190 1747 1261 καταδυομένης,

163 1267 339 1339 ἄλλην
362 1270 486 1323 τινὰ
522 1270 707 1338 δέησιν
731 1274 807 1343 τῷ
830 1276 1083 1344 τυράννῳ
1110 1278 1411 1346 προσῆγον,
1432 1280 1618 1333 λαϐεῖν
1654 1284 1752 1352 μὲν

163 1361 368 1423 αὐτοὺς
390 1364 472 1423 είς
503 1364 602 1432 τὴν
639 1365 776 1418 ίδίαν
801 1367 953 1431 ναῦν,
979 1370 1139 1425 ἐᾶσαι
1162 1370 1217 1426 δὲ
1242 1373 1371 1435 τοὺς
1404 1376 1521 1442 μετ’
1547 1377 1747 1441 αὐτῶν,

164 1452 293 1519 μεθ’
314 1445 391 1507 ὧν
420 1456 752 1526 ἐπεφέροντο
783 1459 1016 1525 σκύλων,
1047 1463 1112 1531 τῇ
1144 1462 1388 1535 θαλάσσῃ
1416 1465 1658 1536 δοθῆναι.
1688 1469 1747 1522 Ὀ

159 1540 218 1593 δὲ
249 1542 392 1612 πρὸς
414 1542 573 1597 τοῦτο
601 1545 763 1600 πάλιν
791 1543 858 1617 ἦν
889 1549 1173 1619 εὐπειθὴς,
1197 1550 1400 1622 καίπερ
1429 1552 1524 1607 τοῦ
1548 1556 1742 1624 καιροῦ

163 1636 241 1703 μὴ
275 1638 863 1709 ωτχωροῦντος,ἀλλά
891 1642 991 1712 τὴν
1018 1644 1237 1698 πάντων
1277 1646 1587 1713 ἀπόγνωσιν
1615 1650 1740 1703 ἐπι-

1934 1012 2019 1066 76.
2075 1016 2174 1069 Ubi
2212 1032 2375 1085 porro
2410 1036 2513 1075 nos
2550 1022 2710 1091 longe
2755 1023 3019 1083 distantes
3061 1031 3435 1100 conspiciunt,

1862 1122 2069 1173 suaque
2115 1108 2350 1174 cogitata
2392 1111 2445 1164 in
2494 1113 2727 1168 nihilum
2769 1117 2967 1173 cedere
3005 1121 3321 1187 advertunt,
3353 1135 3438 1180 at-

1859 1212 1965 1266 que
2009 1198 2134 1251 navi
2176 1215 2348 1270 prope
2389 1207 2683 1274 mergenda
2728 1208 2781 1262 in
2836 1222 3268 1284 praesentaneum
3314 1217 3439 1271 vitae

1858 1287 2158 1341 discrimen
2206 1305 2265 1342 se
2310 1292 2578 1348 adductos
2624 1308 2893 1363 cernunt;
2956 1300 3103 1356 aliud
3155 1304 3434 1373 quidpiam

1857 1393 1885 1430 a
1946 1389 2175 1448 tyranno
2236 1382 2567 1452 efﬂagitant,
2630 1398 2690 1440 ut
2755 1391 2965 1445 scilicet
3036 1392 3091 1446 in
3156 1396 3433 1463 propriam

1853 1472 2035 1525 navim
2086 1473 2220 1541 ipsis
2272 1477 2543 1545 receptis,
2589 1493 2685 1533 eos
2732 1481 2826 1548 qui
2891 1496 3013 1536 cum
3060 1484 3194 1552 ipsis
3242 1496 3431 1553 erant,

1850 1563 2203 1632 praedamque
2254 1567 2563 1623 universam
2610 1571 2747 1625 mari
2799 1574 3179 1630 concrederet.
3222 1576 3435 1642 Quibus

1849 1654 1939 1711 ille
1982 1674 2175 1714 rursus
2218 1660 2462 1715 animum
2501 1661 2677 1718 facilis
2726 1665 2971 1727 adhibet,
3020 1667 3149 1724 licet
3196 1670 3250 1724 id
3298 1680 3433 1726 tem-

160 1726 461 1792 τείνοντος,
513 1730 607 1782 καὶ
654 1731 762 1783 τῶν
794 1735 1095 1803 ἀγωγίμων
1134 1735 1228 1790 τοῦ
1289 1737 1482 1809 πρώην
1541 1742 1724 1810 φόρτοι

1846 1766 1950 1821 pus
2002 1767 2109 1805 non
2169 1754 2541 1821 permitteret,
2606 1756 2701 1810 sed
2766 1758 3012 1812 omnium
3076 1763 3248 1831 magis
3312 1779 3430 1818 ma-

158 1816 416 1886 αὑτάρκη
445 1819 545 1886 τῆς
564 1821 695 1885 νηὸς
715 1822 885 1875 αὐτοῦ
910 1823 1009 1892 τὴν
1034 1826 1224 1896 χρείαν
1251 1828 1735 1899 ἀποπληροῦντων.

157 1909 274 1980 ιΙλὴ
290 1928 311 1961 δ
332 1912 436 1962 οὐκ
463 1908 609 1975 εδοξε
638 1912 794 1967 τοῦτο
819 1916 1095 1985 συμφέρον
1118 1916 1280 1983 εἶναι,
1307 1921 1417 1972 τῶν
1438 1921 1512 1975 Βα
1522 1923 1738 1994 ρϐάρων

157 2003 585 2072 περισωθέντων
615 2006 741 2069 τοὺς
769 2007 1152 2078 αἰχμαλώτους
1189 2014 1510 2069 καταλιπεὶν
1536 2016 1614 2086 τῷ
1642 2016 1738 2070 θα-

153 2092 370 2165 λασσίῳ
404 2095 573 2167 βυθῷ,
618 2099 755 2153 ἀλλά
782 2116 835 2157 τι
876 2102 1040 2172 δῆθεν
1083 2104 1266 2170 ἐλέους
1312 2108 1570 2176 ἐχόμενον
1612 2112 1736 2165 καθ’

155 2182 356 2237 ἑαυτὸν
389 2184 845 2257 βουλευσάμενος,
874 2192 1017 2261 τάχα
1068 2196 1135 2264 τῇ
1172 2196 1340 2268 μανίᾳ
1378 2197 1479 2268 τῆς
1537 2201 1735 2275 φιλαρ-

151 2275 359 2343 γυρίας
386 2277 468 2340 είς
496 2277 656 2333 τοῦτο
688 2282 1022 2347 συνελαθεὶς,
1050 2285 1171 2355 οὐχὶ
1203 2286 1261 2340 δὲ
1293 2291 1606 2363 συμπαθείᾳ
1626 2295 1734 2347 τιν)⁸

152 2368 284 2434 περὶ
318 2369 421 2437 τῆς
454 2371 637 2426 αὐτῶν
669 2372 947 2438 ἀπωλείας
978 2376 1321 2447 δυαωπηθεὶς
1351 2382 1493 2449 (πῶς
1524 2383 1633 2455 γάρ
1673 2386 1732 2451 ὃς

150 2460 412 2526 ἐφαίνετο
444 2463 639 2535 πρώην
667 2469 779 2530 τοῖς
801 2468 1007 2531 ἀδίκοις
1028 2470 1214 2537 φόνοις
1267 2476 1543 2545 τρυφῶνς)
1580 2478 1731 2547 ὅμως

149 2551 243 2601 καὶ
263 2550 466 2612 αὐτοὺς
491 2554 818 2623 μετενέγααι
842 2557 938 2614 σὺν
954 2560 1066 2622 τοῖς
1086 2559 1393 2633 Βαρϐἀροις
1411 2566 1726 2633 ἐπέταττεν,

148 2638 214 2688 if
250 2638 368 2709 ἔχοι
400 2642 504 2695 κάν
532 2643 745 2709 τούτοις
762 2646 1052 2719 ἁδρότερον
1072 2654 1296 2722 ποιῆσαι
1321 2656 1383 2710 τὸ
1403 2658 1502 2725 τῆς
1528 2659 1725 2714 πλεον-

146 2729 300 2793 εξίας
366 2731 654 2801 βαλάντιον
733 2738 829 2791 καὶ
882 2740 981 2809 τὴν
1041 2743 1368 2816 φιλόχρυσον
1417 2752 1727 2824 ἀναπλῆσαι

146 2822 377 2890 λύσσαν,
406 2827 510 2880 κᾶν
539 2829 681 2898 τάχα
704 2831 963 2901 φορτικὸν
993 2828 1064 2904 ἦν
1091 2838 1187 2889 καὶ
1213 2839 1421 2908 τόλμης
1446 2822 1642 2910 ἀλόγου
1665 2846 1727 2898 τὸ

144 2916 478 2987 ἐγχείρημα.
508 2918 734 2974 Πάντων
762 2922 818 2975 δὲ
838 2925 979 2978 κατά
1002 2927 1099 2997 τὴν
1130 2929 1295 2983 αὑτοῦ
1319 2932 1452 2987 ναῦν
1478 2933 1539 2987 τὸ
1563 2936 1725 3006 τάχος

148 3008 610 3077 μετενεχθέντων,
642 3011 731 3065 ἔδυ
755 3013 936 3085 ἐκείνη
962 3021 1075 3083 τοῖς
1100 3019 1253 3075 ὕδασι
1274 3022 1582 3092 βλεπόντων
1612 3031 1722 3085 τῶν

142 3097 452 3169 Βιρεάρων
482 3105 575 3155 καὶ
600 3105 779 3158 αὐτῶν
805 3106 862 3160 δὲ
898 3110 1009 3163 τῶν
1038 3118 1363 3183 στρατηγῶν
1394 3121 1451 3172 ἐν
1485 3122 1620 3193 αὐτῇ
1655 3129 1722 3197 τῇ

141 3190 231 3257 νηῒ
265 3191 363 3243 τοῦ
404 3196 670 3264 τυράννου
702 3197 1123 3271 φυλαττομένων
1152 3208 1372 3272 αὐτοῖς’
1403 3190 1723 3279 οἵτινες-καί

140 3284 276 3349 ἡμῖν
300 3286 360 3334 ἐν
387 3285 599 3355 ὑστέρῳ
620 3287 793 3342 ταῦτα
816 3290 1168 3363 διηγήσαντο,
1194 3299 1254 3349 τὸ
1275 3305 1722 3361 ’παντεπίσκοπον

140 3374 235 3425 καὶ
266 3373 653 3446 φιλάνθρωπον
711 3380 1147 3465 ἐκπληττόμενοι
1193 3392 1294 3459 τῆς
1351 3392 1539 3465 θεῐκῆς
1590 3416 1723 3469 προ-

137 3466 309 3527 νοίας.
331 3466 533 3556 *Πολλῷ
565 3470 672 3539 γάρ
718 3472 888 3526 πλείω
916 3474 1024 3529 τῶν
1052 3477 1097 3508 ⁷⁸
1127 3478 1315 3548 χιλίων
1361 3482 1549 3554 ψυχῶν
1592 3466 1722 3556 ἐσα-

138 3574 268 3609 σκον
299 3554 441 3612 εἶναι
474 3564 615 3614 κατά
638 3563 735 3635 τὴν
762 3565 893 3619 ναῦν
926 3567 1160 3640 ἐκείνην,
1188 3571 1251 3625 ἐκ
1280 3592 1338 3627 τε
1368 3576 1477 3629 τῶν
1503 3579 1720 3649 Βαρϐά-

137 3666 249 3715 ρων
273 3650 368 3703 καὶ
402 3652 510 3703 τῶν
535 3656 898 3723 αἰχμαλώτων
925 3660 1033 3714 τῶν
1062 3666 1120 3718 ἐν
1148 3669 1213 3736 τῇ
1242 3668 1431 3739 Κρήτῃ
1469 3672 1590 3724 κατ’
1616 3674 1716 3727 αὐ-

131 3742 231 3807 τὴν
278 3743 703 3814 εἰσενεχθέντων
734 3751 829 3803 καὶ
859 3753 969 3803 τῶν
1015 3754 1080 3807 ἐκ
1117 3756 1216 3824 τῆς
1248 3759 1505 3830 ρηθείσης
1552 3781 1719 3831 προσ-

130 3831 401 3884 τεθέντων
448 3836 650 3899 αίτίας.
682 3838 757 3902 ώς
792 3842 1047 3897 τοσοῦτον
1092 3847 1319 3917 ἀπέχειν
1353 3850 1717 3923 βαπτισθῆναι

129 3922 227 3989 τῆν
262 3922 467 3977 ὁλκάδα
526 3927 651 3979 ὅσον
684 3933 811 3999 μιᾶς
849 3934 1148 4006 παλαιστῆς
1191 3941 1253 3992 τὸ
1294 3943 1491 4013 μέτρον
1547 3947 1710 4002 ἐστίν.

130 4014 206 4064 Ui:
242 4016 596 4086 συνεχώρησε
625 4020 682 4073 δὲ
712 4023 870 4077 τοῦτο
897 4028 925 4078 ὁ
963 4028 1073 4081 τῶν
1100 4031 1322 4100 ἀφανῶν
1355 4035 1597 4105 γνώστης
1621 4041 1714 4092 καὶ

127 4104 235 4199 egw
282 4109 537 4177 κρυφίων
588 4112 881 4188 ἐξεταστὴς
920 4120 1146 4190 Κύριος,
1182 4123 1266 4196 [Ρ.
1310 4125 1441 4199 581]
1471 4104 1585 4182 ἀλλ’
1636 4132 1714 4195 ὡς

126 4193 231 4249 εἶδε
264 4199 365 4262 τὰς
407 4203 633 4271 καρδίας
664 4207 917 4262 ἁπάντων
947 4213 1127 4283 πάσης
1158 4218 1257 4284 μὲν
1277 4220 1521 4289 χρηστῆς
1553 4222 1713 4277 ἀπει-

126 4288 340 4385 ποῦσας
370 4291 607 4357 ἐλπίδος,
634 4298 782 4369 αὐτῷ
805 4300 860 4355 δὲ
888 4304 1035 4373 μόνῳ
1063 4308 1161 4376 τὴν
1191 4288 1504 4380 ἀμηχανίαν
1530 4318 1711 4385 ἐμφα-

1846 1847 2036 1918 gisquc
2087 1847 2525 1917 desperationem
2580 1862 2834 1920 augeret,
2878 1854 3161 1924 priorique
3206 1866 3428 1912 vectura

1846 1953 1911 1992 ac
1978 1953 2146 1994 onere
2205 1939 2327 2008 ejus
2388 1940 2608 1995 abunde
2666 1943 2823 1997 navis
2888 1947 3195 2014 constipata
3258 1959 3427 2004 esset.

1845 2030 2001 2086 llaud
2054 2033 2339 2086 enimvero
2389 2046 2419 2085 e
2478 2048 2536 2087 re
2589 2034 2723 2088 satis
2769 2034 2847 2087 illi
2888 2036 3065 2088 visum
3117 2047 3178 2092 ut
3223 2038 3427 2094 Barba-

1844 2123 1920 2177 ris
1962 2124 2192 2178 servatis
2231 2126 2477 2193 captivos
2524 2124 2694 2179 maris
2732 2127 2931 2197 gurgiti
2986 2128 3289 2183 sorbendos
3332 2131 3427 2184 de-

1842 2224 2073 2269 sereret.
2135 2215 2277 2280 Quin
2330 2216 2443 2270 imo
2486 2232 2671 2271 secum
2719 2217 2834 2286 ipse
2874 2219 3251 2274 misericordia
3297 2237 3426 2289 pro-

1840 2321 1971 2359 num
2024 2305 2314 2360 consilium
2360 2306 2603 2375 agitans,
2646 2318 2700 2361 et
2768 2307 2907 2364 forte
2958 2310 3202 2363 avaritiae
3239 2309 3425 2366 furore

1839 2395 2108 2460 concitus,
2151 2411 2259 2450 non
2305 2396 2411 2450 ulla
2452 2405 2765 2451 nostrorum
2799 2399 3056 2453 interitus
3100 2409 3278 2455 tactus
3318 2400 3420 2456 mi-

1837 2487 2133 2551 seratione,
2158 2487 2477 2556 (quomodo
2514 2488 2693 2545 enim.
2734 2489 2825 2557 qui
2870 2505 3046 2558 nuper
3088 2490 3167 2544 sic
3204 2489 3426 2561 injustis

1835 2578 2079 2633 caedibus
2131 2580 2457 2647 gaudentem
2490 2579 2649 2648 595
2689 2580 3078 2649 prodiderat?)
3127 2581 3247 2636 illos
3279 2596 3419 2651 quo-

1834 2688 1943 2742 que
1999 2672 2357 2727 nihilominus
2407 2688 2529 2727 cum
2577 2673 2831 2727 Barbaris
2886 2673 3069 2727 invehi
3118 2673 3306 2739 jubet,
3358 2681 3421 2728 ut

1833 2763 1962 2817 hinc
2009 2778 2227 2833 quoque
2270 2771 2612 2816 nummatum
2651 2761 2990 2830 marsupium
3037 2763 3256 2817 auctius
3289 2763 3407 2816 red-

1833 2855 1990 2909 deret
2044 2854 2275 2922 aurique
2315 2852 2533 2907 avidam
2582 2853 2790 2908 rabiem
2831 2853 3148 2915 exsatiaret,
3190 2853 3412 2908 tametsi

1834 2944 2067 3000 fortasse
2127 2943 2181 2996 id
2242 2958 2406 3013 grave
2462 2943 2845 3012 dementisque
2902 2943 3146 2999 audaciae
3204 2942 3417 2999 facinus

1829 3043 1992 3089 esset.
2056 3034 2328 3089 Omnibus
2374 3042 2556 3088 autem
2611 3034 2664 3088 in
2720 3036 2841 3102 ejus
2894 3034 3075 3088 navim
3128 3034 3416 3091 celerrime

1829 3128 2077 3193 invectis,
2107 3128 2212 3182 alia
2244 3127 2313 3181 ab
2348 3129 2505 3197 aquis
2536 3128 2691 3183 navis
2721 3128 2976 3197 absorpta
3011 3138 3114 3192 est,
3150 3128 3409 3184 Barbaris

1827 3216 2195 3279 intuentibus,
2258 3218 2498 3287 ipsisque
2557 3218 2848 3273 navarchis
2898 3219 2955 3273 in
3013 3218 3129 3288 ipsa
3184 3220 3401 3290 tyranni

1824 3316 1948 3369 navi
2006 3315 2259 3374 servatis.
2304 3314 2398 3384 qui
2446 3324 2502 3369 et
2553 3325 2764 3383 postea,
2801 3315 3000 3369 divina:
3044 3316 3405 3384 providentiae

1824 3407 1932 3458 vim
1962 3406 2207 3460 omnium
2252 3406 2636 3475 inspectricem
2669 3419 2725 3463 et
2766 3407 3160 3461 humanitatem
3207 3423 3272 3461 ac
3292 3408 3408 3462 cle-

1822 3495 2083 3547 mentiam
2141 3503 2461 3563 stupentes,
2520 3495 2635 3550 haec
2692 3495 2807 3565 ipsa
2867 3496 3029 3550 nobis
3084 3511 3402 3552 narravere.

1823 3584 1964 3638 Mille
2005 3586 2150 3639 enim
2209 3586 2446 3653 amplius
2497 3588 2709 3642 animas
2759 3588 3019 3643 dicebant
3074 3589 3128 3643 in
3182 3604 3246 3643 ea
3301 3606 3406 3644 nu-

1821 3677 2017 3730 merari
2072 3693 2241 3741 nave,
2300 3687 2415 3732 tum
2472 3678 2838 3734 Barbarorum
2898 3690 3011 3735 tum
3062 3682 3404 3750 captivorum

1820 3770 1961 3838 apud
1996 3768 2213 3823 Cretam
2254 3769 2309 3822 in
2342 3785 2461 3823 eam
2495 3770 2865 3826 invectorum.
2908 3787 2971 3825 ac
3004 3781 3283 3840 postremo
3313 3789 3409 3826 ee-

1821 3875 1942 3912 rum
1990 3858 2083 3927 qui
2138 3873 2235 3927 per
2274 3873 2395 3911 eam
2445 3874 2666 3913 causam
2722 3862 2797 3914 illi
2836 3871 3085 3916 vectores
3137 3863 3404 3917 accessis-

1817 3960 1975 4014 sent,
2036 3956 2092 4001 ut
2138 3948 2303 4001 unius
2361 3949 2628 4003 duntaxat
2682 3950 2849 4019 palmi
2909 3968 3164 4006 mensura
3218 3964 3401 4007 exsta-

1818 4048 1929 4104 ret,
1988 4054 2049 4092 ac
2102 4054 2170 4091 ne
2219 4039 2377 4107 aquis
2416 4049 2757 4110 mergeretur
2813 4042 3049 4097 abesset.
3109 4043 3264 4108 Quod
3316 4052 3400 4097 ta-

1816 4146 1940 4183 men
1987 4145 2096 4183 non
2137 4130 2388 4197 permisit
2433 4132 2777 4186 occultorum
2817 4133 3067 4203 cognitor
3112 4135 3397 4201 Dominus,

1815 4230 1870 4275 et
1932 4221 2026 4291 qui
2082 4222 2403 4276 abscondita
2460 4232 2762 4279 scrutatur.
2826 4226 2932 4279 Sed
2987 4226 3081 4281 ubi
3152 4229 3398 4283 omnium

1816 4312 1979 4367 Corda
2033 4312 2204 4375 vidit,
2256 4313 2404 4367 omni
2457 4315 2567 4384 jam
2617 4314 2882 4371 felicioris
2933 4318 3113 4372 exitus
3161 4334 3255 4388 spe
3305 4319 3401 4375 de-

126 4380 383 4444 νιζούσας
416 4385 493 4456 τῷ
539 4386 716 4442 πάντα
761 4390 1045 4467 δυναμένῳ
1098 4400 1246 4469 μόνῳ
1286 4403 1365 4473 τῷ
1397 4404 1703 4474 βούλεσθαι.

1829 4402 2010 4466 ιυεὶιιι,
2049 4400 2153 4471 ipsi
2197 4404 2314 4467 uni,
2366 4404 2421 4458 in
2467 4419 2578 4473 quo
2615 4406 2995 4469 versabantur.
3048 4408 3398 4465 manifestare

124 4473 428 4544 ἐπέϐλεψεν
481 4480 569 4531 ἐπ’
618 4482 833 4548 αὐτοὺς,
876 4489 969 4541 καὶ
1026 4493 1106 4554 είς
1158 4495 1342 4562 πράαν
1382 4499 1482 4567 μὲν
1531 4500 1704 4570 αὔραν

120 4566 221 4632 τὴν
271 4570 594 4637 καταιγίδα,
647 4575 728 4636 είς
761 4577 1002 4651 γαλήνην
1058 4584 1114 4635 δὲ
1146 4585 1242 4655 τὴν
1290 4588 1398 4643 τῶν
1445 4595 1704 4663 κυμάτων

122 4661 539 4731 καταστορέσας
574 4667 921 4737 τραχύτητα,
965 4672 1168 4728 ἔσωσεν
1211 4678 1410 4744 αὐτοὺς
1459 4684 1524 4737 ἐκ
1573 4703 1701 4737 τοσ-

118 4749 279 4801 ούτου
304 4753 578 4820 κινδύνου,
605 4760 772 4812 πᾶσιν
798 4764 1099 4832 ἐμφαίνων,
1117 4771 1209 4821 καὶ
1238 4772 1396 4839 μόνον
1419 4776 1537 4844 οὐχὶ
1570 4778 1700 4847 βοᾷν

118 4839 385 4897 δεικνύων
407 4848 475 4899 τὰ
504 4851 828 4922 πράγματα,
859 4857 1007 4918 ὅπως
1036 4860 1263 4928 ῥύεσθαι
1292 4839 1514 4920 δύναται
1533 4839 1700 4923 ό-τών

120 4936 446 5003 θαυμασίων
490 4938 621 5003 Θεὸς
653 4946 776 5008 τοὺς
835 4947 892 4998 ἐν
945 4948 1175 5023 ἀληθείᾳ
1233 4956 1329 5012 καὶ
1390 4958 1539 5029 φόϐῳ
1580 4964 1698 5016 ἐπι-

121 5025 491 5096 καλουμένους
524 5032 709 5087 αὑτὸν.

182 5206 279 5270 0.7.
322 5208 464 5278 Ἤδη
494 5210 550 5263 δὲ
616 5215 756 5281 μετὰ
807 5218 1066 5290 πέμπτην
1127 5223 1221 5276 τοῦ
1272 5227 1433 5291 πλοὸς
1478 5232 1693 5302 ἡμέραν

118 5300 444 5393 κατή-ραμεν
482 5304 534 5354 ἐι
564 5305 636 5393 ’τῇ
668 5308 815 5378 νήσῳ
847 5310 945 5381 τῆς
974 5313 1200 5385 Κύπρου
1228 5321 1371 5373 κατά
1408 5327 1498 5375 τὸν
1524 5300 1694 5393 ὅρμον

114 5386 212 5454 τῆς
240 5389 456 5456 Πάφου,
486 5393 545 5445 ἐν
649 5398 743 5450 καὶ
789 5402 1069 5469 ἀνεθέντες
1116 5408 1312 5477 μικρὸν
1346 5411 1421 5472 ὡς
1452 5386 1690 5477 ἐξελθεῖν

115 5480 237 5541 τςὺς
259 5479 579 5552 Βαρόάρους
614 5490 707 5541 καὶ
738 5494 846 5555 τοῖς
877 5500 1303 5568 παρακειμένοις
1359 5502 1515 5558 ὕδασι
1564 5506 1689 5559 λού-

119 5569 337 5638 σασθαι,
388 5575 549 5629 πάλιν
600 5580 810 5636 ἐκεῖθεν
865 5588 1189 5657 ἀναχθέντες
1242 5596 1382 5663 μετά
1422 5614 1483 5665 γε
1525 5601 1686 5670 νυχθ-

1811 4490 2025 4545 consilii
2074 4490 2338 4561 inpiam,
2390 4493 2485 4561 qui
2516 4494 2774 4549 videlicet
2822 4497 2934 4550 sola
2966 4499 3249 4552 voluntate
3292 4499 3399 4553 salo

1811 4602 1902 4638 vas
1958 4595 2139 4653 potest
2191 4596 2484 4655 praestare,
2549 4590 2603 4642 in
2663 4589 2784 4643 illos
2840 4593 3030 4645 oculos
3082 4593 3393 4658 convertit,

1810 4694 1873 4731 ae
1926 4678 2221 4746 procellam
2280 4680 2503 4748 quidem
2564 4680 2617 4733 iu
2680 4696 2869 4735 auram
2917 4685 3132 4745 lenem,
3193 4683 3395 4739 fluctus

1810 4786 1939 4826 vero
1990 4779 2339 4839 exasperatos
2393 4772 2448 4825 in
2507 4774 2864 4842 tranquillum
2912 4791 3064 4830 mare
3112 4785 3389 4839 sternens,

1809 4877 1839 4912 a
1902 4869 2050 4914 tanto
2112 4860 2233 4914 illos
2286 4862 2535 4931 periculo
2601 4864 2884 4928 liberavit,
2948 4868 3163 4922 cunctis
3222 4866 3388 4921 nimi-

1808 4967 1925 5004 rum
1972 4951 2243 5021 prodens,
2279 4954 2483 5023 vixque
2518 4972 2605 5011 res
2640 4974 2749 5011 non
2782 4959 3019 5015 clamare
3058 4959 3386 5022 ostendens,

1804 5057 1962 5110 posse
1997 5042 2158 5113 596
2196 5044 2534 5101 mirabilium
2580 5049 2750 5103 Deum
2792 5050 3031 5106 liberare
3070 5066 3168 5107 eos
3199 5050 3293 5121 qui
3330 5052 3386 5105 in

1803 5133 2033 5186 veritate
2063 5144 2226 5203 atque
2259 5135 2455 5192 timore
2486 5139 2664 5206 ipsum
2693 5140 2973 5195 invocant.

1873 5242 1960 5298 77.
1991 5245 2119 5298 Post
2161 5247 2417 5314 quintum
2471 5250 2844 5321 navigationis
2890 5251 3037 5307 diem
3096 5253 3153 5305 in
3204 5251 3381 5305 insula

1800 5332 1980 5406 Cypro
2038 5337 2207 5407 Paphi
2271 5352 2495 5410 portum
2566 5344 2930 5404 intravimus:
2984 5346 3383 5415 paululumque

1801 5441 2134 5492 recreantur,
2165 5429 2293 5484 dum
2327 5432 2555 5486 Barbari
2610 5435 2845 5488 navibus
2876 5432 3144 5491 exeuntes
3172 5434 3240 5489 ad
3294 5435 3379 5488 νὶ-

1798 5519 1951 5574 cluas
1978 5536 2150 5590 aquas
2183 5524 2419 5579 lavatum
2448 5536 2605 5581 euut.
2637 5528 2775 5581 Tum
2802 5528 2931 5584 inde
2949 5529 3225 5584 solventes
3244 5534 3373 5598 post

1794 5610 1938 5665 diem
1975 5629 2143 5667 unum
2177 5631 2239 5670 ac
2269 5627 2481 5673 noctem
2524 5618 2787 5687 Tripolim
2841 5621 3233 5684 concessimus,
3276 5635 3370 5675 eo-

1342 5692 1569 5748 V.tlll.-’E
1623 5697 2026 5761 LICCTIONES.

183 5760 230 5792 τ’
271 5767 761 5837 προσταττομένοις
788 5772 1151 5836 Combelisius
1189 5800 1200 5835 :
1246 5784 1368 5839 libri
1402 5794 1724 5864 πραττομένη

1898 5800 1938 5828 τι
1972 5801 2204 5868 σκέψινῖ

2279 5806 2321 5833 ⁷¹
2357 5807 2463 5858 των
2500 5820 2607 5861 om.
2651 5808 2713 5860 Α.
