4174 6442
745 358 851 419 635

1404 363 1742 422 JOANNES
1794 363 2229 422 CAMENIATA
2276 359 2373 420 DE
2406 357 2724 419 EXCIDIO
2749 356 3363 417 THESSALONICIE.

3919 362 4028 423 636

747 468 872 520 dem
913 467 1032 536 ipso
1061 467 1151 520 die
1173 483 1285 537 quo
1320 471 1559 527 salutare
1584 474 1768 527 erucis
1791 474 1999 543 lignum
2034 474 2327 535 exaltatur,

2443 470 2646 539 ήμερον
2678 469 2807 524 ἄλλο
2834 469 2934 538 τὴν
2958 469 3220 539 Τρίπολιν
3251 470 3646 542 κατελάϐομεν,
3676 473 3796 525 κατ’
3849 475 4028 542 αὐτὴν

749 558 975 625 quando
1005 567 1061 612 et
1097 574 1199 614 nos
1230 563 1342 629 jam
1376 562 1616 630 primum
1649 580 1677 617 a
1713 566 1882 619 maris
1916 565 2184 634 periculis
2218 579 2334 616 ma-

746 649 925 717 lisque
951 665 1174 706 eramus
1210 651 1506 708 liberandi.
1557 653 1695 708 Cum
1754 671 1924 724 prope
1965 671 2186 709 murum
2240 669 2335 707 ve-

746 742 1046 806 nissemus,
1077 743 1483 812 oppidanorum
1516 747 1752 801 barbara
1803 747 1985 801 omnis
2013 747 2330 811 multitudo,

746 850 878 889 suos
907 833 1192 902 excipiens
1220 846 1552 906 nostrosque
1575 839 1877 902 admirans,
1913 838 1980 894 ad
2019 839 2198 908 ipsum
2231 855 2330 893 na-

746 923 864 975 vale
903 921 1318 977 effundebatur.
1354 923 1478 979 Mox
1500 926 1648 980 enim
1689 943 1752 980 ac
1778 927 1933 982 urbis
1950 943 2120 982 naves
2141 943 2335 983 omnes

746 1015 910 1068 simul
943 1024 1164 1068 coactas
1193 1015 1247 1068 in
1287 1026 1512 1086 portum
1559 1019 1766 1074 deferri
1821 1021 2074 1090 contigit,
2139 1029 2254 1074 tum
2302 1036 2334 1076 e

746 1105 980 1174 singulis
1011 1107 1450 1175 etpecuniarum
1483 1111 1640 1179 copia
1665 1117 1720 1164 et
1753 1111 1966 1179 reliqua
1997 1112 2332 1181 spolia,vel-

747 1205 807 1248 ut
840 1212 906 1250 ex
936 1206 1101 1252 vastae
1132 1199 1458 1268 capacitatis
1502 1200 1758 1264 urbibus,
1784 1201 1946 1256 educi
1975 1211 2031 1256 et
2054 1204 2109 1256 in
2138 1203 2334 1257 domos

747 1286 815 1339 ad
850 1285 905 1339 id
951 1295 1114 1342 antea
1151 1298 1375 1358 paratas
1421 1292 1680 1357 convehi,
1717 1302 1777 1346 ut
1837 1294 1993 1348 brevi
2044 1295 2334 1350 intervallo

748 1377 838 1434 his
870 1379 927 1433 in
949 1394 1068 1434 eam
1099 1381 1334 1436 invectis
1358 1382 1492 1437 urbs
1524 1383 1870 1454 impleretur.
1895 1386 2038 1452 Quin
2068 1402 2171 1442 nos
2194 1403 2334 1456 quo-

747 1485 856 1539 que
897 1470 1166 1526 ducentes
1193 1471 1524 1538 efferebant,
1562 1487 1619 1531 et
1648 1479 1807 1545 quasi
1856 1477 2106 1532 victoriae
2151 1479 2333 1548 quod-

747 1562 872 1616 dam
900 1571 1189 1631 tropaaum,
1217 1565 1274 1618 in
1308 1568 1555 1620 omnium
1595 1568 1774 1621 oculis
1817 1568 2192 1636 traducentes,
2230 1572 2334 1624 mi-

747 1656 948 1709 seriam
984 1668 1250 1715 .nostram
1298 1674 1363 1712 ac
1416 1659 1790 1714 calamitatem
1850 1661 2003 1715 velut
2065 1661 2121 1716 in
2177 1664 2333 1718 orbis

747 1747 965 1802 theatro
995 1748 1400 1818 producebant.
1434 1751 1608 1814 Quam
1645 1753 1838 1806 multis
1867 1754 2014 1808 enim
2063 1756 2333 1811 vocifera-

747 1838 995 1894 t-ionibus
1030 1841 1114 1895 usi
1146 1849 1272 1895 sunt
1302 1842 1646 1912 saltibusque
1686 1845 2027 1900 insultarunt
2080 1848 2136 1901 in
2179 1850 2336 1904 urbis

748 1934 1027 2003 ingressu,
1081 1950 1206 1988 cum
1258 1935 1323 1989 ad
1363 1951 1482 1990 eam
1521 1938 1889 2002 accessimus,
1941 1938 2076 1993 dum
2132 1941 2334 2010 probra

746 2033 934 2079 nostra
970 2039 1036 2080 ac
1079 2025 1310 2095 injurias
1354 2041 1565 2096 magna:
1611 2026 1714 2081 sibi
1767 2029 2139 2098 iucunditatis
2169 2047 2334 2100 argu-

746 2125 993 2172 mentum
1027 2118 1188 2189 597
1215 2121 1472 2173 sumunt!
1529 2121 1675 2189 quod
1725 2129 1780 2175 et
1816 2123 2046 2191 reliquis
2069 2125 2333 2194 majorem

746 2211 910 2264 nobis
940 2210 1191 2265 dolorem
1228 2212 1482 2275 incussit,
1519 2228 1644 2266 cum
1697 2213 1836 2268 mala
1893 2215 1984 2269 illa
2030 2226 2087 2270 et
2140 2217 2334 2272 iterata

747 2303 1046 2371 opprobria
1066 2305 1413 2374 maximaque
1434 2304 1708 2359 dedecora
1725 2307 1871 2360 ferre
1893 2324 2002 2361 non
2023 2323 2333 2376 possemus.

749 2395 849 2449 Ubi
875 2396 1159 2450 enimvero
1191 2406 1311 2464 post
1342 2412 1469 2451 eum
1501 2398 1782 2467 expletum
1819 2399 2162 2467 triumphum
2196 2401 2337 2454 assi-

747 2493 926 2553 gnatae
961 2485 1124 2538 nobis
1154 2485 1471 2550 suntatdes,
1509 2487 1565 2540 in
1602 2485 1808 2556 quibus
1839 2489 1942 2543 sub
1965 2490 2334 2545 Barbarorum

748 2579 1000 2632 custodia
1031 2579 1237 2634 addicti
1299 2581 1630 2634 tenebamur
1683 2597 1857 2650 usque
1908 2582 2039 2637 dum
2101 2584 2334 2640 Tarsum

750 2669 1256 2738 proﬁcisceremur,
1288 2681 1421 2726 tunc
1459 2673 1722 2726 nimirum
1748 2690 1778 2727 a
1819 2675 2005 2729 multis
2051 2675 2338 2732 laboribus

749 2762 938 2826 levati,
973 2762 1205 2834 fixisque
1237 2764 1291 2817 in
1323 2772 1526 2818 terram
1557 2765 1857 2834 capitibus,
1884 2782 1994 2821 non
2018 2771 2137 2822 sine
2161 2769 2337 2840 lacry-

751 2855 858 2908 mis
885 2857 1057 2908 Deum
1082 2857 1448 2924 precabamur
1481 2865 1540 2911 ut
1575 2857 1796 2913 tandem
1826 2860 2126 2929 aliquando
2179 2865 2339 2917 malis

751 2949 956 3002 nostris
983 2949 1145 3001 finem
1180 2949 1490 3017 imponens,
1539 2949 1683 3003 haud
1729 2952 1871 3006 ultra
1923 2961 2007 3006 tot
2054 2955 2336 3009 molestia-

754 3055 877 3092 rum
916 3040 1170 3094 turbines
1202 3043 1255 3092 in
1305 3055 1407 3093 nos
1447 3040 1784 3105 intenderet,
1816 3058 2052 3111 quorum
2106 3046 2188 3099 vel
2222 3048 2338 3100 solo

2437 564 2538 628 τὴν
2569 562 2784 632 ἡμέραν
2815 561 2940 615 καθ’
2961 563 3029 632 ἢν
3071 562 3301 630 ὑψοῦται
3345 564 3407 634 τὸ
3445 565 3713 634 σωτήριον
3735 562 3827 615 τοῦ
3859 580 4030 615 σταυ-

2441 653 2534 724 ροῦ
2567 653 2741 718 ξύλον,
2773 654 2860 706 ὅτε
2893 654 2989 706 καὶ
3042 655 3208 723 ήμεῖς
3249 654 3360 705 τῶν
3398 654 3539 707 κατὰ
3593 652 3868 706 θάλασσαν
3899 653 4028 721 ἄρτι

2438 746 2656 816 πρῶτον
2687 745 2989 814 ἐμέλλομεν
3022 745 3355 815 πειρασμῶν
3382 744 3675 814 ἀφεθῆναι.
3705 745 4028 812 Γενομένων

2437 833 2530 891 οὖν
2564 837 2722 906 ήμῶν
2745 837 2974 905 πλησίον
3008 837 3102 889 τοῦ
3131 837 3370 905 τείχους,
3401 837 3582 905 ἐχεῖτο
3623 836 3752 905 περὶ
3781 836 3875 888 τὸν
3902 836 4029 888 vat}.-

2439 928 2678 998 σταθμον
2733 930 3008 982 ἁπάντων.
3047 927 3330 997 ἐγχωρίων
3369 927 3674 998 Βαρϐάρων
3702 927 3764 978 τὸ
3795 927 4028 996 πλῆθος,

2437 1024 2562 1091 τοὺς
2590 1023 2688 1092 μὲν
2721 1021 2958 1086 οἰκείους
2987 1020 3565 1092 προσλαμϐανόμενον,
3587 1022 3713 1083 τοὺς
3733 1020 3855 1074 καθ’
3876 1022 4030 1090 ἡμᾶς

2398 1145 2404 1152 -
2438 1111 2494 1164 δὲ
2533 1111 2940 1180 θαμϐούμενον.
2979 1112 3132 1181 Ἀμα
3183 1112 3291 1179 γὰρ
3342 1111 3542 1181 συνέϐη
3591 1113 3771 1173 πάσεις
3798 1109 3896 1172 τὰς
3930 1114 4034 1180 τῆς

2437 1203 2648 1266 πόλεως
2680 1202 2957 1256 συνελθεῖν
2985 1202 3121 1270 νῆας
3152 1204 3246 1256 καὶ
3276 1203 3414 1272 πρὸς
3433 1203 3524 1254 τὸν
3543 1205 3714 1273 ὅρμον
3740 1202 4028 1270 γενέσθαι,

2437 1289 2556 1346 εἶτα
2586 1292 2937 1363 ἐξεκομίζετο
2960 1296 3053 1362 ἀφ’
3085 1294 3319 1361 ἑκάστης
3354 1292 3534 1346 αὐτῶν
3566 1293 3675 1346 τῶν
3709 1311 3766 1346 τε
3809 1295 4028 1364 χρημά-

2435 1403 2544 1438 των
2572 1385 2634 1438 τὸ
2674 1384 2877 1454 πλῆθος
2907 1386 3004 1439 καὶ
3057 1386 3168 1439 τῶν
3211 1385 3417 1438 λοιπῶν
3448 1385 3660 1438 σκύλων
3688 1385 3884 1454 ῶσπερ
3919 1386 4033 1438 ἀπό

2437 1493 2602 1528 τινων
2659 1476 2892 1538 πόλεων,
2948 1476 3042 1529 καὶ
3089 1477 3358 1547 μετήγετο
3402 1478 3482 1542 εἷς
3512 1497 3666 1543 τινας
3712 1498 4030 1552 προηυτρε-

2439 1565 2712 1632 πισμένας
2733 1567 2938 1629 οἰκίας,
2971 1566 3047 1629 ώς
3077 1567 3135 1620 ἐν
3162 1567 3330 1638 ὀλίγῳ
3360 1570 3716 1640 πληρωθῆναι
3740 1573 3842 1639 τήν
3871 1575 4033 1626 πόλιν

2435 1657 2537 1725 τῆς
2549 1656 2754 1710 τούτων
2785 1659 3072 1728 ὑποδοχῆς.
3094 1659 3404 1731 Προέφερον
3438 1661 3493 1714 δὲ
3520 1665 3616 1715 καὶ⁵
3635 1664 3780 1732 ἡμᾶς
3803 1665 4034 1732 ἄγοντες

2439 1747 2694 1818 καθάπερ
2729 1765 2783 1800 τι
2805 1748 3067 1817 τρόπαιον
3097 1749 3274 1818 νίκης,
3303 1750 3398 1801 ἐπὶ
3453 1753 3619 1805 πᾶσιν
3646 1753 3794 1821 ἡμᾶς
3826 1755 4035 1824 θριαμ-

2440 1839 2693 1902 ϐεύοντες
2719 1842 2814 1893 καὶ
2841 1839 3070 1907 θέατρον
3098 1841 3417 1909 ποιούμενοι
3433 1843 3534 1912 τὴν
3562 1843 3685 1897 καθ’
3709 1846 3859 1914 ἡμᾶς
3891 1863 4036 1915 συμ-

2441 1932 2635 2002 φοράν.
2684 1927 2811 1985 Οἷον
2855 1933 2966 2001 γὰρ
3026 1931 3332 2002 ἀνέκραγον
3402 1936 3496 1987 καὶ
3554 1938 3668 1997 τοῖς
3727 1937 4037 2006 ἐξάλμασιν

2441 2023 2869 2093 ἐπεσκίρτησαν,
2905 2023 2993 2075 ὅτε
3025 2021 3164 2091 πρὸς
3219 2023 3362 2092 αὐτῇ
3407 2025 3453 2055 ’³
3487 2026 3796 2095 γεγόναμεν
3826 2030 3892 2096 τῇ
3923 2031 4036 2079 εἰσ-

2438 2116 2542 2185 όδῳ
2571 2115 2674 2185 τῆς
2702 2114 2930 2179 πόλεως,
2963 2116 3220 2184 ἀφορμὴν
3277 2114 3548 2185 θυμηδίας
3590 2118 3688 2188 τὴν
3713 2120 3837 2172 καθ’
3871 2122 3905 2188 ή
3915 2122 4037 2188 μῶν

2442 2207 2601 2278 ὓϐριν
2624 2207 2968 2277 δεικνύμενοι
2999 2210 3012 2262 ί
3046 2207 3074 2260 δ
3100 2207 3164 2277 δὴ
3189 2208 3284 2260 καὶ
3315 2209 3487 2262 πλείω
3541 2210 3652 2263 τῶν
3681 2213 3857 2265 ἄλλων
3897 2214 4039 2266 ώδύ-

2440 2318 2602 2368 νησεν
2625 2302 2668 2331 ⁷⁸
2698 2301 2868 2370 ἡμᾶς,
2903 2299 3088 2353 οὐκέτι
3135 2302 3403 2370 φέροντας
3448 2302 3558 2354 τῶν
3585 2303 3775 2355 δεινῶν
3806 2305 4038 2358 ἐκείνων

2441 2395 2536 2445 καὶ
2590 2395 2689 2460 τῆς
2736 2392 3189 2463 ὑπερϐαλλούσης
3238 2393 3506 2463 αίσχύνης
3553 2395 3654 2463 τὴν
3686 2395 4038 2463 ἐπαλληλίαν

2442 2487 2788 2554 ὑφίστασθαι.
2839 2485 2978 2538 Ἀλλ’
3007 2487 3095 2539 ὅτε
3123 2485 3188 2556 δὴ
3213 2486 3308 2539 καὶ
3331 2486 3472 2553 μετά
3495 2486 3689 2540 τοῦτον
3704 2487 3795 2540 τὸν
3831 2488 4040 2558 θρίαμ-

2441 2579 2535 2632 ϐον
2567 2577 2858 2648 ἐκληρώθη
2882 2595 2966 2640 τις
2999 2573 3148 2641 οἶκος
3180 2582 3239 2632 ἐν
3285 2571 3332 2646 ᾧ
3378 2581 3735 2650 φρουρεῖσθαι
3768 2586 4038 2653 κατεκρί-

2442 2671 2617 2741 θημεν
2645 2671 3086 2742 τηρηθησόμενοι
3109 2673 3209 2740 τῆς
3239 2671 3375 2740 πρὸς
3403 2673 3500 2741 τὴν
3523 2673 3738 2742 Ταρσὸν
3767 2674 4036 2741 ἀφίξεως,

2440 2763 2566 2814 τότε
2595 2762 2659 2832 δὴ
2689 2763 2802 2814 τῶν
2838 2762 3049 2815 πολλῶν
3073 2763 3366 2826 ἀνεθέντες
3406 2765 3589 2817 πόνων
3619 2766 3713 2817 καὶ
3741 2769 3808 2836 τῇ
3843 2771 3915 2836 γῇ
3942 2770 4040 2828 τὰς

2441 2856 2683 2924 κεφαλὰς
2744 2855 3199 2926 προσερείσαντες
3257 2857 3520 2926 ἐδεόμεθα
3571 2857 3666 2909 τοῦ
3724 2858 3864 2911 Θεοῦ
3899 2862 4041 2928 μετά

2440 2949 2692 3017 δακρύων
2720 2949 2912 3018 στῆναι
2944 2949 3075 3018 ἡμῖν
3097 2966 3223 3001 ποτε
3255 2948 3324 3001 τά
3341 2948 3490 3002 κακὰ
3508 2949 3601 3002 καὶ
3631 2951 3828 3019 μηκέτι
3849 2950 4042 3022 χώραν

2441 3041 2629 3094 λαϐεῖν
2657 3041 2776 3094 καθ’
2806 3040 2963 3110 ήμῶν
3011 3040 3274 3095 τοιούτων
3335 3041 3586 3111 ὀχληρῶν
3637 3043 3916 3105 ἐπίτασιν,
3964 3037 4041 3096 ὧν

751 3131 942 3184 auditu
965 3132 1183 3186 animus
1207 3131 1482 3198 horreret,
1507 3133 1711 3203 quippe
1736 3150 1860 3188 cum
1884 3146 1940 3189 et
1964 3136 2067 3191 illas
2085 3138 2192 3190 vim
2218 3154 2334 3192 om-

2445 3134 2542 3185 xai.
2573 3134 2605 3203 ή
2637 3133 2774 3204 ἀκοὴ
2807 3134 2942 3201 μόνη
2976 3135 3248 3203 μετήγετο
3273 3133 3360 3186 διὰ
3385 3133 3580 3204 πείρας
3611 3133 3806 3187 ἐλθεῖν·
3835 3139 4040 3198 παντὸς

752 3239 877 3277 nem
913 3223 1120 3277 doloris
1150 3223 1505 3277 excederent.

823 3316 912 3370 78.
944 3317 1144 3372 Verum
1176 3316 1292 3370 lucc
1319 3317 1568 3385 quidem,
1600 3319 1744 3388 quod
1778 3322 1844 3374 ad
1873 3336 1971 3375 nos
2001 3322 2218 3386 attinet,
2247 3324 2340 3392 qui

752 3407 1207 3462 eommutationis
1237 3409 1363 3477 jure
1395 3423 1562 3464 manu
1591 3411 1847 3466 mittendi
1873 3413 2254 3477 servabamur,
2288 3424 2344 3469 et

752 3499 956 3567 quibus
985 3499 1258 3569 obtigerat
1293 3501 1526 3569 captivis
1555 3501 1786 3571 reliquis
1818 3512 1879 3556 ut
1908 3505 2116 3574 Tripoli
2153 3507 2343 3561 nobis-

753 3607 879 3645 cum
909 3601 1291 3646 versarentur.
1328 3593 1430 3658 Qui
1454 3603 1638 3648 autem
1665 3604 1915 3649 nostrum
1939 3597 2117 3651 Creta:
2141 3598 2194 3652 in
2219 3599 2344 3653 aliis

753 3682 989 3737 navibus
1015 3683 1176 3736 divisi
1201 3683 1438 3746 fuerant,
1470 3701 1568 3753 per
1597 3700 1816 3740 omnem
1847 3688 2016 3759 Syriae
2049 3707 2201 3744 oram
2226 3709 2344 3746 ma-

756 3776 998 3830 ritimam
1023 3775 1262 3844 dispersi
1293 3786 1456 3841 sunt;
1509 3794 1650 3847 quos
1681 3790 2020 3835 mercatores
2065 3799 2342 3839 commer-

753 3867 884 3932 cati,
920 3883 1114 3922 rursus
1137 3868 1260 3922 aliis
1294 3869 1346 3921 in
1372 3868 1509 3922 locis
1542 3870 1929 3936 divendentes,
1975 3872 2116 3927 inter
2172 3891 2231 3929 se
2274 3876 2341 3930 ad

757 3958 862 4012 hoc
890 3959 992 4013 aevi
1052 3961 1132 4015 sic
1183 3949 1530 4014 commutant
1581 3974 1641 4015 ut
1697 3978 1764 4015 ex
1816 3963 1924 4016 illis
1978 3968 2232 4020 nonnulli
2289 3968 2344 4022 in

751 4053 1087 4122 Ethiopiam
1119 4064 1533 4124 extremamque
1565 4056 1740 4109 austri
1770 4057 1984 4128 plagam
2015 4060 2163 4114 inter
2210 4062 2344 4115 Bar-

756 4147 919 4200 baros
954 4147 1347 4217 immigrarint.
1377 4147 1609 4211 Horum,
1655 4149 1900 4217 inquam,
1945 4151 1990 4205 si
2022 4153 2149 4221 quis
2203 4154 2344 4209 mala

756 4249 920 4308 atque
949 4254 1227 4292 aerumnas
1250 4239 1458 4308 scripto
1488 4240 1812 4310 consignare
1841 4245 2157 4308 tentaverit,
2186 4247 2343 4300 sitni-

755 4333 825 4386 lis
854 4333 933 4387 illi
959 4331 1242 4386 videbitur
1274 4332 1370 4401 qui
1413 4347 1471 4386 se
1504 4333 1677 4387 maris
1713 4349 1912 4388 arenas
1947 4335 2000 4389 in
2052 4348 2344 4394 numerato

759 4426 967 4480 habere
997 4425 1164 4479 stulte
1210 4425 1504 4494 putaverit.
1559 4424 1798 4480 Omnino
1829 4428 1976 4482 enim
2011 4429 2176 4500 598
2202 4442 2258 4486 et
2285 4443 2340 4486 tu

2443 3231 2553 3297 γὰρ
2571 3229 2820 3295 ἀλγεινοῦ
2842 3228 3004 3297 φύσιν
3031 3228 3355 3298 ἐκϐέϐηκεν.

2518 3321 2602 3393 [Ρ.
2657 3321 2783 3392 382]
2838 3320 2941 3390 οη’.
3015 3321 3175 3374 Ἀλλά
3228 3321 3403 3375 ταῦτα
3453 3323 3613 3393 ήμεῖς
3663 3324 3710 3373 oi
3759 3321 3897 3390 πρὸς
3943 3324 4043 3390 τὴν

2445 3414 2797 3482 καταλλαγὴν
2843 3412 3176 3483 τηρούμενοι
3211 3414 3305 3466 καὶ
3337 3417 3384 3466 οἱ
3434 3415 3552 3484 μεθ’
3583 3413 3740 3484 ἡμῶν
3781 3413 4043 3483 λαχόντες

2443 3506 2553 3558 τῶν
2587 3505 2791 3559 λοιπῶν
2843 3504 3212 3574 αἰχμαλώτων
3257 3506 3402 3558 κατά
3443 3506 3542 3574 τήν
3573 3505 3856 3576 Τρίπολιν.
3891 3509 3956 3559 Οἱ
3985 3508 4043 3559 δέ

2444 3603 2496 3667 γ’
2534 3603 2591 3653 ἐν
2627 3600 2823 3669 Κρήτῃ
2872 3599 2932 3662 ἐξ
2991 3598 3150 3667 ήμῶν
3202 3598 3569 3668 διαιρεθέντες
3611 3601 3668 3651 ἐν
3697 3601 3816 3661 ταῖς
3851 3600 4044 3661 ἄλλαις

2444 3695 2603 3745 ναυσὶ
2632 3695 2754 3754 ταῖς
2785 3693 2876 3760 ἀφ’
2909 3694 2954 3723 τ’
2992 3692 3228 3744 ἑκάστου
3279 3691 3443 3743 τόπου
3500 3691 3878 3762 διεσπάρησαν
3923 3694 4044 3744 καθ’

2444 3783 2572 3850 ὅλης
2609 3783 2708 3850 τῆς
2735 3781 3014 3851 παραλίας
3043 3781 3246 3850 Συρίας
3273 3797 3286 3811 ·
3324 3781 3419 3844 οὓς
3447 3783 3540 3834 καί
3569 3783 3870 3851 ὠνούμενοι
3913 3785 4045 3834 πολ-

2445 3874 2526 3925 λοὶ
2545 3873 2653 3926 τῶν
2674 3873 2934 3942 ἐμπόρων
2968 3873 3064 3925 καὶ
3092 3872 3257 3924 πάλιν
3304 3873 3856 3942 μεταπιπράσκοντες
3898 3877 4044 3927 κατὰ

2444 3967 2737 4037 διαφόρους
2763 3967 2959 4028 τόπους
2993 3967 3050 4017 ἐν
3076 3964 3328 4033 ἀλλήλοις
3365 3965 3527 4034 μέχρι
3564 3965 3658 4017 καὶ
3693 3964 3788 4016 νῦν
3841 3967 4044 4026 αὐτοὺς

2445 4060 2892 4130 ἁνταμείϐουσιν,
2923 4059 3000 4122 ὼς
3027 4059 3122 4111 καὶ
3160 4059 3333 4128 αὐτὴν
3379 4058 3586 4129 φθάσαι
3617 4060 3717 4127 τὴν
3747 4059 4044 4109 Αἰθιοπίαν

2445 4154 2596 4216 ma;
2629 4154 2687 4218 ἐξ
2720 4151 2899 4205 αὐτῶν
2929 4152 3023 4204 καὶ
3052 4151 3180 4210 τοὺς
3211 4149 3308 4220 τὴν
3356 4150 3665 4219 ἀκροτάτην
3693 4149 4044 4219 μεσημϐρίαν

2447 4244 2838 4305 κατοικοῦντας
2902 4240 3243 4310 Βαρϐάρους.
3309 4234 3410 4291 Ὧν
3466 4241 3514 4291 εί
3569 4238 3787 4308 θελήσοι
3816 4257 3902 4300 τις
3947 4245 4046 4299 τὰς

2450 4337 2736 4409 συμφορὰς
2771 4332 3209 4403 ἀναγράφεσθαι,
3240 4333 3430 4402 ὅμοιος
3466 4325 3606 4386 εἶναι
3665 4331 3804 4395 δόξει
3829 4331 3908 4399 τῶ
3948 4333 4046 4401 τὴν

2450 4431 2723 4500 παραλίαν
2763 4427 2992 4497 ψάμμον
3069 4426 3362 4495 ἐκμετρεῖν
3429 4424 3650 4487 εἰκαίως
3711 4425 4042 4480 τοπάσαντι.

761 4520 899 4588 ipse,
929 4518 1179 4571 virorum
1214 4516 1647 4583 studiOSIssime,
1677 4519 1721 4571 si
1781 4535 1922 4588 quos
1963 4521 2184 4575 illorum
2232 4524 2339 4578 Da-

2452 4497 2678 4583 ῐΙάντως
2711 4521 2822 4589 γὰρ
2845 4519 2936 4571 καὶ
2965 4518 3150 4577 αὐτὸς,
3177 4515 3610 4584 φιλομαθέστατε
3636 4514 3866 4585 ἀνδρῶν,
3887 4517 4046 4585 εἴπερ

759 4609 926 4663 masci
975 4618 1031 4662 et
1069 4608 1125 4662 in
1170 4608 1699 4679 circumjacentibus
1750 4609 1985 4666 urbibus
2035 4612 2341 4668 offendisti.

757 4700 1066 4755 Offendisse
1093 4700 1240 4753 enim
1277 4700 1389 4753 illic
1414 4714 1524 4753 non
1557 4715 1762 4768 paucos
1802 4701 1938 4766 scio,
1968 4705 2116 4771 quod
2150 4720 2344 4760 omnes

757 4808 926 4848 naves
950 4792 1127 4863 Tyriae
1155 4798 1402 4860 captivos
1423 4805 1555 4844 suos
1582 4791 1637 4844 in
1695 4792 1814 4846 illas
1870 4802 2056 4863 partes
2097 4806 2344 4865 asporta-

757 4894 907 4939 runt.
937 4886 1088 4939 Mitto
1109 4884 1256 4938 enim
1281 4899 1347 4937 ex
1375 4892 1561 4936 nostra
1611 4882 1831 4953 qquuo
1862 4884 2070 4955 Tripoli
2100 4903 2346 4943 commo-

758 4977 996 5039 ratione,
1022 4990 1148 5028 cum
1176 4989 1273 5043 per
1303 4973 1394 5026 illa
1419 4973 1538 5027 loca
1569 4974 1668 5027 tibi
1693 4983 1807 5026 tum
1836 4975 2015 5044 primo
2033 4979 2345 5032 transeunti

761 5084 1061 5138 parumper
1091 5067 1462 5130 innotuimus,
1493 5083 1759 5136 perquam
1790 5067 2012 5123 abunde
2058 5079 2110 5124 te
2141 5071 2210 5125 de
2260 5072 2350 5127 his

761 5157 1024 5212 didicisse
1047 5175 1060 5223 ;
1097 5174 1221 5228 qua:
1249 5167 1304 5212 et
1328 5157 1488 5212 nobis
1514 5157 1830 5213 tacentibus
1854 5174 1944 5213 res
1964 5172 2347 5230 repraesentet,

761 5249 1191 5319 animorumque
1224 5249 1471 5304 dolorem
1501 5265 1567 5304 ac
1596 5251 1904 5304 cruciatum
1933 5269 2000 5306 ex
2029 5253 2144 5322 ipsa
2169 5257 2352 5312 vultus

764 5342 951 5412 specie
979 5353 1132 5397 certo
1170 5342 1399 5397 indicet.
1440 5343 1788 5412 Quapmpter
1848 5353 1963 5398 tum
2021 5355 2079 5400 tu
2129 5364 2352 5420 quoque

766 5435 1214 5498 commiseratus,
1243 5444 1302 5489 et
1330 5434 1681 5488 fortunarum
1716 5445 2032 5490 nostrarum
2071 5440 2354 5512 particeps

769 5527 1063 5596 sociusque
1085 5526 1340 5591 effectus,
1378 5543 1442 5581 ea
1475 5527 1690 5581 ratione
1718 5527 1862 5596 quod
1891 5529 2089 5583 horum
2133 5547 2355 5589 omnem

771 5620 972 5677 seriem
997 5620 1186 5676 doceri
1234 5620 1457 5693 plurimi
1492 5619 1711 5684 feceris,
1753 5620 1885 5675 satis
1937 5623 2224 5680 manifeste
2279 5627 2354 5680 si-

2453 4613 2703 4683 ἐνέτυχές
2751 4628 2893 4663 τισιν
2947 4609 3006 4673 ἐξ
3062 4606 3267 4670 αὐτῶν,
3321 4605 3377 4657 ἐν
3407 4622 3466 4657 τε
3521 4607 3587 4674 τῇ
3630 4602 3915 4672 Δαμασκῷ
3954 4607 4049 4656 καὶ

2452 4709 2570 4768 ταῖς
2606 4703 2732 4772 περὶ
2759 4700 2932 4770 αὐτὴν
2969 4698 3190 4751 πόλεσιν
3211 4714 3225 4728 ·
3291 4696 3545 4764 ἐνέτυχες
3570 4694 3703 4764 γὰρ,
3733 4689 3870 4756 οἶδα,
3918 4695 4044 4745 πολι

2452 4797 2563 4857 λοίς
2603 4791 2915 4856 ἐκεῖσε,διά
2939 4790 3001 4842 τὸ
3048 4789 3228 4850 πάσας
3267 4789 3364 4850 τὰς
3397 4786 3607 4856 Τυρίας
3635 4784 3770 4853 νῆας
3794 4786 3908 4846 τοῖς
3953 4785 4049 4853 μέ-

2459 4903 2607 4955 ρεσιν
2669 4885 2900 4946 ἐκείνοις
2961 4882 3088 4941 τοὺς
3119 4877 3501 4950 αἰχμαλώτους
3537 4876 3789 4930 αὐτῶν...
3822 4876 3895 4928 ἐῶ
3923 4877 4049 4945 ⁸γέιρ

2455 4980 2637 5048 λέγειν
2665 4979 2748 5030 ὃτι
2776 4977 2869 5030 καὶ
2895 4973 3057 5044 ήμῶν
3107 4975 3140 5042 ὴ
3191 4971 3320 5043 περὶ
3343 4971 3442 5041 τὴν
3477 4969 3739 5039 Τρίπολιν
3777 4970 4048 5040 διαγωγὴ,

2451 5075 2614 5127 ὁπότε
2663 5069 3002 5141 διερχομένῳ
3067 5085 3148 5120 σοι
3203 5065 3414 5118 ἐκεῖθεν
3459 5065 3581 5116 κατ’
3622 5063 3800 5132 ἀρχὰς
3855 5064 4048 5132 μικρὸν

2453 5163 2968 5236 ἀνεγνωρίσθημεν,
3008 5159 3212 5223 ἱκανῶς
3246 5176 3303 5212 σε
3349 5158 3478 5229 περὶ
3531 5157 3738 5210 τούτων
3772 5155 4050 5224 πεπληρο-

2455 5259 2690 5330 φόρηκε,
2742 5258 2839 5309 καὶ
2894 5256 3228 5308 σιωπώντων
3267 5251 3427 5322 ήμῶν
3462 5249 3530 5302 τὰ
3573 5251 3881 5319 πράγματα
3918 5265 4050 5318 παρ-

2458 5353 2664 5405 ιστῶσα
2691 5352 2784 5403 καὶ
2805 5349 2904 5418 τήν
2947 5346 3144 5416 ὀδύνην
3169 5345 3280 5397 τῶν
3306 5343 3494 5414 ψυχῶν
3523 5343 3647 5404 ταῖς
3696 5341 3937 5409 μορφαῖς
3972 5340 4028 5404 ἐξ

2458 5443 2774 5512 ἐλέγχουσα.
2799 5440 2892 5504 Ἐξ
2932 5432 2993 5490 οὗ
3041 5439 3106 5509 δὴ
3164 5438 3260 5489 καὶ
3299 5436 3460 5498 αὐτὸς
3504 5433 3871 5503 συμπαθήσας
3909 5433 4049 5490 τότε,

2459 5537 2553 5588 καὶ
2607 5538 2663 5588 ἐν
2693 5534 2870 5604 τούτῳ
2911 5532 3253 5599 κοινωνήσας
3311 5529 3444 5598 ἡμῖν
3474 5525 3569 5579 τοῦ
3602 5524 3812 5586 πάθους
3869 5525 3928 5576 ἐν
3979 5522 4050 5589 τῷ

2460 5630 2586 5696 περὶ
2617 5626 2813 5679 πολλοῦ
2877 5623 3206 5697 ποιήσασθαι
3261 5620 3454 5692 μαθεῖν
3507 5619 3606 5689 τὴν
3657 5617 3787 5688 περὶ
3843 5616 4047 5668 τούτων

2095 5719 2323 5775 VARUE
2366 5722 2768 5778 LECTIONES.

869 5811 913 5842 τ’
944 5811 1113 5882 αὐτὴν
1145 5813 1248 5866 Μ’.
1329 5813 1371 5844 ⁷⁴
1399 5812 1659 5882 ώδίνησεν
1694 5812 1797 5866 .\|‘.
1882 5815 1923 5842 ”
1962 5814 2042 5867 ἀν’
2072 5813 2131 5867 Ρ.
