4174 6442
732 410 839 470 63')
1984 411 2361 469 DEMETRII
2402 412 2711 471 CYDONII
3885 417 3995 479 640

735 537 1063 579 antecessura
1117 524 1371 594 funestius
1434 526 1586 580 aliud
1632 528 1713 579 hic
1770 525 1883 595 ejus
1952 535 2334 595 reprcesentare
2389 527 2671 591 excidium,
2721 544 2956 595 quonon
3007 527 3234 580 hostium
3276 530 3627 596 grassatione,
3672 530 3763 581 sed
3799 530 3995 581 civium

736 613 963 666 tumultu
994 613 1227 665 immane
1247 622 1505 682 quantum
1533 614 1727 682 [redata
1758 614 1944 667 civitas
1976 623 2048 666 est
2074 623 2123 666 et
2150 613 2410 678 desolata,
2459 615 2660 683 sibique
2694 617 2804 681 ipsa
2848 616 2981 667 vires
3016 615 3234 677 ademit,
3276 624 3331 679 et,
3360 625 3414 667 ut
3458 616 3612 683 facile
3656 617 3996 686 postmodum

739 701 917 753 Turcis
968 701 1148 769 prada
1181 700 1405 763 cederet,
1464 711 1783 754 momentum
1839 702 2000 765 dedit,
2048 702 2266 768 urbique
2295 702 2545 771 Augusti:
2580 719 2640 754 ac
2672 702 2947 771 Byzantio,
2996 718 3087 771 per
3114 719 3203 755 eas
3228 704 3367 771 ipsas
3397 703 3568 755 civiles
3609 703 3905 756 discordias
3932 718 3998 753 ac

742 788 1018 851 factiones,
1048 804 1107 841 eo
1133 788 1246 857 fato
1274 792 1509 858 prieiret.
1544 790 1743 842 Auctor
1789 791 1915 843 mihi
1963 792 2044 842 hic
2067 788 2363 842 Demetrius
2408 789 2673 859 Cydonius
2697 792 2804 860 ipse
2828 789 3327 853 Thessalonicensis,
3371 791 3512 842 inter
3536 807 3657 843 suos
3696 789 3996 860 plurimum

736 877 1115 939 schismaticos,
1159 893 1251 929 nec
1284 876 1477 929 levibus
1508 877 1773 930 erroribus
1806 876 2205 930 Palamitarum
2249 877 2382 929 nube
2432 876 2715 941 involutos,
2757 879 2883 947 ipsis
2908 878 3224 931 dementatis
3255 878 3615 931 Ecclesiarum
3643 876 3998 947 principibus,

739 964 970 1032 nulaque
995 963 1102 1031 fere
1134 966 1186 1016 in
1211 980 1393 1017 eorum
1422 965 1650 1018 adducta
1678 966 2017 1027 sententiam,
2045 964 2500 1018 Catholicissimus
2528 964 2837 1035 Latinisque
2865 966 3281 1028 addictissimus,
3312 983 3405 1018 nec
3429 966 3600 1018 minus
3624 967 3733 1018 suis
3753 966 3995 1027 devotus,

737 1053 1059 1118 studensqne
1091 1050 1307 1103 Criecia:
1328 1050 1447 1120 jam
1480 1052 1715 1119 dejectce,
1749 1068 1854 1120 qua
1892 1052 1978 1105 via
2014 1052 2217 1117 liceret,
2250 1053 2558 1106 revocandis
2583 1051 2769 1117 rebus;
2791 1053 2929 1122 quod
2960 1053 3055 1106 hoc
3080 1070 3184 1105 uno
3216 1054 3459 1123 priestari
3489 1068 3636 1121 posse
3672 1068 3735 1104 ac
3759 1052 3997 1118 sperari,

741 1137 853 1188 ucri
873 1152 1003 1189 sane
1031 1137 1110 1189 vir
1125 1138 1331 1206 judicio
1355 1140 1696 1200 existimavit,
1734 1139 1780 1191 si
1813 1140 1983 1208 sopito
2018 1142 2276 1210 sequioris
2309 1140 2405 1192 levi
2436 1139 2673 1203 dissidio,
2732 1142 3060 1209 pristinaque
3086 1140 3304 1193 reducta
3339 1137 3762 1194 Christianitatis
3795 1155 3859 1190 ac
3893 1137 3999 1191 Ec—

740 1222 914 1277 clesia
938 1225 1093 1293 facie,
1128 1225 1288 1280 Νοισω
1313 1226 1494 1280 Roma:
1527 1244 1646 1279 cum
1666 1224 1899 1291 Seniori,
1946 1228 2077 1296 ﬁlia
2098 1246 2215 1284 cum
2262 1236 2453 1291 matre,
2504 1235 2554 1280 et
2586 1245 2619 1281 a
2648 1243 2755 1296 qua
2782 1226 2912 1293 filice
2952 1228 3123 1280 omnis
3177 1228 3435 1297 dignitas,
3487 1228 3811 1279 conveniret.
3864 1224 4000 1289 Eius

742 1314 837 1364 hoc
880 1322 1196 1383 argumento
1244 1313 1551 1369 Orationem
1594 1315 2018 1379 deliberativam,
2057 1318 2121 1370 de
2163 1317 2472 1371 Latinorum
2506 1314 2833 1384 corrogando
2884 1314 3108 1378 auxilio,
3150 1314 3483 1383 alteramque
3517 1316 3579 1366 de
3601 1329 3703 1365 non
3725 1312 4001 1363 reddenda

742 1397 1026 1469 Gallipoli,
1049 1402 1114 1454 ab
1140 1418 1279 1453 anno
1294 1403 1415 1471 jam
1439 1401 1575 1455 1648
1604 1404 1741 1472 typis
1780 1402 2023 1473 vulgasse
2062 1405 2497 1472 memini,quibus
2526 1404 2734 1471 pra'iret
2775 1400 3027 1454 Theodori
3067 1402 3309 1469 Despotte
3347 1400 3645 1470 Palicologi
3675 1404 3729 1453 in
3751 1415 4000 1469 purpura

744 1487 860 1539 nati
909 1487 1244 1554 Ἐπιτάφιος,
1285 1504 1448 1542 aureo
1483 1490 1783 1558 mellitoque
1800 1490 2061 1543 Manuelis
2094 1492 2219 1543 item
2249 1490 2546 1557 Palreologi
2573 1490 2914 1558 imperatoris
2937 1490 3105 1557 ipsius
3135 1489 3344 1556 fratris.
3379 1504 3490 1551 ore,
3519 1487 3603 1541 illi
3634 1489 3690 1540 in
3728 1487 4001 1556 Pelopon-

744 1588 869 1626 neso
898 1572 1090 1634 dictus,
1120 1574 1207 1627 ubi
1228 1574 1273 1627 is
1296 1591 1413 1629 cum
1445 1577 1666 1644 imperio
1700 1578 1789 1629 diu
1814 1577 2129 1647 praefuerat,
2162 1578 2403 1647 diemque
2428 1577 2667 1638 obierat;
2695 1578 2958 1644 triumque
2986 1575 3295 1644 fasciculum
3326 1575 3471 1629 haud
3492 1575 3869 1644 spernendum,
3907 1590 4007 1626 nec

743 1661 899 1729 regiis
943 1663 1158 1716 auribus
1193 1680 1256 1716 ac
1283 1664 1739 1718 animadversione
1764 1682 1977 1735 prorsus
2024 1668 2323 1736 indignum,
2377 1663 2833 1719 Christianissimo
2898 1661 3230 1716 Francorum
3287 1662 3547 1715 Ludovico
3594 1660 3730 1725 XIV,
3792 1676 4008 1727 semper

742 1748 1001 1816 Augusto,
1024 1753 1177 1804 annis
1204 1753 1416 1815 minori,
1449 1754 1539 1805 sed
1564 1760 1673 1805 tota
1705 1755 1816 1821 iam
1854 1755 2030 1807 indole
2057 1771 2120 1807 ac
2140 1756 2409 1824 spiritibus
2442 1752 2662 1821 Magno,
2685 1768 2788 1803 non
2820 1753 3095 1819 ingratum
3127 1768 3320 1804 munus
3349 1752 3616 1804 obtulisse.
3660 1749 3723 1803 In
3743 1766 3849 1819 quo
3878 1750 4009 1801 mihi

743 1836 855 1903 ipse
881 1835 1085 1905 placeo,
1134 1853 1229 1891 nec
1263 1846 1372 1891 tam
1402 1840 1551 1900 mihi.
1585 1856 1743 1908 quam
1773 1842 1963 1909 patria:
1992 1857 2054 1892 ac
2086 1839 2277 1895 Callia:
2311 1839 2523 1908 orbique
2559 1840 2659 1908 ipsi
2686 1837 3010 1901 Christiano,
3039 1837 3304 1909 gratulor,
3331 1838 3471 1907 quod
3492 1848 3605 1891 tam
3632 1853 3785 1889 verus
3838 1851 4011 1903 quam

744 1922 906 1975 bonus
946 1932 1089 1977 vates
1146 1926 1257 1994 fui:
1306 1934 1354 1979 et
1402 1942 1562 1995 quam
1598 1929 1653 1981 in
1698 1928 2011 1998 Palteologis
2038 1926 2417 1996 φιλαδελφῖαν.
2475 1925 2615 1994 quod
2642 1925 2923 1978 laudatum
2944 1942 3045 1995 par
3075 1925 3307 1995 fratrum
3332 1936 3381 1979 et
3412 1927 3730 1988 amicorum,
3760 1924 4009 1993 suspezi,

744 2012 947 2075 amavi,
984 2011 1143 2079 colui,
1181 2014 1295 2067 orbi
1326 2014 1555 2077 exhibui,
1595 2017 1650 2067 in
1683 2015 2138 2069 Christianissimo
2172 2016 2432 2084 principe,
2469 2016 2737 2085 fratreque
2768 2018 2943 2078 unico,
2986 2024 3139 2085 gente
3168 2015 3461 2080 Borbonia,
3492 2016 3827 2070 invictissimi
3856 2029 4015 2083 tzque

746 2114 811 2150 ac
831 2099 1115 2168 justissimi
1162 2101 1485 2170 piissimique
1534 2101 1779 2156 Ludovici
1826 2102 1960 2156 XIII
2028 2104 2233 2173 inclyta.
2252 2102 2445 2168 sobole,
2486 2100 2707 2171 feliciori
2738 2104 2913 2155 omine
2939 2104 3069 2156 mihi
3107 2105 3216 2173 ipse
3235 2105 3354 2174 jam
3386 2113 3500 2158 tum
3535 2113 3833 2174 auguratus
3863 2118 4011 2161 sum.

743 2188 982 2258 votisque
1015 2190 1227 2257 expetii.
1253 2189 1322 2242 Et
1350 2206 1471 2243 vero
1508 2190 1745 2254 donavit,
1778 2191 2033 2260 fraterna:
2055 2191 2199 2244 illius
2230 2190 2508 2244 charitatis
2536 2199 2742 2253 auctor,
2773 2207 2835 2243 ac
2861 2190 3155 2244 concordia:
3188 2191 3391 2244 arbiter
3416 2190 3677 2254 Christus,
3708 2206 3802 2260 per
3840 2180 4015 2258 quam

747 2287 822 2332 tot
853 2281 1008 2333 annis
1037 2278 1319 2335 Gallorum
1361 2289 1588 2350 gentem,
1632 2284 1901 2350 sociosque
1946 2299 2124 2335 omnes
2163 2282 2353 2342 beauit,
2394 2295 2457 2331 ac
2478 2278 2533 2329 in
2566 2292 2735 2329 tevum
2776 2277 3124 2347 longinquum
3151 2278 3300 2341 beet;
3327 2280 3601 2346 hostesque
3626 2278 3787 2346 (quod
3807 2276 4018 2328 dudum

749 2367 897 2433 facit)
939 2384 1211 2435 nunquam
1251 2384 1351 2420 non
1388 2368 1602 2436 dejiciat
1636 2386 1697 2421 ac
1731 2369 1999 2439 percellat,
2031 2377 2125 2423 aut
2158 2369 2317 2421 etiam
2346 2368 2601 2420 virtutum
2643 2364 2891 2419 illecebra
2927 2367 3175 2435 omnique
3222 2364 3526 2430 clementia,
3566 2365 3761 2433 majori
3788 2363 4018 2417 victoria

749 2456 968 2515 amoris,
1008 2454 1147 2524 ipsos
1174 2471 1380 2524 quoque
1406 2471 1524 2507 vero
1558 2454 1669 2509 Soli
1697 2457 1915 2520 mundo,
1939 2458 2102 2509 socios
2130 2457 2427 2523 amicosque
2461 2452 2706 2511 deliniat.
2740 2454 2945 2512 trahat,
2967 2454 3235 2523 subjiciat.
3278 2453 3546 2507 Tabellam
3574 2455 3692 2506 huic
3714 2453 4021 2521 oppositam

751 2542 949 2595 exhibet
997 2542 1249 2596 Demetrii
1283 2541 1508 2612 Cydonii
1537 2544 1645 2596 haec
1681 2545 1951 2613 Μονῳδία.
1982 2544 2241 2613 Craphice
2268 2545 2321 2595 in
2345 2559 2406 2595 ea
2438 2543 2700 2610 descripta
2734 2544 2924 2595 civium
2969 2542 3246 2596 discordias
3290 2543 3473 2597 mala:
3520 2544 3644 2613 quid
3686 2542 3785 2595 sibi
3808 2542 4020 2610 pariat,

748 2628 868 2697 ipsa
898 2628 995 2682 sibi
1021 2644 1324 2681 mucronem
1356 2630 1571 2699 adigens
1596 2630 1796 2693 civitas,
1829 2646 1891 2682 ac
1914 2631 1968 2682 in
2001 2646 2056 2683 se
2076 2645 2225 2683 versa
2259 2629 2555 2697 respublica
2582 2631 2961 2699 ﬂammamque
2992 2631 3090 2682 sibi
3129 2631 3430 2700 subjiciens,
3452 2648 3515 2683 nc
3549 2632 3631 2683 cui
3655 2629 3871 2681 tandem
3908 2627 4022 2679 ulla

752 2732 989 2784 unquam
1012 2716 1184 2769 colore
1208 2717 1354 2785 furor
1374 2726 1551 2770 tantus
1590 2717 1827 2787 obrepat,
1848 2718 2131 2786 invidoque
2154 2718 2380 2771 dwmoni
2408 2733 2469 2771 ea
2507 2715 2778 2769 molitione
2806 2716 3075 2783 funestum
3102 2717 3263 2787 plane
3300 2734 3559 2789 organum
3585 2726 3796 2787 pareat,
3828 2732 3895 2767 ac
3939 2715 4023 2767 vel

753 2804 953 2871 fumum
993 2806 1183 2873 patriw
1212 2805 1509 2874 civibusque
1548 2814 1818 2875 aspergat,
1872 2822 1937 2859 ne
1978 2814 2129 2859 tanta
2169 2806 2343 2858 dicam
2381 2807 2563 2874 hisque
2600 2803 3193 2869 Thessalonicensibus,
3225 2806 3403 2872 a/finia
3446 2806 3705 2874 pariaque
3742 2803 4022 2856 incendia.

752 2888 977 2959 Reliqua
1018 2891 1087 2943 ad
1128 2891 1339 2961 imperii
1388 2891 1673 2961 Byzantini
1702 2894 1996 2956 interitum,
2042 2895 2257 2962 ejusque
2302 2894 2472 2961 ipsam
2514 2900 2840 2960 postremam
2881 2890 3052 2944 labem
3088 2909 3149 2944 ac
3198 2909 3439 2945 occasum
3467 2892 3873 2953 ministrabant,
3904 2892 4023 2958 ipsa

755 2977 999 3046 Cydonii,
1034 2978 1363 3049 aliorumque
1392 2979 1504 3047 ejus
1542 2981 1751 3033 circiter
1773 2982 1891 3044 (cvi,
1923 2980 2183 3050 pauloque
2212 2980 2525 3050 supper-ium
2564 2994 2590 3029 e
2622 2976 2786 3045 Regia
2812 2979 2950 3045 ipsa,
2985 2978 3211 3047 aliisque
3246 2978 3539 3031 Christiani
3566 2980 3705 3030 orbis
3734 2976 4021 3030 bibliothe-

754 3067 849 3127 cis,
885 3065 1118 3135 epistola:
1150 3083 1213 3119 ac
1241 3065 1519 3137 opuscula,
1558 3077 1672 3138 post
1714 3068 1901 3123 Leonis
1933 3069 2156 3123 Diaceni
2194 3079 2245 3122 et
2276 3065 2548 3123 Michaelis
2591 3064 2755 3119 Pselli
2799 3067 2991 3131 (altera
3024 3066 3106 3119 hic
3134 3068 3314 3118 statim
3342 3067 3625 3134 volumine)
3655 3066 4027 3119 Historiarum

755 3151 991 3207 illustria
1038 3170 1069 3206 a
1109 3169 1189 3206 me
1230 3155 1357 3209 data
1394 3156 1748 3223 συντάγματα
1784 3172 1796 3184 ·
1846 3159 1953 3213 sive
1986 3158 2115 3211 mihi
2161 3158 2262 3226 ipsi
2300 3161 2408 3211 vita
2442 3169 2613 3207 comes
2649 3156 2828 3223 fuerit,
2874 3156 2981 3207 sive
3014 3156 3098 3207 cui
3138 3171 3229 3222 per
3263 3154 3653 3207 Providentiam
3691 3154 4027 3205 destinatum

757 3239 874 3297 erit,
910 3239 1157 3309 lampade
1178 3241 1397 3293 tradita.
1432 3240 1939 3297 Thessalonicensem
1967 3246 2103 3297 hunc
2135 3246 2422 3298 tumultum
2444 3244 2751 3312 perstrinxit
2783 3242 3181 3296 Cantacuzenns
3210 3242 3247 3295 l.
3272 3244 3326 3308 ὃ,
3346 3258 3395 3294 c.
3416 3242 3515 3306 94;
3552 3259 3620 3294 an
3650 3242 3861 3294 sincera
3890 3242 4027 3292 satis

758 3327 988 3379 historici
1007 3326 1131 3393 ﬁde,
1163 3343 1255 3380 nec
1277 3343 1388 3381 sure
1420 3330 1529 3399 ipse
1562 3346 1734 3384 causte
1767 3332 1969 3399 favens,
2003 3331 2231 3385 aliorum
2258 3332 2521 3402 judicium
2556 3340 2686 3384 esto.

3079 3502 3989 3521 mm—

1735 3659 2391 3747 ΔΗΜΗΤΡΙοΥ
2456 3663 3043 3751 ΚΥΔΟΝΙΟΥ

2226 3830 2534 3901 ΜΟΝῼΔΙΑ

1625 3978 1757 4029 ΕΙΙΙ
1828 3979 1990 4031 ΤΟΙΣ
2057 3978 2158 4029 ΕΝ
2224 3977 2747 4029 ΘΕΣΣΑΛΟΝΙΚΗ
2808 3976 3159 4028 ΠΕΣΟΥΣΙ.

1788 4227 2377 4315 ΒΕΜΕΤΒΙΙ
2460 4226 2968 4317 CYDONII

1442 4418 1933 4481 OCCISORUM
2023 4421 2689 4483 TIIESSALONIC/E
2774 4426 3161 4487 MONODIA

2216 4548 2379 4602 (\nuo
2418 4547 2577 4596 I5i6.\

851 4833 868 4884 Ι
945 4830 1080 4894 Viri,
1134 4838 1404 4899 quotquot
1458 4832 1891 4901 pr0pinqumum
1938 4848 2001 4885 ac
2058 4832 2345 4901 gentilium
2382 4841 2423 4894 Α

2396 4841 2423 4894 λ
2526 4833 2612 4903 IP.
2643 4836 2904 4907 585-585]
2958 4838 3027 4891 α’.
3055 4835 3301 4904 Ἄνδρες,
3337 4838 3449 4888 ὅσοι
3482 4835 3577 4897 τὰς
3606 4836 3715 4885 τῶν
3751 4838 4044 4902 συγγενῶν

776 4931 1086 4976 vestrorum
1117 4918 1387 4989 elfugistis
1418 4935 1630 4982 manus,
1666 4926 1881 4974 m’ccum
1920 4923 2032 4987 ipse
2067 4920 2347 4988 undequa-

2452 4927 2859 4995 διαπεφεύγατε
2893 4930 3103 4998 χεῖρας,
3150 4925 3260 4994 ἐγὼ
3291 4926 3389 4995 μὲν
3425 4924 3535 4977 οὐδ’
3557 4927 3656 4976 ὅτι
3692 4925 3799 4994 χρὴ
3844 4927 4038 4979 auleis

776 5030 882 5083 que
907 5013 1287 5077 considerans,
1337 5028 1447 5082 quo
1475 5013 1698 5067 nomine
1738 5013 1979 5067 vocanda
2014 5013 2085 5065 sit
2129 5012 2347 5074 civitas,

2454 5023 2554 5089 τὴν
2586 5021 2759 5085 πόλιν,
2790 5023 2847 5074 ἐν
2932 5021 3106 5073 ταῦτα
3133 5020 3501 5089 πεπόνθαμεν,
3525 5017 3761 5081 δύναμαι
3792 5018 4040 5069 auom;-

782 5102 832 5153 iu
889 5116 995 5169 qua
1030 5100 1188 5155 nobis
1232 5102 1369 5155 mala
1419 5100 1533 5155 haec
1580 5110 1909 5165 evenerunt,
1962 5102 2210 5155 invenire
2242 5118 2348 5155 non

2460 5132 2619 5184 μενος
2648 5116 2988 5185 πανταχόθεν
3014 5116 3215 5185 εὑρεῖν.
3248 5114 3306 5166 Ὀ
3331 5114 3429 5183 μὲν
3460 5112 3568 5180 γὰρ
3596 5108 3913 5177 περίϐθλος,
3938 5111 4041 5161 πό-

780 5210 1025 5263 possum.
1079 5194 1223 5248 Sane
1255 5193 1480 5263 quidem
1527 5194 1769 5248 civitatis
1814 5195 2080 5263 urbisque
2111 5194 2352 5247 ambitus

2456 5207 2626 5268 λεως⁸
2656 5208 2717 5259 τὸ
2748 5207 2791 5259 δ’
2828 5209 2885 5259 ὲν
2914 5195 3053 5277 ἀὺτῇ
3091 5208 3287 5275 στῆσαι
3326 5206 3587 5275 τρόπαιον
3640 5202 3748 5253 ἀπὸ
3785 5200 3898 5252 τῶν
3936 5217 4036 5252 πο-

780 5294 898 5350 cst;
938 5285 993 5338 in
1023 5300 1088 5340 ea
1117 5297 1300 5341 autem
1333 5287 1426 5356 qui
1468 5286 1631 5341 sedes
1654 5287 1891 5341 habeant
1914 5286 1981 5340 de
2005 5286 2219 5340 civibus
2245 5295 2355 5339 tro-

2461 5300 2625 5352 λιτῶν
2650 5302 2777 5361 τοὺς
2813 5300 3128 5367 οἰκήτορας,
3161 5299 3256 5351 καὶ
3283 5294 3620 5349 κεκενῶσθαι
3662 5293 3942 5361 σωμάτων
3983 5291 4044 5342 τὸ

781 5390 960 5443 picum
994 5376 1256 5441 erexisse,
1301 5384 1357 5431 ct
1390 5377 1718 5447 corporibus
1744 5376 2106 5445 municipium
2149 5391 2351 5429 vacua-

2462 5395 2618 5456 ἇπτυ,
2651 5393 2746 5445 καὶ
2772 5392 2971 5459 Στυγὸς
2999 5393 3090 5444 καὶ
3122 5390 3383 5444 Κωκυτοῦ
3414 5391 3507 5443 καὶ
3536 5385 3840 5457 Βαρϐάρων
3875 5384 4048 5454 χείρω

786 5479 901 5524 tum
925 5483 1070 5530 esse,
1103 5484 1216 5528 eos.
1248 5470 1343 5539 qui
1376 5484 1621 5533 evasere,
1649 5468 1811 5539 Styge
1833 5468 2041 5537 pariter
2059 5476 2115 5523 et
2146 5468 2354 5537 Cocyto

2146 5468 2354 5537 (305310
2462 5487 2589 5549 τοὺς
2624 5484 2965 5555 ἐκφυγόντας
2999 5482 3305 5552 ἀναγκάζει
3339 5480 3544 5551 ταύτην
3575 5479 3784 5531 καλεῖν.

785 5567 948 5628 atque
974 5558 1229 5613 Barbaris
1258 5557 1588 5613 deteriorem
1634 5558 1803 5628 ipsam
1836 5572 2156 5625 nuncupare
2186 5557 2351 5627 cogit.

856 5650 910 5703 2.
966 5649 1260 5721 Otempus
1299 5650 1353 5704 in
1403 5650 1581 5705 lucem
1634 5650 1855 5703 trahens
1908 5649 2129 5711 omnia,
2192 5658 2354 5716 atque

2540 5644 2693 5716 β’ςὪ
2715 5644 2888 5701 πάντα
2930 5648 3025 5715 μὲν
3062 5644 3286 5713 φαίνων,
3324 5642 3499 5695 πάντα
3534 5639 3591 5693 δὲ
3623 5638 3885 5709 κρύπτων
3918 5635 4048 5705 χρό-

2293 5759 2525 5816 ΝΟΪλΕ.

867 5872 943 5937 (Ι)
970 5871 1210 5941 ν’[τειείρίι
1243 5868 1623 5943 colnpluratin,
1657 5864 2024 5921 Laurent-alio.
