4174 6442
165 405 268 472 ιιι

1080 401 1429 464 MONODIA
1469 400 1900 464 OCCISOBUM
1937 403 2538 469 TlIESSALONiCIE.

3327 412 3432 476 6ίὲ

165 523 285 584 νοςῑ
323 518 390 573 Ὢ
437 519 618 572 πᾶσαν
653 517 750 589 μὲν
808 517 1157 586 συγγραᾳὴν,
1192 519 1372 570 πᾶσαν
1422 515 1480 567 δὲ
1529 515 1744 586 ποίησιν

1849 517 2034 573 omnia
2077 521 2301 588 tegens!
2357 517 2723 584 Ocalamitas.
2752 523 3019 595 quidquid
3074 538 3304 594 usquam
3344 525 3431 578 lii-

163 609 537 681 ὰποκρὸψασα
565 609 854 680 συμφοραί
885 609 948 662 '0
972 609 1178 670 πάντας
1211 609 1308 678 μὲν
1336 606 1748 678 διηγουμένους,

165 699 378 763 πάντας
410 698 469 752 δὲ
500 698 873 767 μονῳδοῦντας
891 698 1104 767 σιωπᾷν
1133 695 1521 763 ἀναγκάζουσα
1550 699 1706 766 φήμη
1733 697 1744 749 !

164 793 406 863 Πότερον
430 791 746 859 ἐπαινῶμεν
769 791 895 852 τοὺς
922 791 1091 842 οἰκεῖν
1118 789 1383 858 λαχόντας
1406 788 1504 858 τὴν
1532 788 1748 857 χώραν;

176 883 324 940 Ἀλλ’
342 883 509 936 αὑτοῦ
545 883 784 946 καὶτοὺς
815 887 1012 951 φονέας
1040 882 1277 951 ὁρῶμεν,
1311 883 1404 934 καὶ
1434 883 1566 950 οίτῇ
1594 883 1750 949 φύσει

163 974 386 1042 πικρῶς
415 973 653 1042 ἔχοντες,
686 972 921 1025 ἐνταῦθα
945 974 1036 1024 τὸν
1059 972 1196 1040 πρὸς
1232 972 1402 1042 αὐτὴν
1434 973 1749 1041 πεπολεμήτ

163 1083 299 1119 κασι
323 1065 583 1133 πόλεμον.
616 1066 777 1118 Ἀλλὰ
803 1064 1177 1135 καταρώμεθα
1207 1066 1301 1117 καὶ
1338 1066 1540 1134 μιαρὰν
1571 1064 1750 1118 καλῶ-

166 1174 271 1225 μεν
306 1157 407 1226 τὴν
432 1156 617 1222 πόλιν;
655 1155 796 1208 Ἀλλ’
826 1159 858 1225 ὴ
892 1157 1002 1208 τῶν
1037 1158 1312 1209 πεσόντων
1345 1157 1533 1226 ἁρετὴ,
1571 1159 1751 1226 πάσης

163 1248 376 1318 ἀρετῆς
398 1265 455 1300 τε
485 1250 580 1300 καὶ
608 1249 775 1318 εὐχῆς
803 1249 961 1314 ἀξίαν
993 1250 1162 1319 αὐτὴν
1191 1249 1503 1317 ἀποφαίνει.
1526 1250 1617 1312 Τίς
1645 1249 1751 1317 ἄρα

161 1344 232 1411 τῇ
260 1341 363 1409 τῆς
400 1342 609 1404 πόλεως
637 1342 904 1409 ἐδάσκηνε
929 1341 1087 1413 δόξῃς
1119 1341 1216 1404 Τίς
1241 1341 1444 1410 ταύτην
1471 1343 1607 1411 αὐτῇ
1647 1360 1748 1410 φυ-

162 1432 458 1486 λάττεσθαι
502 1434 651 1502 παρὰ
686 1435 908 1486 πάντων
939 1435 1000 1485 οὺ
1035 1434 1382 1504 συνεχώρησε
1405 1435 1493 1485 διὰ
1520 1435 1702 1497 τέλους
1732 1453 1745 1499 ;

163 1522 262 1585 Τίς
294 1522 370 1593 μὴ
405 1523 539 1594 πρὸς
579 1528 646 1594 τῇ
687 1525 873 1595 σοφίᾳ,
904 1527 996 1579 καὶ
1030 1528 1097 1595 τῇ
1133 1524 1516 1597 φιλανθρωπία
1546 1528 1748 1593 ταύτην

163 1615 352 1684 ἀφῆκε
389 1617 791 1686 φιλοτιμεῖσθαι
815 1635 829 1683 ;
852 1617 948 1682 Τίς
982 1621 1094 1681 τοῖς
1131 1619 1383 1688 ὑστέροις
1429 1621 1647 1689 συνέχεε
1682 1620 1750 1672 τὰ

164 1710 446 1779 πρότερα;
484 1711 566 1763 Τὰ
628 1713 726 1780 μὲν
779 1712 886 1782 γὰρ
945 1712 1052 1782 πρὸ
1081 1712 1189 1766 τῶν
1228 1713 1594 1782 τολμημάτων
1628 1714 1750 1765 τούκ

159 1817 272 1853 των
312 1805 409 1854 καὶ
436 1803 531 1874 τῆς
561 1803 814 1874 σχετλίας
843 1806 1079 1877 ἡμέρας,
1116 1806 1198 1868 τίς
1225 1805 1368 1859 οὕτω
1399 1807 1576 1874 λόγοις
1610 1807 1747 1859 πάν-

1857 606 2150 662 stm-iarum
2182 611 2554 666 monumentis
2576 612 2853 683 proditum
2871 625 2975 679 est,
3008 615 3277 686 quidquid
3303 630 3435 686 poc-

1858 705 2038 752 tarum
2087 697 2288 752 fabulis
2333 701 2674 757 celebratum
2706 742 2718 765 .
2774 704 3011 760 obscuro
3034 706 3334 762 damnansl
3387 707 3432 764 Ο

1857 801 2064 849 rumor,
2118 802 2151 840 ο
2204 787 2368 851 fama,
2423 791 2670 845 omnium
2717 793 2812 862 qui
2845 796 3218 851 narrationem
3269 797 3431 851 insti-

1858 887 2033 942 tuant,
2059 880 2416 950 omniumque
2440 881 2686 938 funestos
2717 901 2877 940 casus
2917 887 3118 954 tragice
3144 888 3433 957 deploran-

1859 970 1995 1022 tium
2025 985 2118 1023 ora
2149 971 2314 1025 silere
2359 975 2676 1029 necessario
2715 980 3009 1045 prmstansl
3046 979 3430 1034 Laudemusnc

1858 1063 2096 1131 regionis
2129 1065 2370 1117 incolas?
2418 1067 2487 1120 At
2547 1067 2599 1119 in
2644 1081 2708 1120 ea
2775 1079 2831 1123 et
2865 1072 3097 1126 sicarios
3142 1072 3426 1128 videmus:

1855 1155 2313 1224 amarulentoque
2351 1157 2604 1213 homines
2635 1159 2819 1213 animo
2848 1177 2910 1215 ac
2933 1163 3172 1234 ingenio,
3225 1164 3314 1220 hic
3334 1165 3429 1219 ad-

1855 1262 2048 1302 versus
2083 1265 2202 1301 eam
2261 1266 2496 1320 pugnam
2550 1253 2965 1308 commiserunt.
3013 1256 3225 1311 Dirisne
3260 1257 3430 1311 devo-

1855 1355 2118 1400 veamus,
2175 1342 2476 1411 urbemque
2540 1345 2810 1413 impuram
2865 1362 2928 1400 ac
2985 1349 3428 1404 scelestissimam

1854 1434 2134 1486 dicamus?
2164 1435 2481 1498 Enimvero,
2529 1452 2720 1490 eorum
2752 1437 2845 1508 qui
2879 1441 3201 1494 ceciderunt
3231 1443 3427 1507 virtus,

1854 1527 2002 1579 omni
2043 1542 2163 1579 eam
2206 1528 2411 1580 virtute
2445 1568 2458 1592 ,
2507 1527 2808 1599 faustisque
2859 1531 3076 1600 dignam
3128 1533 3428 1598 ominibus,

1853 1619 2115 1673 ostendit.
2175 1618 2437 1685 Quisnam
2492 1621 2661 1690 igitur
2709 1622 2864 1675 urbis
2910 1623 3143 1678 claritati
3199 1626 3434 1680 invidit?

1852 1711 1985 1778 Quis
2015 1728 2132 1765 cam
2163 1728 2220 1765 se
2253 1713 2354 1766 sibi
2403 1714 2456 1767 in
2488 1713 2652 1768 ﬁnem
2689 1730 2860 1784 usque
2903 1717 2971 1770 ab
3003 1717 3264 1771 omnibus
3313 1735 3430 1772 scr-

1852 1821 1982 1860 vare
2015 1822 2123 1859 non
2155 1807 2323 1860 sivit?
2351 1806 2485 1872 Quis
2515 1816 2715 1877 praeter
2748 1811 3098 1878 sapientiam,
3134 1812 3298 1866 etiam
3331 1811 3433 1864 bu-

162 1909 266 1956 τας
317 1894 509 1957 νικῶν,
543 1897 695 1959 ὅστις
742 1895 809 1949 ἂν
863 1892 975 1960 οἷός
1021 1898 1070 1949 τ’
1118 1897 1338 1964 ἐγένετο
1390 1898 1744 1968 διηγούμενος

1852 1896 2133 1951 manitatis
2167 1898 2327 1951 laude
2373 1913 2492 1951 eam
2528 1899 2818 1967 splendere
2856 1916 2966 1954 non
3010 1901 3264 1956 dimisit?
3297 1901 3432 1968 Quis

157 1985 452 2053 ἐφικέσθαι
484 1987 716 2056 μέγεθος
752 1990 871 2059 μὲν,
908 1987 1037 2041 ὥστ’
1070 1989 1273 2056 ἐξεῖναι
1301 1993 1420 2052 ταῖς
1456 1991 1744 2060 μεγίσταις

157 2081 336 2150 αὐτὴν
363 2080 739 2151 παραϐάλλειν
757 2097 770 2112 ο
810 2080 962 2133 θέσιν
983 2081 1040 2134 δὲ
1067 2081 1163 2152 τὴν
1185 2083 1481 2153 καλλίστην
1511 2081 1627 2152 ἅμα
1651 2082 1744 2134 καὶ

157 2172 576 2244 ὑγιεινοτάτην·
612 2174 846 2245 καρπῶν
877 2191 936 2226 τε
969 2176 1165 2246 φορὰν,
1202 2176 1412 2228 καὶτὸν
1443 2178 1545 2245 τῆς
1574 2175 1744 2242 Αίγύ-

155 2278 298 2316 πτου
348 2264 510 2318 τόκον
549 2265 830 2331 νικῶσαν;
864 2265 990 2318 Νεὼ
1019 2267 1075 2318 δὲ
1104 2267 1199 2319 καὶ
1239 2265 1384 2336 ἱερὰ,
1424 2267 1532 2318 τῶν
1565 2267 1742 2318 ἁπαν-

154 2356 328 2427 ταχοῦ
357 2357 625 2413 κάλλιστά
659 2376 716 2412 τε
774 2359 871 2412 καὶ
905 2357 1216 2427 ἁγιώτατα,
1261 2358 1501 2412 τοσαῦτα
1548 2359 1642 2411 καὶ
1684 2357 1745 2410 τὸ

160 2451 399 2520 μέγεθος
429 2452 523 2504 καὶ
549 2452 614 2503 τὸ
644 2449 868 2520 πλῆθος,
892 2451 1022 2504 ὥστ’
1044 2454 1145 2504 οὐκ
1165 2447 1304 2505 εἶναι
1331 2450 1536 2505 τούτων
1560 2450 1744 2505 ἄλλοθι

156 2543 458 2608 τοσούτοις,
513 2542 638 2596 οὔτε
693 2545 940 2613 μείζοσιν
985 2542 1113 2596 οὔτε
1176 2542 1420 2612 πλείοσιν
1474 2543 1740 2612 ἐντυχεῖνο

153 2637 337 2706 ἀγορά
375 2651 432 2689 τε
475 2637 603 2699 τοὺς
659 2634 716 2702 ἐξ
756 2635 978 2705 ἁπάσης
1041 2635 1147 2706 γῆς
1201 2633 1591 2704 ὑποδεχομένη,
1647 2636 1743 2688 καὶ

149 2732 288 2793 τοὺς
332 2730 636 2793 συνιόντας,
661 2721 722 2781 ὦ
757 2730 866 2799 τῆς
901 2722 1011 2780 εἷεν
1052 2729 1281 2798 ἀπορεῖν
1325 2726 1738 2795 ἀναγκάζουσα·

153 2820 243 2892 [Ρ.
273 2820 406 2890 586]
442 2820 586 2873 οὕτω
607 2819 802 2874 ταυτὸν
843 2816 911 2891 ἦν
946 2820 1162 2890 ἐκείνην
1202 2837 1259 2871 τε
1297 2820 1485 2883 οἰκεῖν,
1516 2823 1608 2872 καὶ
1640 2820 1746 2872 πά-

154 2931 280 2976 σαις
316 2915 434 2984 ἅμα
467 2916 747 2982 παρεῖναι.
779 2913 1022 2983 Λιμένας
1048 2912 1105 2964 δὲ
1123 2913 1309 2966 πολλοὶ
1332 2913 1430 2982 μὲν
1454 2913 1740 2983 ἐπῄνεσαν·

153 3005 257 3058 ὁδ’
327 3004 565 3058 ἐνταῦθα
622 3008 839 3059 πάντων
892 3004 961 3058 ἂν
1013 3004 1242 3068 δικαίως
1283 3004 1531 3073 ἐνίκησεν
1596 2999 1738 3056 εἶναι

154 3099 536 3168 παράδειγμα,
558 3100 588 3151 ὁ
617 3098 777 3161 αὐτὸς
838 3098 960 3151 ἀντὶ
1008 3097 1216 3161 πόλεως
1250 3115 1306 3150 τε
1345 3097 1420 3149 ὢν
1472 3098 1566 3150 καὶ
1593 3097 1746 3166 λιμέ-

157 3208 267 3254 νος,
334 3191 430 3244 καὶ
464 3191 564 3260 τὴν
595 3187 749 3243 πόλιν
775 3191 875 3243 οὐκ
903 3191 980 3252 είς
1021 3188 1120 3259 τὴν
1149 3189 1421 3243 Θάλατταν
1470 3189 1744 3259 λήγουσαν

1850 1988 1940 2051 iis,
1977 2004 2098 2058 quae
2141 2002 2327 2044 secuta
2364 1998 2513 2053 sunt,
2561 1992 2746 2061 priora
2783 1992 3078 2047 confudit?
3123 1994 3254 2060 Quae
3283 1995 3430 2049 enim

1846 2083 2266 2137 scelestissimos
2289 2099 2456 2137 ausus
2479 2084 2582 2138 hos
2611 2093 2665 2138 et
2695 2086 3065 2140 miserabilem
3098 2086 3243 2142 diem
3276 2100 3432 2142 ante—

1846 2191 2087 2238 cessere,
2145 2178 2270 2245 quis
2314 2185 2464 2231 tanta
2498 2177 2829 2246 eloquentiae
2871 2179 2925 2230 vi
2953 2180 3170 2234 cunctis
3197 2182 3428 2245 eminet,

1848 2279 1907 2325 ut
1934 2271 2152 2339 assequi
2182 2270 2366 2324 verbis
2397 2268 2671 2325 sufficiat?
2705 2270 3021 2339 Magnitudo
3058 2280 3226 2336 tanta,
3272 2281 3332 2326 ut
3365 2289 3429 2326 ca

1848 2378 1973 2416 cum
2000 2363 2253 2417 maximis
2282 2363 2513 2418 urbibus
2556 2364 2813 2433 componi
2840 2364 3037 2418 merito
3060 2365 3253 2433 possit.
3299 2364 3430 2418 Loci

1848 2454 1987 2508 situs
2038 2455 2451 2523 pulcherrimus
2495 2454 2658 2508 simul
2712 2465 2770 2508 et
2815 2455 3254 2521 saluberrimus;
3310 2457 3430 2510 fru-

1847 2557 2035 2600 ctuum
2069 2556 2391 2616 proventus,
2410 2547 2504 2616 qui
2529 2554 2585 2601 et
2609 2546 2824 2618 [Egypti
2849 2548 3194 2604 feracitatem
3226 2549 3433 2604 vincat.

1846 2639 2075 2709 Templa
2129 2657 2192 2694 ac
2228 2655 2397 2694 sacra:
2427 2640 2594 2704 asdes,
2648 2649 2800 2695 tanta
2836 2641 3216 2711 magnitudine
3246 2642 3434 2712 sicque

1847 2747 2194 2796 numerosae,
2253 2740 2314 2786 ut
2377 2732 2530 2785 nullo
2569 2748 2800 2802 usquam
2849 2733 2972 2786 loco
3007 2734 3060 2786 in
3133 2739 3312 2786 tantas
3340 2741 3435 2786 aut

1848 2824 2082 2894 majores
2131 2824 2386 2892 pluresve
2441 2823 2687 2878 incldere
2723 2824 2909 2878 liceat.
2961 2823 3162 2878 Forum
3191 2822 3428 2879 omniex

1847 2923 1996 2970 terra
2022 2914 2313 2969 venientes
2341 2915 2669 2984 suscipiens,
2711 2931 2774 2970 ac
2801 2916 2893 2985 qui
2921 2915 3307 2971 convenissent
3339 2915 3431 2969 ubi

1846 3016 2123 3060 terrarum
2167 3017 2354 3061 essent
2404 3008 2685 3078 ambigere
2741 3023 2978 3078 cogens:
3016 3009 3096 3062 sic
3133 3007 3280 3062 idem
3305 2999 3432 3063 erat

1849 3098 1903 3160 in
1937 3113 2001 3151 ea
2037 3097 2272 3167 degere,
2320 3114 2384 3154 ac
2431 3100 2649 3156 cunctis
2701 3101 2869 3155 simul
2920 3099 3082 3154 terris
3140 3101 3431 3170 praesentia

1853 3192 2068 3247 adesse.
2125 3192 2280 3246 Multi
2318 3201 2448 3246 sunt
2487 3193 2579 3262 qui
2612 3204 2806 3263 portus
2840 3193 3434 3256 laudavere;Tbessa-

156 3259 560 3354 παρεχόμενος,
595 3281 709 3335 ἀλλ’
739 3283 819 3345 είς
849 3282 1004 3334 πόλιν
1030 3281 1244 3352 ἑτέραν.
1298 3280 1455 3334 Οῦτω
1499 3281 1744 3350 σεμνότε-

1855 3283 2219 3338 lonicensium
2249 3293 2436 3339 autem
2461 3284 2708 3338 omnium
2733 3285 2930 3338 merito
2960 3284 3241 3354 exemplar
3267 3284 3434 3339 evicit

153 3393 249 3449 ρον
279 3378 377 3430 καὶ
407 3375 517 3430 τῶν
547 3375 867 3439 Βαὸυλῶνος
909 3377 1239 3446 ἐτετείχιστο
1283 3375 1604 3445 περιϐόλων.
1633 3375 1746 3429 Μέ-

152 3491 341 3541 γιστος
374 3473 430 3526 δὲ
458 3473 534 3525 ὢν
558 3466 634 3526 ὧν
668 3475 827 3542 ίσμεν
855 3472 1110 3542 λιμένων,
1152 3471 1415 3541 μεγίστην
1442 3471 1744 3541 παρέχεται

150 3566 254 3636 τὴν
292 3565 620 3634 ἀσφάλειαν,
663 3566 760 3618 καὶ
809 3565 907 3636 τὴν
939 3564 1095 3617 πόλιν
1121 3559 1233 3617 οἷον
1263 3565 1321 3617 ὲν
1347 3562 1616 3630 ἀγκάλαις
1639 3579 1738 3614 ’πε⁸

154 3658 528 3731 ριλαμὸἀνων,
581 3658 858 3728 συμφῦναι
892 3658 1042 3711 δοκεί
1093 3656 1347 3710 σπεύδειν
1396 3656 1654 3726 αὑτῇ.Τὸ
1681 3657 1738 3709 δὲ

149 3754 272 3807 ὅλον
299 3751 492 3822 σχῆμα
551 3749 653 3820 τῆς
706 3751 915 3815 πόλεως
952 3750 1097 3813 τίνος
1130 3750 1230 3820 μὲν
1255 3749 1356 3802 οὐκ
1395 3749 1461 3804 ἂν
1493 3748 1740 3818 ἑκοίμισε

149 3848 370 3918 λύπηνς
401 3847 538 3901 Τίνα
565 3847 623 3899 δὲ
655 3845 756 3898 οὐκ
782 3844 850 3898 ἂν
879 3843 1140 3899 νοσοῦντα
1178 3841 1472 3914 ὰνώρθωσε
1492 3840 1655 3908 ;Τίνα
1684 3839 1740 3893 δὲ

149 3939 253 3991 οὐκ
279 3939 348 3992 ἂν
393 3937 540 4002 ξένον
564 3936 748 3990 ἔπεισε
776 3936 872 4012 καί
894 3935 990 4005 τῆς
1011 3932 1266 4007 οίκ[ε]ίας
1299 3931 1687 3999 ὲπιλαθέσθαι;

1853 3391 1997 3441 esse,
2029 3375 2172 3430 idem
2209 3375 2325 3446 ipse
2364 3384 2420 3431 et
2467 3375 2644 3441 urbis,
2697 3385 2753 3431 et
2799 3386 2988 3446 portus
3009 3378 3184 3432 vicem
3215 3392 3432 3447 gerens,

1852 3469 2010 3537 cujus
2049 3483 2279 3522 munere
2325 3468 2460 3522 urbs
2511 3483 2621 3522 non
2667 3467 2733 3521 ad
2771 3484 2921 3522 mare
2972 3469 3210 3532 desinat,
3241 3467 3337 3522 sed
3364 3468 3430 3522 ad

1850 3561 2044 3614 urbem
2075 3560 2329 3614 alteram.
2384 3560 2476 3614 Sic
2501 3570 2556 3614 et
2581 3575 2693 3627 prae
2718 3559 2991 3631 Babylone
3020 3561 3305 3630 augustior
3337 3575 3426 3616 se-

1847 3659 2005 3718 plus:
2043 3664 2277 3716 cumque
2313 3651 2581 3715 omnium,
2614 3665 2754 3718 quos
2779 3651 3118 3712 noverimus,
3147 3659 3339 3719 portus
3364 3650 3432 3703 sit

1846 3741 2136 3804 maximus,
2167 3741 2459 3795 maximam
2493 3741 2849 3796 securitatem
2871 3741 3098 3811 praebet,
3123 3741 3430 3811 urbemque

1848 3836 2006 3904 quasi
2061 3834 2306 3889 brachiis
2363 3834 2712 3905 astringens,
2795 3835 3050 3905 nlnisque
3094 3833 3325 3898 fovens,
3382 3834 3429 3886 ei

1850 3929 2002 3984 velut
2023 3927 2333 3982 coalescere
2357 3927 2492 3982 eniti
2522 3926 2761 3981 videtur.
2808 3927 2974 3983 Urbis
3007 3926 3186 3981 omnis
3220 3925 3435 3995 species

150 4033 314 4103 cujus
340 4045 452 4085 non
481 4029 649 4084 animi
681 4008 929 4083 dolorem
964 4026 1211 4082 sedarit?
1242 4025 1416 4093 Quem
1437 4037 1582 4096 aegro
1616 4035 1848 4095 corpore
1909 4033 2021 4074 non
2074 4008 2273 4074 sanum
2317 4017 2670 4074 reddiderit?
2741 4016 2842 4072 Cui
2878 4029 3141 4075 extraneo
3202 4031 3314 4071 non
3378 4020 3433 4068 ιι

154 4123 353 4194 patria
373 4120 684 4189 domusque
708 4117 1044 4173 oblivionem
1073 4115 1306 4171 fecerit?

227 4221 300 4284 γ’.
350 4212 512 4266 Ἀλλὰ
538 4218 645 4283 μὴν
668 4212 768 4280 τήν
824 4226 888 4277 γε
916 4210 1014 4279 τῆς
1046 4208 1254 4271 πόλεως
1300 4206 1604 4270 εὐσέϐειαν,
1642 4203 1739 4258 καὶ⁵

148 4309 252 4378 τὴν
280 4306 412 4374 περὶ
445 4305 535 4357 τὸν
566 4303 700 4356 Θεὸν
725 4302 1040 4374 θεραπείαν,
1085 4300 1291 4371 βέλτιον
1324 4299 1390 4354 ἄν
1416 4317 1496 4362 τις
1519 4297 1740 4351 σιωπῶν

152 4403 185 4470 ἢ
229 4398 608 4471 φθεγγόμενος
634 4395 935 4460 ἐνδείξαιτο
961 4397 1074 4457 τοῖς
1114 4392 1426 4447 ἀκούουσιν.
1460 4391 1607 4444 Ἐκεῖ
1631 4389 1738 4458 γὰρ

150 4492 350 4545 τακτοὶ
387 4490 486 4557 μὲν
504 4488 610 4540 οὐκ
649 4488 754 4539 εἰσὶ
801 4487 986 4555 καιροὶ
1034 4487 1146 4546 τοῖς
1191 4483 1446 4546 εὔξασθαι
1481 4481 1739 4551 βουλομέ-

151 4598 285 4644 νοις,
313 4577 454 4631 ἀλλὰ
485 4577 594 4630 τῶν
655 4577 815 4648 ίερῶν
865 4579 962 4629 καὶ
1015 4575 1232 4645 νύκτωρ
1277 4575 1373 4628 καὶ
1418 4573 1739 4644 μεθημέραν

150 4672 524 4741 ἀνεῳγμένων
555 4708 570 4734 ,
624 4646 804 4735 ἔξεστι
857 4669 1100 4740 πληροῦν
1149 4668 1246 4731 τὰς
1292 4668 1457 4736 εὐχὰς
1488 4669 1582 4721 καὶ
1607 4667 1741 4739 θαῤ-
1772 4646 1816 4700 Ῑ)

153 4768 269 4837 ῥεῖν
329 4765 462 4835 περὶ
521 4757 595 4817 ὧν
650 4780 735 4827 τις
790 4763 1117 4834 δεησόμενος
1170 4757 1326 4831 ἧκεν.
1364 4760 1440 4812 Ἦ
1469 4777 1528 4837 τε
1582 4760 1743 4830 λοιπὴ

154 4833 286 4926 περὶ
315 4833 646 4907 τὰτοιαῦτα
677 4833 961 4924 φιλοτιμία
981 4864 1040 4905 τε
1077 4852 1172 4904 καὶ
1199 4849 1424 4919 σπουδὴ,
1459 4833 1744 4921 ἀναθημά-

150 4965 264 5001 των
298 4945 482 5014 κάλλη
511 4943 609 4998 καὶ
644 4943 849 5014 πλῆθος
896 4943 1197 5013 προσόδων,
1255 4941 1351 4994 καὶ
1402 4940 1742 5009 παννυχίδων

155 5041 438 5109 συνέχεια,
469 5036 565 5090 καὶ
590 5039 645 5090 αἱ
674 5036 782 5090 τῶν
813 5037 1050 5108 ᾀδόντων
1077 5037 1288 5103 ῐυγγες,
1315 5034 1410 5089 καὶ
1437 5037 1470 5105 ἠ
1495 5033 1584 5086 διὰ
1607 5033 1743 5086 πάν-

150 5150 261 5185 των
301 5132 497 5201 ὥσπερ
538 5131 595 5182 ἐν
629 5132 863 5200 μουσικῇ
912 5128 1171 5197 ὁμολογία
1205 5129 1301 5180 καὶ
1357 5127 1530 5193 τάξις,
1578 5125 1738 5177 ταυτὶ

149 5228 205 5279 δὲ
239 5225 458 5296 βέλτιον
505 5224 749 5296 παρόντα
796 5224 930 5294 όρᾷν
958 5223 1054 5276 καὶ
1101 5221 1400 5292 πειρᾶσθαι
1451 5235 1743 5287 καταμαν-

151 5316 340 5370 θάνειν
376 5315 655 5384 γινόμενα.
692 5315 802 5367 Καὶ
837 5314 944 5385 μὴν
999 5315 1094 5366 καὶ
1141 5312 1334 5382 μισθὸν
1364 5313 1549 5375 αὐτοῖς
1590 5307 1737 5362 οὗτοι

151 5407 363 5477 φαῦλον
393 5406 493 5477 τῆς
544 5405 828 5469 εὐσεϐείας
856 5407 1075 5478 ὁρῶμεν
1095 5422 1108 5437 ’
1134 5406 1249 5459 ἀλλ’
1285 5407 1347 5458 ὃν
1380 5404 1447 5458 ἄν
1479 5421 1564 5467 τις
1591 5402 1740 5470 αὐτῷ

149 5517 214 5568 γε
243 5501 277 5571 ἢ
303 5500 486 5570 φίλοις
552 5499 895 5566 συνεύξαιτο·
938 5499 1267 5569 πολιορκῶν
1296 5514 1355 5550 τε
1403 5496 1605 5560 λύσεις,
1647 5493 1741 5546 καὶ⁸

148 5594 334 5666 λιμῶν
369 5592 643 5664 βοηθείας,
679 5594 773 5645 καὶ
802 5593 1126 5663 νοσημάτων
1177 5592 1242 5661 δὴ
1274 5590 1572 5661 θεραπείας
1611 5589 1735 5640 ἑπι-

1914 4197 2184 4268 θοιοαδ.
2209 4195 2429 4250 Atenim
2463 4195 2619 4249 urbis
2651 4196 2935 4264 pietatem,
2983 4212 3047 4251 ac
3091 4213 3220 4268 erga
3252 4199 3424 4254 Deum

1846 4298 2078 4358 cultum,
2099 4294 2298 4350 melius
2321 4294 2597 4364 quispiam
2624 4293 2872 4358 silentio,
2905 4307 3068 4363 quam
3090 4308 3345 4348 sermone
3367 4309 3432 4349 ac

1845 4388 2066 4458 eloquio
2087 4387 2440 4442 auditoribus
2459 4386 2843 4440 insinuaverit.
2864 4385 3021 4440 Nulla
3045 4385 3121 4439 ibi
3140 4395 3277 4440 stata
3296 4396 3400 4440 tem
3415 4417 3432 4426 -

1846 4495 2001 4550 pora,
2020 4479 2088 4533 iis
2118 4479 2215 4548 qui
2246 4478 2416 4532 velint
2440 4478 2758 4548 precatione
2786 4477 3032 4546 defungi,
3056 4478 3152 4532 sed
3186 4487 3241 4532 et
3263 4489 3431 4534 noctu

1845 4585 2006 4642 atque
2035 4572 2279 4626 interdiu
2316 4571 2576 4625 reseratis
2605 4570 2778 4624 sacris
2827 4570 3060 4634 aedibus,
3108 4585 3305 4640 preces
3331 4571 3430 4624 im-

1845 4667 1994 4736 plere
2041 4665 2192 4728 licet,
2262 4680 2326 4719 ac
2374 4665 2653 4718 conlidere
2684 4664 2752 4718 de
2780 4665 2984 4733 quibus
3018 4665 3144 4733 quis
3171 4676 3430 4720 oraturus

1842 4758 2012 4812 venit.
2058 4757 2290 4827 Reliqua
2324 4757 2458 4812 item
2489 4756 2543 4810 in
2587 4757 2860 4827 ejusmodi
2896 4755 3305 4827 magniﬁcentia
3347 4768 3429 4812 at-

1841 4870 1948 4924 que
1973 4867 2156 4922 opera,
2183 4851 2415 4922 pulchra
2440 4851 2690 4916 donaria,
2711 4857 3077 4920 proventuum
3109 4850 3426 4915 multitudo,

1834 4951 1994 5020 juges
2036 4953 2202 5000 noctu
2254 4945 2473 5016 vigiliae,
2534 4955 2825 4998 cantorum
2876 4942 3181 5005 illecebrae.
3236 4959 3299 4997 ac
3331 4959 3431 5012 per

1841 5041 2026 5094 omnia
2059 5037 2212 5093 velut
2258 5037 2315 5091 in
2364 5036 2570 5090 musica
2618 5043 2921 5089 concentus
2948 5035 3235 5103 ordoque;
3284 5035 3426 5094 tunc.

1849 5130 2091 5199 inquam,
2122 5133 2364 5196 prestat,
2388 5126 2482 5195 qui
2517 5125 2587 5180 sit
2611 5139 2872 5195 praesens,
2898 5125 3112 5188 videre,
3146 5141 3208 5180 ac
3235 5124 3426 5179 conari

1847 5237 2033 5278 rerum
2063 5220 2180 5289 ipsa
2212 5219 2554 5273 exhibitione
2581 5217 2923 5273 condiscere.
2953 5217 3118 5286 Atqui
3141 5231 3246 5274 nec
3265 5230 3427 5286 sper-

1845 5313 2081 5369 nendam
2108 5311 2329 5382 pietatis
2366 5309 2678 5365 mercedem
2711 5309 2922 5364 civitati
2961 5308 3217 5364 videmus
3236 5323 3426 5362 acces-

1845 5405 2006 5469 sisse,
2034 5418 2098 5457 ac
2129 5418 2290 5472 quam
2324 5401 2426 5456 sibi
2459 5400 2583 5470 quis
2603 5399 2802 5454 merito
2828 5396 3427 5466 comprecetur,iisquc

1843 5512 1983 5567 quos
2040 5495 2383 5550 necessarios
2460 5491 2738 5556 habebat;
2812 5490 3024 5544 solutas
3084 5488 3430 5553 obsidiones,

1845 5589 2004 5644 famis
2045 5588 2262 5654 solatia,
2299 5585 2715 5644 adventantium
2768 5583 3028 5655 depulsos
3061 5581 3286 5637 morbos
3323 5581 3424 5653 (Ξ),

1669 5675 1903 5736 NOTAE.

223 5785 306 5856 (2)
357 5783 486 5841 Hzec
513 5786 791 5854 praecipue
831 5785 884 5839 in
909 5783 1031 5838 Vita
1063 5781 1327 5856 Demetrii
1354 5781 1471 5856 fuse
1496 5779 1739 5856 digesta;

151 5851 377 5929 quaret
444 5851 772 5911 ornamento
842 5865 1029 5911 essent
1089 5853 1152 5908 ad
1212 5853 1449 5907 Mauritii
1506 5851 1730 5905 circiter

1854 5790 2131 5848 tempora,
2181 5794 2243 5834 ac
2280 5775 2479 5848 Illyrici
2519 5775 2698 5838 bella;
2750 5785 3080 5844 possemque
3119 5781 3426 5840 Repraesem

1845 5861 1979 5903 tare.
