4174 6442
795 428 901 490 M3

2068 429 2447 492 DEMETRII
2481 429 2789 490 CYDONII

3974 431 4078 492 (1H

792 552 984 607 regum
1014 549 1181 591 neces
1207 537 1498 592 instructis
1528 537 1702 608 copiis
1739 537 2150 603 adorientium;
2197 539 2254 592 in
2296 536 2380 590 fu-

2498 538 2820 607 ῑημούντων,
2857 540 3070 607 σφαγάς
3101 557 3159 592 τε
3189 539 3454 609 βασιλέων
3511 541 3696 601 αὐτοῖς
3724 541 4080 612 στρατεύμα-

793 640 977 684 turum
1004 630 1250 699 oracula,
1296 629 1469 684 Unam
1495 631 1626 700 fore,
1665 646 1783 702 qui:
1827 632 1881 684 in
1919 631 2188 684 communi
2223 629 2376 682 clade

791 738 854 776 ac
878 723 1125 775 vastitate
1163 721 1439 776 incolumis
1459 731 1718 794 servetur.
1762 721 1991 776 Confert
2021 736 2154 776 vero
2183 721 2378 774 istius-

791 814 940 867 modi
971 828 1189 883 quoque
1213 813 1428 878 usibus,
1451 814 1546 881 qui
1565 820 1622 867 et
1653 813 1974 867 universum
1999 811 2191 866 orbem
2218 811 2376 864 habi-

795 905 1015 958 tabilem
1099 903 1537 972 universumque
1626 901 2047 956 inhabitabilem
2110 899 2380 953 miraculo

795 1002 964 1055 tenet,
998 993 1053 1045 in
1093 993 1271 1046 media
1299 991 1435 1046 urbe
1458 992 1618 1057 situs,
1650 1001 1814 1060 atque
1837 991 1903 1044 ad
1932 1005 1988 1045 se
2013 990 2381 1058 undequaque

793 1095 1038 1139 extrema
1063 1099 1286 1153 cogens,
1335 1092 1450 1137 tum
1486 1084 1602 1152 ipse
1629 1084 1751 1136 urbi
1776 1092 2045 1146 servator,
2093 1091 2206 1134 tum
2241 1081 2379 1134 civi-

794 1178 899 1231 bus
932 1177 1257 1231 conciliator
1283 1186 1447 1246 atque
1479 1176 1543 1230 ad
1577 1176 1750 1229 Deum
1792 1175 2150 1229 intercessor.
2190 1175 2380 1242 Neque

797 1269 850 1323 id
874 1270 1075 1331 solum,
1121 1268 1216 1323 sed
1266 1277 1325 1322 et
1367 1269 1462 1338 qui
1499 1270 1863 1337 imperatores
1894 1267 2140 1337 placidos
2166 1266 2379 1321 civitati

797 1361 1014 1426 reddat,
1069 1377 1193 1415 cum
1243 1363 1297 1416 in
1329 1363 1578 1430 reliquis,
1615 1372 1730 1414 tum
1759 1371 1820 1415 ut
1851 1361 2142 1430 oppidanis
2191 1359 2381 1413 remit-

799 1465 918 1508 tant
951 1456 1194 1518 tributa;
1232 1455 1397 1524 inque
1439 1455 1685 1508 externis
1723 1469 1786 1508 ac
1824 1453 2192 1506 Barbarorum
2223 1452 2384 1506 bellis

800 1551 914 1618 ipse
945 1550 1141 1604 ducem
1175 1558 1321 1618 agat,
1378 1548 1838 1616 tremendumque
1885 1546 2191 1616 majoribus
2221 1545 2382 1614 longe

796 1641 972 1711 copiis
997 1652 1058 1696 ut
1085 1643 1354 1696 adversus
1380 1640 1658 1694 civitatem
1685 1653 1834 1692 arma
1865 1645 2142 1701 moveant,
2161 1635 2383 1690 eﬂiciat.

797 1731 890 1786 Sic
953 1733 1217 1786 nimirum
1271 1739 1488 1785 exstare
1557 1729 1754 1783 urbem
1818 1742 2113 1781 commune
2166 1726 2384 1796 pietatis

795 1827 1077 1895 exemplar
1111 1824 1238 1894 quis
1274 1823 1497 1879 dixerit.

2487 645 2572 681 σιν
2606 631 2892 694 ἐπιόντων,
2940 635 3035 685 καὶ
3072 633 3366 702 χρησμοὺς,
3409 633 3487 696 είς
3516 633 3578 684 τὸ
3615 633 3828 703 μέλλον,
3865 636 4083 698 Μάνην

2484 720 2801 774 ἀνάλωτον
2821 723 2891 775 ἐν
2917 723 2992 790 τῇ
3022 723 3194 792 κοινῇ
3217 726 3742 791 περισωθήσεσθαι
3768 726 4082 794 συμφορᾷ.

2487 816 2750 886 Συνεργεῖ
2775 816 2832 868 δὲ
2862 818 2996 886 πρὸς
3046 817 3150 880 τὰς
3205 817 3464 880 τοιαύτας
3492 820 3681 887 χρείας
3731 820 3897 888 αὐτῇ,
3934 822 4031 871 καὶ
4070 825 4095 872 ὁ

2488 910 2670 961 πᾶσαν
2702 910 2800 978 μὲν
2823 909 2923 978 τὴν
2969 910 3321 978 οἰκουμένην,
3371 911 3555 962 πᾶσαν
3587 910 3641 962 δὲ
3681 911 3779 979 τὴν
3822 911 4094 979 ἀοίκητον

2488 1000 2564 1070 τῷ
2597 999 2836 1070 θαύματι
2869 1002 3184 1070 κατασχὼν,
3223 1002 3279 1064 ὃς
3312 1003 3370 1054 ἐν
3415 1002 3554 1071 μέσῃ
3590 1005 3655 1070 τῇ
3703 1002 3853 1054 πόλει
3890 1002 4061 1070 κείμε

2489 1113 2600 1158 νος,
2637 1095 2893 1167 καὶπρὸς
2930 1095 3098 1147 αὑτὸν
3124 1096 3193 1148 τὰ
3249 1096 3586 1164 πανταχόθεν
3618 1096 3762 1165 ἂκρα
3809 1095 4093 1160 συνάγων.

2489 1189 2556 1257 τῇ
2583 1203 2642 1238 τε
2680 1187 2833 1239 πόλει
2875 1187 3058 1256 σωτὴρ
3087 1185 3420 1257 διαλλακτὴς
3445 1203 3505 1239 τε
3543 1189 3655 1248 τοῖς
3704 1185 3961 1247 πολίταις
3997 1186 4090 1237 καὶ

2491 1277 2837 1348 πρεσϐευτὴς
2867 1277 2937 1330 τὰ
2974 1278 3108 1348 πρὸς
3139 1278 3297 1330 Θεόν.
3331 1278 3410 1331 Οὐ
3441 1275 3600 1330 τοῦτο
3639 1277 3695 1328 δὲ
3727 1277 3916 1346 μόνον,
3954 1275 4089 1327 ἀλλὰ

2492 1370 2587 1422 καὶ
2615 1368 2870 1439 βασιλέας
2921 1370 3021 1438 μὲν
3075 1370 3318 1438 ἡμέρους
3363 1371 3432 1438 τῇ
3480 1368 3725 1438 πολιτείᾳ
3758 1367 4086 1434 καθίστησι,

2491 1461 2559 1511 τά
2595 1477 2655 1512 τε
2685 1459 2822 1513 ἄλλα
2861 1459 2959 1511 καὶ
2987 1459 3056 1512 τὰ
3096 1459 3206 1513 τῶν
3239 1461 3423 1529 φόρων
3445 1458 3694 1520 ἀνιέντας
3718 1459 3784 1526 τῇ
3819 1458 4002 1520 πόλει,
4034 1459 4090 1507 ἒν

2491 1569 2550 1602 τε
2581 1552 2694 1614 τοῖς
2722 1554 2858 1621 πρὸς
2889 1552 3018 1614 τοὺς
3047 1552 3152 1616 ἔξω
3198 1552 3463 1620 πολέμοις
3521 1551 3684 1613 αὐτὸς
3730 1550 4087 1620 στρατηγῶν.

2494 1645 2590 1697 καὶ
2620 1643 2855 1715 φοϐερὸν
2908 1647 3024 1708 τοῖς
3053 1644 3408 1708 πλεονάζουσι
3445 1643 3706 1705 καθιστὰς
3737 1645 3912 1695 κινεῖν
3944 1643 4090 1694 ὅπλα

2494 1735 2636 1788 κατὰ
2655 1735 2755 1803 τῆς
2782 1735 3010 1798 πόλεως.
3040 1735 3228 1798 Οὕτως
3243 1735 3308 1788 ἂν
3321 1736 3462 1789 εἴποι
3495 1751 3578 1797 τις
3601 1735 3852 1788 ἵστασθαι
3901 1736 4089 1786 κοινὸν

2494 1826 2594 1894 τὴν
2629 1827 2787 1880 πόλιν
2813 1827 3098 1890 εὐσεϐείας
3123 1824 3497 1897 παράδειγμα.

869 1919 921 1972 ι.
949 1918 1244 1973 Oratorum
1271 1931 1443 1986 porro
1461 1922 1517 1970 et
1541 1912 2020 1984 philosophorum,
2045 1910 2388 1980 aliorumque

2562 1916 2626 1973 δ’.
2662 1917 2943 1988 Ῥητόρων
2988 1919 3046 1971 δὲ
3093 1919 3186 1971 καὶ
3237 1919 3561 1988 φιλοσόφων.
3614 1920 3708 1972 καὶ
3751 1918 3859 1971 τῶν
3906 1917 4090 1971 ἄλλων

797 2011 1194 2073 litteratorum,
1230 2009 1323 2063 ubi
1365 2008 1489 2077 quis
1524 2015 1620 2060 aut
1663 2006 1870 2075 plures,
1916 2014 2012 2059 aut
2045 2003 2389 2073 praestantio-

799 2119 888 2157 res
931 2104 1131 2158 choros
1182 2101 1517 2172 perspiciat?
1546 2099 1689 2166 Quin
1733 2099 1895 2170 plane
1930 2097 2019 2151 hic
2042 2111 2235 2151 omnes
2271 2096 2386 2165 pri-

798 2213 918 2251 mas
961 2198 1093 2250 dant
1133 2195 1364 2258 civitati,
1411 2210 1473 2249 ac
1519 2206 1814 2247 commune
1861 2191 2206 2262 gymnasium
2239 2189 2388 2243 voci-

802 2298 918 2343 tant
949 2305 1012 2344 ac
1037 2289 1308 2353 scholam,
1346 2287 1562 2342 cunctis
1591 2287 1658 2339 ad
1686 2300 1872 2339 musas
1898 2285 1951 2338 in
1975 2299 2038 2338 ea
2068 2283 2226 2338 enixe
2254 2297 2388 2336 con-

801 2379 1178 2432 tendentibus.
1200 2379 1496 2432 Enimvero
1554 2376 1688 2430 illud
1709 2386 1858 2430 certe
1885 2391 2054 2429 unum
2089 2374 2236 2428 haud
2259 2375 2386 2428 licet

800 2471 984 2524 dicere
1015 2488 1026 2522 :
1062 2469 1114 2523 id
1147 2483 1294 2522 nunc
1319 2467 1542 2538 quidem
1571 2467 1694 2520 urbi
1725 2465 2046 2536 contigisse,
2081 2473 2142 2518 ut
2179 2464 2390 2518 littera-

802 2577 924 2614 rum
966 2577 1028 2615 ac
1057 2562 1396 2616 eruditionis
1429 2559 1728 2629 primatum
1772 2566 2016 2621 teneret,
2049 2557 2219 2611 fuisse
2253 2571 2387 2610 vero

800 2669 926 2706 cum
985 2654 1038 2706 in
1095 2668 1290 2707 eorum
1340 2653 1433 2721 qui
1487 2651 1796 2721 ignorantia
1829 2649 2381 2703 laborantclasselo-

801 2743 975 2797 canda
1035 2753 1220 2797 esset:
1277 2755 1437 2795 secus
1495 2741 1690 2809 plane,
1743 2741 1961 2794 nullum
2007 2756 2119 2793 non
2171 2749 2389 2809 tempus

802 2836 926 2898 fuit,
961 2836 1014 2888 in
1035 2851 1144 2905 quo
1167 2849 1277 2889 non
1313 2843 1463 2889 esset
1497 2835 1777 2888 Elicorum
1803 2833 1959 2895 urbs,
1993 2847 2388 2900 musarumque

803 2927 893 2980 hic
924 2927 976 2979 in
1010 2941 1188 2980 avum
1220 2925 1402 2980 studia
1440 2925 1588 2980 clara
1619 2926 1870 2996 vigerent
1923 2924 2176 2988 victoria,
2217 2925 2386 2978 veluti

804 3021 1004 3090 pubem
1031 3020 1224 3075 dicunt
1251 3031 1446 3090 poetae.
1475 3019 1567 3075 Sic
1591 3020 1825 3074 Athenis
1851 3019 2123 3089 quispiam
2165 3018 2388 3082 dixerit,

804 3130 929 3168 cum
985 3113 1353 3168 Demosthene
1404 3127 1467 3168 ac
1525 3113 1755 3167 Platone
1794 3111 2038 3177 versari,
2085 3111 2391 3182 ludumque

807 3216 1009 3269 terere,
1037 3207 1126 3258 cui
1162 3206 1252 3259 hic
1284 3206 1496 3260 versari
1520 3204 1838 3277 contigerit.

878 3301 930 3354 5.
973 3301 1272 3355 Enimvero
1316 3309 1515 3354 cuncta
1559 3298 1674 3354 hac
1710 3298 1827 3352 dies
1852 3313 1958 3351 una
1988 3295 2256 3361 confudit,
2309 3305 2393 3349 at-

807 3409 914 3462 que
961 3391 1082 3446 urbi
1128 3406 1388 3445 coronam
1431 3390 1706 3454 detraxit;
1760 3405 1824 3443 ac
1858 3405 2023 3459 quam
2071 3388 2396 3458 deperirent

807 3500 1020 3548 omnes,
1058 3483 1203 3538 haud
1242 3498 1403 3538 secus
1429 3498 1493 3537 ac
1524 3483 1785 3552 scopulos
1829 3481 1933 3536 sub
1967 3483 2125 3550 aquis
2162 3483 2396 3536 latentes

806 3580 1055 3634 omnium
1098 3579 1299 3633 animis
1337 3586 1650 3648 suspectam
1687 3575 1947 3630 reddidit.
2000 3574 2044 3629 Ο
2084 3573 2229 3628 unde
2260 3589 2394 3627 con-

811 3674 985 3726 te‘ntio
1019 3683 1185 3741 atque
1215 3672 1282 3725 lis
1330 3671 1384 3725 in
1411 3669 1680 3723 mundum
1731 3669 2039 3736 ingressum
2067 3667 2306 3721 habuit?
2351 3665 2396 3721 0

809 3764 957 3819 unde
996 3765 1198 3818 seditio
1239 3763 1480 3816 miscens
1513 3761 1699 3815 omnia
1727 3760 2074 3829 impudenter
2111 3759 2396 3828 obrepsit?

809 3857 966 3912 Unde
1004 3871 1136 3909 vero
1161 3864 1222 3908 ut
1244 3869 1350 3908 una
1381 3853 1434 3906 in
1467 3868 1530 3907 ea
1566 3853 1712 3906 nacti
1741 3851 1922 3915 sedes,
1963 3869 2070 3907 non
2105 3862 2162 3906 et
2204 3852 2396 3905 eadem

808 3949 866 4004 in
892 3965 1006 4004 rem
1043 3959 1237 4003 mutuo
1268 3949 1374 4012 rati
1404 3947 1734 4011 conducere,
1776 3945 1869 3999 alii
1898 3946 2135 3999 aliorum
2163 3953 2396 3999 conten-

810 4043 978 4097 tionis
1030 4043 1228 4097 ardore
1273 4042 1616 4112 degustarint
1661 4055 1888 4104 carnes,
1947 4037 2300 4108 alliniumque
2334 4053 2398 4092 ac

808 4137 1247 4208 propinquorum
1276 4135 1572 4189 cruoribus
1610 4134 1846 4204 patriam
1893 4131 2176 4194 ftedarint,
2230 4144 2396 4200 quam

811 4240 867 4284 et
906 4229 1124 4298 potiore
1172 4227 1496 4297 parentibus
1540 4227 1660 4281 loco
1710 4226 1776 4280 iis
1826 4224 1942 4278 fore
2003 4239 2103 4294 par
2150 4233 2289 4286 erat,
2352 4224 2399 4277 si

811 4337 960 4377 sanae
1012 4322 1218 4375 mentis
1265 4320 1562 4375 scintillam
1593 4319 1759 4372 ullam
1799 4317 2144 4372 retinerent?
2194 4317 2236 4370 li
2267 4332 2400 4372 vero

811 4413 976 4469 furiis
1021 4413 1236 4482 agitari,
1298 4426 1567 4483 regesque
1615 4410 1847 4464 adorare
1893 4425 1959 4465 ac
2015 4411 2397 4479 imperatores,

813 4507 907 4576 qui
952 4506 1189 4576 publicis
1228 4506 1366 4559 nihil
1415 4507 1667 4577 tyrannis
1687 4505 1946 4559 meliores
1967 4514 2174 4558 essent.
2230 4503 2399 4557 Terra

2490 2010 2602 2062 τῶν
2660 2013 2753 2063 ἐπί
2797 2014 2912 2074 τοῖς
2962 2011 3166 2079 λόγοις,
3235 2009 3340 2064 ποῦ
3405 2027 3488 2074 τις
3544 2009 3608 2064 ἂν
3676 2012 3709 2083 ἢ
3763 2010 3991 2073 πλείους
4054 2011 4086 2075 ἦ

2489 2103 2748 2166 καλλίους
2850 2104 2950 2157 ῐδοι
3020 2103 3260 2174 χορούς;
3325 2104 3464 2156 Ἀλλ’
3550 2104 3787 2157 ἐνταῦθα
3877 2105 4090 2166 πάντες

2491 2193 2576 2265 [Ρ.
2620 2193 2748 2266 5S7]
2781 2195 3127 2266 συγχωροῦσι
3193 2199 3260 2266 τῇ
3304 2195 3480 2259 πόλει,
3523 2197 3617 2249 καὶ¹
3648 2195 3935 2265 διατριϐὴν
3969 2213 4092 2248 κα-

2489 2286 2643 2340 λοῦσι
2685 2288 2896 2358 κοινὴν,
2952 2289 3173 2342 πάντων
3219 2289 3373 2359 παρὰ
3427 2291 3526 2352 τὰς
3573 2288 3810 2342 ἐνταῦθα
3870 2289 4087 2358 μούσας

2490 2378 2891 2448 ἐπειγομένων.
2933 2379 3098 2434 Ἀλλὰ
3130 2380 3239 2451 μὴν
3263 2379 3422 2434 τοῦτό
3455 2398 3518 2448 γε
3557 2382 3715 2451 μόνον
3759 2381 3862 2434 οὐκ
3907 2381 4091 2433 ἔνεστ’

2491 2475 2690 2537 εἰπεῖν,
2718 2475 2793 2536 ὡς
2821 2474 2916 2528 νῦν
2955 2477 3053 2543 μὲν
3087 2477 3222 2545 αὐτῇ
3260 2475 3578 2546 συμϐέϐηκε
3611 2476 3925 2545 προστῆναι
3971 2477 4090 2527 τῶν

2491 2565 2689 2632 λόγων,
2722 2563 2790 2637 ἦν
2848 2568 2892 2620 δ’
2918 2569 3007 2620 ὅτε
3047 2569 3187 2637 μετὰ
3239 2567 3348 2620 τῶν
3383 2569 3727 2634 ἀγνοούντων
3783 2569 4089 2620 ἐτέτακτο·

2490 2659 2630 2712 ἀλλὰ
2656 2659 2746 2712 τὸν
2777 2660 2996 2713 ἅπαντα
3019 2660 3084 2730 δὴ
3116 2660 3308 2729 χρόνον
3349 2658 3582 2712 Ἐλικῶν
3613 2655 3738 2729 ἧνή
3773 2658 3955 2724 πόλις,
3996 2661 4092 2713 καὶ

2493 2752 2780 2822 νενίκηκεν
2801 2751 3044 2805 ἐνταῦθα
3074 2751 3144 2804 τὰ
3180 2752 3289 2806 τῶν
3319 2751 3539 2823 μουσῶν
3572 2751 3641 2805 δι’
3669 2751 3865 2814 αἰῶνος
3901 2753 4064 2820 ἁκμά
4091 2781 4094 2783 »

2493 2842 2630 2908 ζειν,
2652 2843 2841 2913 ῶσπερ
2856 2843 2990 2912 φασὶ
3009 2843 3110 2913 τὴν
3129 2843 3316 2913 Ἥϐην
3349 2844 3397 2896 oi
3431 2843 3672 2913 ποιηταί.
3703 2842 3894 2904 Οῦτως
3923 2844 4096 2912 Ἀθή-

2492 2954 2651 3008 νησιν
2684 2939 2748 2990 ἄν
2776 2955 2862 3000 τις
2893 2938 3039 2990 εἴποι
3077 2936 3218 3007 μετὰ
3247 2935 3632 3005 Δημοσθένους
3669 2937 3765 2989 καὶ
3796 2935 4094 2997 Πλάτωνος

2491 3031 2812 3102 διατρίϐειν,
2842 3029 3030 3084 αὐτόθι
3056 3029 3374 3099 γενόμενος.

2567 3295 2632 3352 ε’.
2665 3295 2811 3349 Ἀλλ’
2847 3295 3066 3351 ἅπαντα
3118 3297 3294 3352 ταῦτα
3332 3299 3517 3370 ἡμέρα
3587 3299 3650 3370 δὴ
3691 3301 3791 3370 μία
3838 3303 4098 3371 συνέχεε,

2496 3388 2592 3443 καὶ
2608 3390 2697 3441 τὸν
2727 3389 2828 3460 τῆς
2858 3390 3067 3454 πόλεως
3089 3391 3342 3459 ἀφείλετο
3369 3392 3632 3460 στέφανον
3651 3410 3665 3424 ’
3687 3394 3783 3446 καὶ
3807 3394 3910 3463 τὴν
3937 3400 4093 3463 κοινῇ

2497 3482 2808 3553 ἐρωμένην,
2848 3483 3038 3555 ῶσπερ
3087 3486 3187 3547 τὰς
3223 3486 3458 3554 ὑφάλους
3504 3487 3835 3541 ὑποπτεύειν
3868 3489 4098 3542 ἔπεισεν

2499 3575 2766 3640 ἅπαντας.
2802 3579 2866 3630 Ὦ
2898 3578 3061 3647 πόθεν
3096 3579 3194 3648 μὲν
3219 3581 3299 3642 είς
3331 3579 3422 3634 τὸν
3445 3581 3648 3650 κόσμον
3677 3581 3790 3652 ἔρις
3817 3583 4044 3652 εἰσῆλθε
4079 3604 4095 3648 ;

2500 3670 2672 3724 Πόθεν
2700 3672 2758 3724 δὲ
2798 3672 3143 3743 εἰσεκώμασε
3189 3674 3403 3740 στάσις;
3436 3675 3608 3728 Πόθεν
3636 3676 3692 3728 δὲ
3719 3677 3882 3746 οίτὴν
3918 3679 4098 3746 αὐτὴν

2501 3764 2889 3827 κατοικοῦντες
2911 3806 2926 3829 ,
2951 3767 3012 3818 οὐ
3061 3766 3158 3818 καὶ
3183 3766 3359 3819 ταυτὰ
3409 3768 3782 3837 λυσιτελήσειν
3835 3771 4098 3839 ἀλλήλοις

2500 3857 2842 3924 νομίζοντες,
2886 3857 3143 3924 γεύονται
3198 3860 3297 3928 μὲν
3337 3859 3770 3927 φιλονεικοῦντες
3819 3861 4097 3932 ἀλλήλω-ι,

2501 3952 2698 4021 αἵματι
2735 3949 2792 4003 δὲ
2826 3949 3112 4020 συγγενῶν
3134 3951 3234 4021 τὴν
3260 3951 3500 4022 πατρίδα
3539 3953 3866 4022 μιαίνουσιν,
3893 3956 3960 4025 ἢν
3992 3955 4098 4007 ἔδει

2504 4045 2602 4098 καὶ
2634 4044 2742 4116 πρὸ
2768 4045 2878 4098 τῶν
2902 4045 3109 4112 γονέων
3138 4045 3348 4110 αὐτοῖς,
3375 4045 3428 4098 εἰ
3453 4046 3505 4112 γ’
3533 4047 3883 4116 ἐσωφρόνουν
3919 4047 4098 4119 ὑπάρ-

2500 4155 2658 4208 χεινς
2691 4139 2755 4191 Ui
2789 4138 2888 4207 μὲν
2919 4136 3230 4206 ἐμαίνοντο,
3279 4139 3372 4190 καὶ
3402 4138 3660 4208 βασιλέας
3693 4139 4099 4209 προσεκύνουν,

2500 4227 2654 4282 οὐδὲν
2693 4228 2802 4280 τῶν
2826 4226 3063 4298 δημοσίᾳ
3092 4227 3504 4296 τυραννούντων
3534 4227 3817 4297 ἀμείνους.
3852 4230 3970 4282 Καὶ
4031 4229 4102 4297 γῆ

2504 4321 2789 4390 ἐνομίζετο
2848 4321 2948 4389 μὲν
3008 4320 3280 4390 ἡμετέρα,
3336 4320 3442 4373 ὑπὸ
3492 4320 3549 4373 δὲ
3618 4319 3727 4373 τῶν
3775 4320 4102 4390 δυναμένων

2503 4411 2856 4480 ὲγεωργεῖτο.
2905 4409 3255 4463 Ἐκέκλειστο
3281 4409 3337 4462 δὲ
3371 4411 3404 4479 ή
3443 4409 3713 4474 θάλασσα,
3744 4414 3869 4474 ταῖς
3905 4413 3963 4465 δὲ
4003 4415 4102 4465 πό-

2503 4501 2652 4554 λεσιν
2679 4501 2824 4555 οὕτω
2860 4501 3039 4572 μόνως
3077 4501 3205 4570 ἐνῆν
3236 4502 3598 4568 ἀναπνεῦσαι,
3634 4505 3684 4556 εί
3724 4504 3830 4572 τῆς
3879 4506 4105 4558 ἐλευθεο

813 4615 980 4668 porro
1027 4615 1090 4653 ac
1129 4599 1280 4669 regio
1319 4609 1507 4654 nostra
1533 4597 1862 4663 habebatur,
1889 4596 1985 4651 sed
2026 4595 2391 4666 potentiorum

2511 4595 2632 4664 ρίας
2685 4596 3036 4648 παντάπασιν
3079 4594 3447 4648 ἐπιλάθοιντο.
3485 4594 3593 4658 Oi);
3631 4595 3686 4648 δέ
3715 4595 4105 4666 δυσχεραίνειν

816 4693 901 4746 vis
955 4707 1020 4746 ac
1059 4691 1259 4762 injuria
1307 4706 1371 4745 ea
1415 4690 1722 4745 fruebatur.
1770 4689 1915 4743 Mare
1940 4690 2223 4743 occlusum
2254 4699 2395 4752 erat,

817 4785 1159 4854 urbibusque
1193 4785 1268 4838 ita
1292 4784 1470 4838 solum
1498 4783 1770 4851 respirare
1788 4781 2009 4846 licebat,
2045 4781 2091 4836 si
2128 4781 2399 4835 libertatis

815 4891 1046 4947 prorsus
1079 4876 1266 4930 oblitae
1296 4884 1506 4930 essent.
1554 4875 1704 4941 Quos
1736 4889 1869 4945 vero
1899 4888 1996 4944 par
2027 4881 2149 4927 erat
2176 4871 2399 4942 indigne

814 4973 983 5032 ferre.
1020 4979 1081 5024 ut
1110 4970 1314 5039 quibus
1352 4978 1642 5039 pularetur
1679 4967 1995 5038 imperium,
2036 4965 2073 5020 ii
2133 4981 2250 5020 rem
2285 4965 2399 5020 risu

813 5062 1187 5131 excipiebant,
1210 5076 1275 5116 ac
1300 5060 1346 5116 si
1408 5061 1576 5115 rebus
1597 5061 1726 5115 hinc
1760 5060 2002 5115 accessio
2031 5060 2194 5114 foret.
2235 5058 2400 5113 Malo-

815 5173 939 5211 rum
969 5171 1135 5226 porro
1170 5155 1472 5210 remedium
1501 5165 1620 5209 erat
1657 5155 1726 5208 iis
1749 5153 1926 5206 solum
1968 5152 2226 5206 nuntiare
2254 5151 2397 5215 dira,

814 5251 909 5318 qui
955 5250 1075 5319 ipso
1121 5264 1314 5302 eorum
1350 5257 1577 5310 eventu,
1629 5246 1882 5300 victimas
1911 5245 2200 5299 faciebant.
2230 5244 2402 5310 Quot-

816 5349 954 5412 quot
1001 5349 1186 5394 autem
1225 5355 1293 5393 ex
1336 5337 1726 5408 prasentibus,
1757 5352 1869 5407 quo
1900 5337 2120 5391 tandem
2149 5351 2238 5390 res
2262 5335 2398 5389 civi-

815 5437 1026 5488 tatibus
1054 5449 1302 5488 evasura
1342 5443 1553 5499 essent,
1603 5433 2039 5502 augurabantur,
2079 5429 2403 5498 quaerebant

818 5528 908 5582 cui
959 5526 1313 5598 pereuntium
1361 5541 1510 5580 cura:
1551 5533 1716 5579 esset.
1765 5524 1844 5579 Ac
1893 5522 2262 5586 occurrebat,
2305 5520 2400 5590 qui

821 5619 1059 5675 llercule
1092 5619 1306 5684 fortior,
1341 5618 1505 5674 Peleo
1541 5616 1766 5682 castior,
1802 5615 1995 5686 majori
2031 5611 2401 5668 Themistocle

815 5715 871 5768 vi
917 5714 1122 5784 ingenii
1162 5723 1344 5778 esset;
1396 5728 1458 5766 ac
1502 5711 1597 5781 qui
1648 5711 1765 5780 ipse
1808 5723 1938 5780 erga
1979 5706 2230 5761 subditos
2275 5704 2400 5775 Cyri

819 5810 1062 5864 animum
1096 5807 1446 5877 indolemque
1483 5807 1735 5860 referret.
1785 5805 1874 5869 At,
1903 5804 2038 5858 dura
2064 5818 2154 5856 res
2183 5801 2400 5870 legisla-

824 5913 909 5955 tor
935 5897 1134 5953 animis
1167 5899 1408 5964 quietem
1432 5913 1592 5962 agerc
1626 5895 1860 5959 nesciis;
1903 5896 2130 5963 eiusque
2174 5892 2402 5946 moleste

2510 4687 2640 4752 ἔδει,
2669 4686 2745 4749 ὡς
2781 4685 2932 4755 σφίσι
2975 4686 3074 4754 τῆς
3111 4686 3288 4765 ἀρχῆς
3335 4686 3831 4757 περιίιοπτομένης,
3871 4690 4104 4756 ἐγέλων.

2509 4782 2700 4853 ῶσπερ
2733 4781 3123 4852 προστιθέντες
3152 4783 3267 4844 τοῖς
3300 4780 3440 4834 οῦσι.
3475 4781 3548 4832 Τὸ
3568 4779 3625 4832 δὲ
3663 4779 3964 4850 φάρμακον
4001 4783 4107 4832 τῶν

2509 4875 2720 4938 κακῶν,
2752 4875 2987 4946 μηνῦσαι
3025 4873 3187 4944 μόνον
3209 4873 3278 4926 τὰ
3326 4873 3476 4942 πάθη
3506 4874 3621 4936 τοῖς
3658 4873 3741 4926 ὅτι
3785 4870 3948 4925 ταῦτ’
3989 4873 4108 4939 ἐγέ-

2509 4985 2636 5021 νετο
2662 4967 2874 5020 θύουσι.
2897 4966 3056 5019 Ὅσοι
3083 4965 3127 5019 δ’
3157 4968 3222 5020 ἐκ
3242 4965 3351 5018 τῶν
3373 4965 3680 5034 παρόντων,
3705 4958 3758 5015 οἷ
3780 4963 4107 5034 τελευτήσει

2510 5059 2579 5110 τὰ
2614 5059 2764 5112 κακὰ
2799 5060 2920 5120 ταῖς
2961 5056 3183 5110 πόλεσιν
3213 5053 3596 5125 ἐμαντεύοντο,
3626 5053 3858 5123 ἐζήτουν
3901 5049 3946 5122 ᾧ
3997 5058 4108 5107 τῶν

2510 5151 2907 5221 ἀπολλυμένων
2945 5150 3209 5220 μελήσειο
3264 5149 3360 5201 καὶ
3416 5140 3577 5218 εὖρον
3613 5147 3956 5216 Ἡρακλέους
4012 5151 4107 5218 μὲν

2510 5244 2911 5315 ἀνδρειότερον,
2966 5240 3412 5311 σωφρονέστερον
3445 5238 3502 5290 δὲ
3543 5237 3791 5306 Πηλέως,
3835 5238 4108 5308 Θεμιστο-

2512 5335 2708 5397 κλέους
2735 5334 2791 5388 δὲ
2824 5333 3223 5402 συνετώτερον·
3253 5332 3324 5384 τὰ
3347 5331 3536 5402 Κύρου
3555 5331 3612 5383 δέ
3641 5331 3735 5382 καὶ
3764 5331 3937 5384 αὑτὸν
3973 5336 4106 5401 πρὶς

2511 5428 2640 5492 τοῦς
2661 5428 3000 5500 ἀρχομένους
3016 5444 3082 5498 με
3093 5427 3168 5498 μιι
3185 5424 3282 5497 μη]
3293 5427 3471 5496 μένον.
3489 5424 3651 5477 Ἀλλὰ
3668 5426 3873 5495 πικρὸν
3885 5427 4106 5494 νομοθέ-

2510 5520 3066 5590 της,τοίςὴσυχάζειν
3078 5519 3177 5572 οὐκ
3190 5519 3481 5586 ἐγνωκόσι,
3508 5517 3603 5570 καὶ
3624 5517 3723 5588 τὴν
3741 5519 3926 5589 ἀρχὴν
3947 5520 4098 5572 ἐδυσ-

2512 5615 2766 5684 χέραινον
2816 5613 2916 5683 τὴν
2962 5612 3195 5678 ἐκείνου,
3224 5612 3273 5663 oi
3294 5611 3478 5680 σφίσιν
3492 5609 3676 5673 αὐτοῖς
3691 5614 3914 5682 πονηρά
3935 5630 4106 5664 συνειο

2509 5707 2659 5768 δότες
2682 5721 2694 5734 ⁸
2728 5705 2824 5756 καὶ
2854 5702 2945 5757 διὰ
2966 5703 3142 5756 ταῦτα
3163 5702 3461 5772 ἀκρόπολίς
3484 5718 3544 5754 τε
3571 5701 3636 5771 δὴ
3664 5702 3818 5772 παρὰ
3848 5703 3960 5756 τῶν
3983 5704 4102 5752 νοίν

2512 5799 2748 5867 ἐχόντων
2806 5795 3292 5866 κατελαμϐάνετο,
3349 5794 3426 5858 ὡς
3479 5793 3571 5865 βία
3617 5794 3708 5848 τὸν
3768 5795 4100 5865 ἐξεστηκότα

2511 5891 2686 5956 δῆμον
2715 5888 3186 5955 θεραπευσόντων.
3222 5886 3332 5942 Καὶ
3362 5887 3511 5956 παρὰ
3536 5887 3629 5940 τὸν
3663 5889 3834 5941 παῖδα
3882 5889 3974 5941 τοῦ
4014 5888 4101 5956 βα-
