4174 6442
169 385 275 446 645

1072 381 1426 442 ΜΟΝΟΒῙΑ
1459 381 1897 441 OCCISORUM
1934 380 2541 439 TIIESSALONICE.

3337 388 3440 445 (ὶίϋ

170 494 364 560 σιλὲως
393 495 486 548 τὸν
522 495 780 566 σώφρονα
818 495 912 549 καὶ
951 497 1125 566 πρᾶον
1158 497 1253 548 καὶ
1303 496 1569 565 φρόνιμον
1619 495 1750 563 πρέ-

1863 489 2112 545 ferebant
2141 493 2458 562 imperium,
2505 494 2599 563 qui
2646 495 2748 563 ipsi
2789 495 2893 556 sibi
2932 497 3202 551 malorum
3231 503 3439 552 conscii

167 588 323 650 σδεις
351 583 509 657 ἧκον,
530 588 808 652 ἀξιοῦντες
834 587 1148 658 στράτευμα
1179 587 1515 657 πέμπεσθαι,
1542 586 1636 638 καὶ
1653 587 1752 654 τὴν

169 683 272 751 μὲν
297 683 454 734 πόλιν
484 683 732 751 ἐπισχεῖν
757 679 839 753 [Ρ.
861 679 988 750 588]
1015 680 1138 734 καθ’
1163 681 1362 750 ἐαυτῆς
1390 679 1748 749 μαινομένην,

164 772 403 838 φυλάξαι
432 773 489 826 δὲ
508 774 573 825 τὰ
605 774 927 842 πράγματα,
954 772 1032 842 τῷ
1052 772 1245 834 σώζειν
1281 772 1418 825 αὺτὰ
1443 770 1748 839 δυναμένῳ.

168 866 323 917 Ἐδει
349 867 474 918 τότε
503 866 697 936 μικρὸν
725 865 996 935 ἡσυχάσαι
1023 865 1125 934 τὴν
1143 865 1333 934 τύχην,
1363 865 1456 916 καὶ
1483 862 1754 935 στρατιώ-

161 974 262 1020 τας
321 957 640 1026 ἐλευθερίαν
693 955 1022 1025 κομίζοντας
1078 956 1152 1026 μὴ
1208 956 1475 1009 κωλῦσαι.
1521 955 1634 1007 Νῦν
1661 954 1749 1020 ἀν,

161 1050 288 1102 ἀντὶ
315 1049 412 1101 τοῦ
447 1048 747 1114 στενάζειν,
777 1051 835 1101 ἐν
869 1049 1086 1118 ἑορταῖς
1113 1050 1244 1116 ἡμῖν
1277 1043 1344 1117 ἦν
1370 1050 1401 1116 ὴ
1431 1047 1603 1109 πόλις.
1636 1044 1751 1098 Νῦν

161 1139 230 1192 ἂν
263 1141 526 1212 ἐχόρευον
578 1140 677 1209 μὲν
712 1139 870 1210 ἡμῶν
894 1140 942 1191 οί
999 1139 1237 1201 πολῖται,
1278 1141 1327 1192 οί
1351 1139 1395 1191 δ’
1429 1139 1614 1210 ἐχθροὶ
1651 1139 1751 1208 τὴν

162 1233 452 1302 παροῦσαν
507 1232 919 1302 μετελάμῦανον
951 1233 1144 1303 τύχην.
1199 1233 1333 1303 Δίκη
1363 1231 1408 1285 δ’
1448 1233 1514 1285 ἂν
1544 1232 1752 1300 ἐγίνετο

165 1328 289 1394 μετ’
323 1325 653 1396 ἀνθρώπων,
692 1327 786 1378 καί
808 1326 874 1378 τά
927 1325 1020 1378 τοῦ
1051 1324 1256 1395 χρυσοῦ
1299 1326 1489 1393 γένους
1527 1327 1592 1379 ἂν
1618 1328 1750 1397 ἡμῖν

163 1415 427 1485 περιῆκε.
453 1415 567 1468 Νῦν
603 1415 648 1468 δ’
683 1415 749 1484 (ὣ
782 1416 899 1478 πῶς
923 1416 991 1469 τά
1037 1417 1216 1479 καλῶς
1265 1415 1662 1487 βεϐουλευμένα
1715 1419 1748 1487 ἡ

160 1509 306 1576 τύχη
339 1509 614 1571 παίζουσα
673 1508 1054 1579 περιτρέπειί)
1093 1511 1141 1561 οί
1198 1508 1298 1577 μέν
1344 1509 1634 1577 ἠπείγοντο
1658 1527 1670 1540 ·
1701 1512 1750 1561 oi

161 1600 206 1652 δ’
234 1596 380 1671 ἦσαν
417 1601 719 1671 μετέωροιο
756 1604 852 1654 καὶ
891 1601 1000 1655 τῶν
1037 1602 1280 1672 σημείων
1326 1601 1425 1671 ἤδη
1484 1603 1596 1669 πρὸ
1641 1601 1751 1655 τῶν

163 1693 357 1746 πυλῶν
379 1693 745 1762 φαινομένων,
767 1693 981 1763 δαίμων
1007 1711 1091 1758 τις
1127 1693 1388 1765 φθονερὸς
1419 1697 1582 1766 ὑπῄει
1623 1695 1750 1757 τοὺς

161 1787 376 1849 πάντας
408 1787 655 1848 ἐοικότας
671 1784 823 1855 αὐτῷ
847 1801 860 1814 ·
896 1786 993 1838 καὶ
1016 1785 1109 1838 τὸν
1134 1787 1308 1856 δῆμον
1333 1788 1561 1857 αἵματος
1581 1788 1748 1840 πάλαι

1859 593 2066 638 essent.
2096 585 2171 638 Ea
2200 601 2361 639 causa
2387 586 2491 640 fuit
2527 602 2624 640 cur
2663 587 2766 642 viri
2793 589 2898 642 cati
2924 604 2986 642 ac
3008 590 3219 643 cordati
3257 605 3441 643 arcem

1859 677 2212 752 occuparint,
2247 679 2402 746 quasi
2423 679 2488 732 ad
2513 680 2790 732 saniorem
2815 692 3077 745 mentem,
3109 698 3173 737 ea
3203 693 3443 736 emotam

1858 767 2074 836 plebem
2100 770 2150 822 vi
2188 770 2464 823 redacturi
2499 782 2707 825 essent.
2737 771 2952 825 Adsunt
2975 774 3136 842 legati
3167 775 3233 827 ad
3273 775 3447 842 impe-

1859 862 2056 914 ratoris
2083 861 2274 925 filium,
2296 862 2476 915 virum
2506 864 2834 928 modestum,
2865 866 3073 924 mitem,
3092 867 3441 933 prudentem,

1860 961 2116 1020 rogantes
2162 953 2305 1008 mitti
2350 954 2552 1008 milites
2609 956 2702 1024 qui
2744 959 2939 1011 urbem
2986 970 3339 1026 compescant
3390 961 3442 1011 in

1856 1058 1977 1098 sese
2029 1045 2324 1110 furentem,
2355 1048 2516 1116 eique
2549 1049 2757 1101 servari
2807 1065 2916 1111 res,
2951 1051 3045 1118 qui
3076 1050 3193 1118 ipse
3227 1050 3442 1104 incolu-

1857 1149 1975 1188 mes
2021 1145 2281 1204 priestare
2333 1147 2537 1206 posset.
2567 1138 2700 1192 Erat
2736 1149 2867 1194 tunc
2896 1142 3165 1209 tantisper
3209 1141 3445 1195 fortuna:

1857 1227 2275 1296 quiescendum,
2310 1246 2410 1285 nec
2435 1231 2720 1286 inhibendi
2748 1233 2971 1295 milites,
3004 1235 3098 1302 qui
3131 1235 3442 1288 libertatem

1858 1318 2078 1372 allaturi
2115 1331 2322 1375 essent.
2363 1322 2520 1376 Nunc
2549 1339 2679 1376 sane
2715 1339 2815 1392 pro
2846 1325 2994 1378 luctu
3032 1341 3095 1380 ac
3124 1327 3352 1395 gemitu,
3385 1327 3440 1378 in

1860 1411 2102 1479 tripudio
2148 1423 2313 1482 atque
2349 1415 2530 1483 epulis
2591 1417 2750 1470 nobis
2811 1417 3005 1471 civitas
3062 1428 3228 1473 esset.
3286 1419 3442 1473 Nunc

1858 1504 2016 1572 plane
2044 1505 2195 1559 cives
2226 1511 2399 1560 nostri
2425 1509 2628 1562 choros
2649 1509 2936 1573 ducerent,
2971 1525 3034 1563 ac
3065 1510 3272 1564 inimici
3303 1526 3441 1580 prae-

1857 1597 2031 1650 sentis
2083 1607 2287 1652 nostra:
2344 1599 2581 1654 fortunae
2632 1602 2930 1670 participes
2983 1612 3188 1657 essent.
3220 1603 3443 1672 Vigeret

1852 1688 2063 1757 justitia
2095 1689 2238 1743 inter
2283 1690 2555 1757 homines,
2584 1709 2926 1763 aureumque
2957 1710 3130 1764 genus
3177 1695 3230 1747 in
3279 1695 3441 1748 nobis

1858 1789 2139 1848 superstes
2179 1792 2343 1837 esset.
2378 1785 2535 1838 Nunc
2579 1801 2734 1848 vero,
2763 1801 2795 1838 ο
2822 1787 3096 1855 quomodo
3122 1803 3242 1855 quae
3292 1796 3440 1842 recte

157 1878 427 1947 διψῶντα,
441 1877 535 1930 ἐπὶ
548 1877 709 1946 κόρον
722 1868 844 1940 τᾶῖς
859 1881 1130 1948 πονηραῖς
1141 1856 1491 1950 ’παρεκάλουν
1503 1883 1530 1936 δ
1540 1902 1564 1952 η
1575 1900 1648 1951 μη
1657 1899 1749 1948 γο-

1855 1874 2104 1927 consiliis
2140 1875 2294 1930 initis
2352 1876 2656 1930 deliberata
2709 1888 2916 1940 essent,
2979 1877 3178 1932 ludens
3217 1877 3439 1931 fortuna

160 1972 332 2041 ρίαις.
357 1969 471 2023 οίδ⁶
488 1968 782 2035 ἐκινοῦντο,
802 1964 914 2022 οἷον
935 1970 1184 2042 Ὅμηρος
1207 1970 1312 2043 ἐφη
1346 1973 1446 2042 τὴν
1479 1974 1750 2027 θάλατταν

159 2063 255 2115 ὑπ’
289 2062 555 2116 ἐναντίων
613 2061 944 2132 πνευμάτων
999 2063 1382 2134 ἐλαυνομένην.
1435 2066 1543 2118 Καὶ
1567 2065 1751 2118 λοιπὸν

156 2155 317 2206 οὐδὲν
352 2150 422 2224 ἦν
457 2155 558 2207 σὺν
589 2155 764 2225 νόμῳ,
816 2154 932 2208 ἀλλ’
957 2153 1155 2208 ἐπιπτε
1195 2155 1297 2226 μὲν
1325 2158 1354 2209 6
1386 2157 1709 2227 προστυχών
1735 2177 1744 2188 ο

158 2245 252 2296 διὰ
278 2244 336 2295 δὲ
364 2243 476 2296 τῶν
504 2244 715 2314 νεκρῶν
749 2245 844 2299 ἐπὶ
894 2246 1022 2308 τοὺς
1062 2244 1332 2315 ἄρχοντας
1363 2249 1550 2319 ⁴ᾔεσαν.
1585 2252 1648 2302 υἱ
1695 2249 1752 2302 δὲ

156 2333 675 2403 διασκεδασάμενοι,
725 2334 976 2405 δέχεσθαι
1025 2336 1125 2407 μὲν
1166 2338 1292 2400 τοὺς
1347 2339 1620 2401 ἐπιόντας,
1659 2341 1752 2392 καὶ

159 2428 350 2494 σφίσιν
380 2428 566 2490 αὐτοῖς
601 2428 829 2498 ἀμύνειν
856 2429 1144 2484 ﬁnitimo
1165 2449 1178 2463 ·
1215 2432 1401 2500 ἔτερος
1428 2432 1482 2483 δὲ
1518 2432 1751 2501 πόλεμος

158 2515 377 2567 ἔνδοθεν
405 2517 548 2570 κατά
564 2515 736 2569 νῶτον
770 2518 990 2588 ἀπήντα
1018 2535 1034 2550 ·
1067 2518 1197 2571 ὥστ’
1224 2520 1327 2572 οὐκ
1375 2514 1521 2590 εἶχον
1567 2522 1749 2573 λοιπῖιν

156 2607 282 2657 ὅποι
314 2607 382 2658 τὰ
421 2607 692 2676 πρόσωπα
745 2608 1023 2678 τρέψειαν.
1070 2609 1202 2662 Τότε
1233 2610 1298 2680 δὴ
1347 2611 1461 2681 πῦρ
1508 2611 1606 2681 μὲν
1631 2615 1750 2675 ταῖς

157 2698 363 2759 πύλαις
393 2699 725 2769 προσήγετο,
778 2701 875 2752 καὶ
925 2701 953 2753 6
1008 2701 1217 2764 καπνὸς
1270 2704 1396 2765 τοὺς
1432 2703 1529 2771 μὲν
1550 2703 1750 2769 ἔξωθεν

153 2789 554 2857 ἐπειγομένους
608 2784 763 2858 εἶργε
791 2788 888 2843 τοῦ
919 2791 1109 2858 πρόσω
1135 2806 1148 2821 ο
1172 2792 1248 2854 ὡς
1271 2793 1337 2844 ἂν
1355 2789 1436 2854 οἷς
1468 2794 1751 2846 ἐϐούλοντο

154 2876 400 2946 βοηθεῖν,
433 2878 803 2948 εἰλημμένων.
839 2882 900 2931 Οί
924 2879 966 2931 δ’
985 2879 1196 2933 ἔνδοθεν
1211 2882 1426 2950 ἦνοιγον
1443 2882 1540 2946 τὰς
1575 2883 1746 2947 πύλας

155 2971 273 3030 τοῖς
299 2968 680 3040 ἀνδροφόνοις·
726 2972 774 3020 οἱ
809 2968 858 3021 δ’
895 2971 1263 3040 εἰσχυθέντες,
1302 2976 1483 3026 πᾶσαν
1510 2975 1747 3030 ἀνάστα-

159 3074 247 3109 σιν
269 3060 482 3121 πόλεως
513 3053 593 3122 οἷς
629 3059 891 3129 ἔδρασαν,
933 3061 1242 3132 ἀπέφηναν.
1292 3064 1626 3134 Ἐγυμνοῦτο
1652 3067 1749 3134 μὲν

155 3150 269 3202 τῶν
302 3151 486 3202 ὅπλων
512 3151 540 3201 6
574 3151 917 3221 στρατιώτης
939 3169 954 3183 ·
985 3153 1198 3206 εἵλκετο
1215 3155 1268 3206 δὲ
1293 3155 1395 3207 ὑπὸ
1421 3156 1532 3209 τῶν
1560 3158 1749 3226 τυχόν-

154 3258 268 3294 των
319 3244 348 3294 6
383 3241 552 3295 πολλὰ
579 3243 645 3313 δὴ
693 3243 904 3308 πολλοῖς
935 3245 1143 3309 εἰωθὼς
1190 3247 1522 3302 ἐπιτάττειν.
1553 3249 1749 3311 Δοῦλος

156 3335 217 3386 δέ
248 3335 343 3386 τὸν
375 3335 643 3406 δεσπότην
675 3338 884 3406 ἠγνόει,
907 3341 1002 3393 καὶ
1031 3334 1105 3392 ὦν
1147 3341 1414 3412 πρότερον
1451 3345 1754 3413 ἐπετιμᾶτο

155 3428 387 3492 δικαίως
409 3429 529 3481 τότε
564 3429 722 3499 δίκην
748 3430 901 3498 ἠξίου
922 3429 1260 3500 λαμϐάνειν.
1300 3431 1521 3486 Ὄπλων
1548 3432 1612 3504 δὴ
1659 3436 1754 3487 καὶ

154 3524 464 3594 χρημάτων
495 3523 545 3574 ol
592 3522 768 3576 δοῦλοι
793 3524 894 3582 -καὶ
917 3524 1148 3593 πένητες
1165 3525 1344 3594 κύριοι
1363 3527 1749 3593 καταστάντες,

156 3622 276 3682 τοῖς
308 3621 442 3689 πρὶν
495 3618 637 3672 αὺτά
681 3617 1068 3688 κεκτημένοις,
1096 3619 1195 3690 τὴν
1251 3619 1358 3672 τῶν
1400 3621 1752 3691 ἀνδραπόδων

158 3712 471 3780 προσήκειν
493 3711 746 3780 ἐνόμιζον
771 3711 963 3780 τύχην,
997 3713 1091 3765 καὶ
1115 3711 1376 3781 δήσαντες
1406 3709 1610 3783 εἶργον,
1644 3733 1752 3785 μη-

153 3802 218 3855 δέ
259 3804 371 3855 τῶν
423 3801 662 3856 ἀκτίνων
711 3802 1024 3857 ἀπολαύειν
1069 3803 1268 3866 αὐτοὺς
1317 3804 1746 3874 συγχωροῦντες.

155 3895 382 3964 Δρόμος
417 3893 514 3946 ἐπὶ
537 3893 636 3958 τάς
682 3894 882 3959 οίκίας,
920 3898 1017 3948 καὶ
1059 3895 1240 3958 πάσας
1286 3895 1474 3966 ὥσπερ
1516 3897 1752 3967 ἐρημίας

152 3987 464 4057 διέσκαψαν
495 3989 704 4050 πόλεις.
739 3988 798 4041 '0
823 3989 880 4040 δὲ
907 3988 1208 4059 δακρύσας,
1256 3989 1422 4042 αὑτοῦ
1471 3991 1624 4061 παρά
1645 3990 1751 4044 τῶν

154 4081 382 4135 ἀσεϐῶν
413 4081 819 4150 ἀπεσφάττετο.
842 4082 906 4132 Ὠ
934 4081 1166 4146 πόλεως,
1190 4082 1310 4135 ἀντὶ
1336 4082 1484 4150 μιᾶς,
1517 4080 1749 4147 πολλῶν,

155 4172 257 4225 καὶ
289 4173 498 4226 τούτων
518 4172 930 4227 ἐναντιωτάτων
945 4174 1344 4243 γεγενημένηςέ
1371 4175 1433 4225 ’Ὠ
1453 4173 1750 4240 πολιτείας,

156 4266 439 4335 θαλάττης
470 4267 655 4337 πάσης
681 4266 1086 4335 ἀπιστοτέραςί
1125 4267 1189 4318 ’Ὠ
1223 4267 1483 4334 πολιτῶν,
1517 4267 1669 4322 οὐδέν
1698 4287 1751 4322 τι

151 4357 269 4413 τῶν
309 4358 474 4426 φύσει
526 4356 820 4429 βαρϐάρων
868 4361 1276 4430 ἀπιστοτέρωνξ
1306 4362 1750 4416 Καταποντισταί

155 4466 307 4512 τινες
339 4449 601 4521 ἄντικρυς
631 4451 691 4503 ἐν
709 4451 923 4522 ἠπείρῳ
942 4469 957 4484 ’
993 4452 1195 4523 μᾶλλον
1219 4453 1275 4504 δὲ
1304 4454 1372 4506 τά
1399 4453 1627 4521 τούτων,
1653 4455 1748 4508 καὶ

1853 1967 2090 2020 evertit!
2125 1968 2188 2022 Hi
2223 1984 2421 2039 nempe
2451 1970 2741 2040 urgebant,
2771 1970 2849 2023 illi
2881 1985 2910 2022 e
2942 1972 3162 2024 sublimi
3196 1972 3435 2024 stabant;

1847 2057 2073 2127 jamque
2102 2061 2298 2115 vexilla
2326 2071 2454 2115 ante
2487 2071 2672 2131 portas
2695 2063 2965 2131 explicata
2999 2072 3176 2126 erant,
3205 2079 3328 2116 cum
3359 2064 3440 2115 in-

1853 2151 2012 2208 vidus
2063 2154 2287 2222 quidam
2326 2155 2541 2208 daemon
2592 2171 2784 2210 omnes
2833 2157 3022 2218 subiit,
3063 2157 3156 2224 qui
3190 2156 3310 2225 pari
3359 2156 3438 2210 illi

1851 2242 2076 2310 ingenio
2125 2254 2351 2312 essent;
2386 2247 2592 2315 quique
2643 2247 2860 2315 plebem
2911 2249 3122 2316 pridem
3160 2247 3442 2318 sanguinis

1851 2336 2212 2401 sitibnndam.
2245 2350 2305 2394 ut
2331 2355 2398 2394 eo
2448 2341 2815 2395 exsatiaretur
2863 2342 3271 2396 seelestissimis
3301 2357 3436 2395 eon-

1853 2429 2106 2484 cionibus
2159 2432 2485 2486 incitabant.
2525 2433 2601 2487 Ea
2633 2449 2797 2503 porro
2840 2434 2918 2489 sic
2958 2434 3305 2497 movebatur,
3359 2435 3439 2488 uti

1852 2535 2003 2574 mare
2034 2521 2174 2575 dixit
2207 2521 2503 2587 Homerus,
2540 2541 2665 2579 eum
2703 2526 3003 2579 contrariis
3033 2529 3213 2581 ventis
3252 2528 3438 2596 quati-

1855 2621 1961 2665 tur.
1994 2613 2184 2683 Neque
2230 2617 2344 2685 jam
2385 2617 2584 2671 rationi
2637 2617 2847 2687 aliquid
2906 2621 3260 2689 conjunctum
3298 2630 3438 2683 erat,

1853 2705 1946 2758 sed
1981 2707 2215 2776 quisque
2249 2708 2447 2762 obvius
2469 2709 2721 2763 cadebat.
2740 2710 2843 2764 Per
2871 2710 3150 2764 substrata
3174 2712 3439 2765 cadavera

1853 2799 1989 2852 itum
2021 2801 2087 2854 ad
2121 2804 2497 2873 magistratus.
2530 2803 2610 2856 Illi
2648 2803 2921 2874 dissipati,
2955 2805 3277 2874 ingruentes
3305 2807 3436 2875 qui-

1852 2892 1975 2946 dem
2008 2895 2288 2963 excipere,
2330 2910 2500 2965 seque
2535 2896 2676 2950 tueri
2707 2897 2969 2965 optabant
2995 2914 3008 2962 ;
3038 2898 3127 2951 his
3153 2899 3440 2953 enimvero

1853 2984 2189 3039 intrinsecus
2215 3003 2244 3040 a
2275 2995 2428 3057 tergo
2455 3005 2634 3059 pugna
2657 2990 2827 3043 altera
2857 2990 3207 3044 occurrebat.
3236 2990 3441 3055 Quam-

1852 3074 2042 3127 obrem
2084 3092 2192 3130 non
2244 3079 2355 3147 jam
2396 3089 2514 3132 erat
2565 3095 2675 3148 quo
2719 3080 2887 3133 facies
2948 3088 3252 3134 verterent.
3287 3081 3443 3135 Tunc

1854 3167 2114 3220 nimirum
2148 3170 2270 3238 igne
2304 3172 2478 3238 portis
2531 3173 2773 3235 admoto,
2836 3172 3037 3236 fumus,
3069 3188 3163 3226 eos
3205 3174 3300 3242 qui
3347 3190 3444 3228 ex-

1856 3256 2131 3310 trinsecus
2183 3270 2464 3328 urgerent,
2504 3263 2761 3330 progredi
2814 3262 3126 3324 inhibebat,
3162 3263 3321 3331 quasi
3374 3264 3442 3316 iis

1856 3350 2293 3418 comprehensis,
2328 3353 2532 3422 quibus
2562 3357 2662 3422 ipsi
2697 3356 2979 3424 suppetias
3009 3357 3179 3408 ibant.
3213 3357 3316 3422 Qui
3358 3358 3442 3409 in-

1857 3451 1945 3495 tus
1973 3452 2151 3507 erant,
2185 3445 2400 3499 sicariis
2431 3462 2494 3500 ac
2525 3448 2788 3501 maleﬁeis
2816 3459 3003 3516 portas
3039 3449 3312 3517 aperiunt.
3362 3449 3441 3502 Illi

1856 3534 1913 3588 in
1947 3536 2140 3589 urbem
2204 3538 2388 3602 elfusi,
2425 3539 2629 3607 quibus
2689 3550 3001 3609 gesserunt,
3057 3557 3276 3595 omnem
3337 3543 3439 3610 ipsi

1854 3629 2171 3683 vastitatem
2207 3630 2502 3686 inducunt.
2530 3633 2683 3688 Miles
2742 3635 2916 3688 armis
2944 3635 3296 3700 nudabatur;
3327 3644 3443 3688 tra-

1855 3719 2090 3775 hebatur
2122 3738 2151 3776 a
2192 3724 2287 3776 vili
2314 3725 2497 3794 vulgo,
2533 3725 2627 3794 qui
2669 3727 2839 3779 multa
2894 3727 3081 3779 multis
3142 3727 3441 3796 praacipere

1854 3811 2051 3864 solitus
2077 3821 2214 3866 erat.
2252 3813 2458 3869 Servus
2492 3815 2687 3868 herum
2725 3816 3010 3870 nesciebat
3036 3834 3047 3868 :
3076 3832 3138 3870 ac
3194 3832 3358 3885 quem
3398 3817 3444 3870 is

1856 3900 2010 3968 prius
2034 3905 2160 3974 jure
2212 3905 2554 3973 increpabat,
2585 3915 2718 3960 tunc
2751 3907 2853 3961 sibi
2908 3922 3099 3975 pinnas
3146 3922 3272 3960 eum
3307 3907 3440 3961 dare

1855 3995 2137 4063 poscebat.
2166 3996 2464 4052 Armorum
2505 4014 2784 4068 opumque
2816 4000 2960 4053 servi
2989 4015 3052 4053 ac
3089 3999 3280 4068 inopes
3309 4000 3442 4054 facti

1855 4098 2157 4158 compotes,
2191 4091 2397 4160 quibus
2434 4092 2524 4146 illa
2557 4096 2709 4162 prius
2764 4093 3172 4162 competebant,
3228 4093 3441 4146 manci-

1853 4182 2071 4249 piorum
2102 4181 2245 4236 forte
2284 4198 2348 4238 ac
2395 4183 2617 4237 fortuna
2680 4185 2981 4249 habebant,
3009 4192 3442 4252 eompactosque

1855 4271 1909 4325 in
1961 4287 2263 4338 carcerem,
2322 4289 2426 4329 nec
2486 4274 2627 4328 lucis
2677 4275 2847 4329 radiis
2900 4275 3008 4328 frui
3070 4275 3344 4330 sinebant.
3383 4276 3443 4329 ln

1853 4363 1998 4417 aedes
2026 4364 2398 4429 concitabant,
2443 4380 2746 4433 omnesque
2803 4364 3059 4420 civitates
3093 4364 3440 4420 desertorum

1855 4469 2005 4509 more
2030 4455 2320 4510 eruebant.
2348 4455 2450 4510 Cui
2479 4457 2734 4527 lacrymaa
2758 4457 2968 4513 oborta:
2991 4467 3199 4520 essent,
3233 4457 3441 4526 impio-

152 4541 353 4614 χείρω.
379 4542 446 4594 0i
478 4542 579 4612 μέν
604 4557 668 4611 γε
700 4542 810 4597 τῶν
831 4542 1000 4596 ὄντων
1039 4543 1450 4614 γυμνώσαντες,
1483 4547 1544 4599 οὺ
1566 4550 1657 4600 καὶ
1691 4549 1750 4601 τὸ

1859 4560 1979 4599 rum
2011 4546 2306 4600 confestim
2359 4547 2558 4617 gladiis
2605 4547 3118 4602 contrucidabatur.
3152 4547 3197 4602 0
3248 4549 3441 4601 civita-

155 4636 261 4706 ζῇν
294 4634 762 4706 προσαφείλοντο·
804 4630 950 4691 οῦτοι
977 4637 1055 4701 δὲ,
1087 4638 1176 4690 τὸν
1217 4638 1316 4707 μέν
1343 4638 1556 4692 οἴκοθεν
1588 4642 1752 4710 στρά-

152 4745 339 4799 τευμα
362 4728 588 4800 τρέφειν
622 4727 946 4799 δυνάμενον,
976 4727 1062 4801 [Ρ.
1111 4729 1240 4800 589]
1274 4729 1536 4798 ἐξαίφνης
1565 4730 1752 4800 ὥσπερ

154 4822 411 4894 σκηπτοῦ
469 4823 925 4894 κατενεχθέντος,
988 4824 1383 4893 ἀποπέμπουσι
1448 4827 1751 4894 προσαιτή-

156 4935 350 4971 σοντα.
391 4919 458 4972 Ἠ
506 4916 552 4971 δ’
615 4917 914 4988 ὑπερϐολὴ,
963 4918 1042 4970 ὅτι
1085 4919 1179 4971 καὶ
1226 4920 1335 4971 τῶν
1364 4917 1532 4970 ὄντων
1559 4919 1754 4971 ἐκϐάλ-

150 5013 347 5075 λοντες
367 5011 799 5079 ἀγανακτοῦσιν,
830 5013 879 5063 εί
928 5008 1093 5074 ζῶντι
1131 5009 1270 5081 μετὰ
1306 5010 1414 5063 τῶν
1446 5009 1622 5064 ἀλλων
1661 5010 1750 5073 ἐξ·

154 5107 318 5159 έσται
355 5104 668 5175 μεμνῆσθαι
690 5105 792 5173 τῆς
829 5105 1136 5174 συμφορᾶς.

1850 4649 2128 4709 tem,qua:
2154 4656 2222 4694 ex
2251 4655 2380 4706 una,
2410 4642 2618 4703 multae,
2655 4640 3224 4709 eontrariissimisque
3245 4641 3446 4694 studiis

1852 4742 2016 4802 atque
2043 4733 2244 4788 animis
2296 4735 2542 4789 evaseris
2570 4732 2652 4788 ιο
2686 4733 3084 4803 rempublicam
3122 4735 3318 4802 quovis
3351 4750 3418 4803 pe

1853 4827 1977 4897 lago
2026 4825 2259 4880 infidam
2312 4830 2525 4898 magis!
2559 4826 2603 4882 Ο
2660 4829 2810 4882 cives
2857 4828 2999 4882 nihil
3059 4829 3250 4899 majori
3314 4827 3443 4889 fide,

1855 4933 2020 4988 quam
2051 4919 2145 4988 qui
2173 4930 2371 4975 natura
2411 4921 2631 4974 barbari
2664 4921 2928 4990 omnique
2989 4920 3172 4974 indole
3201 4922 3212 4973 l
3248 4920 3443 4973 Marini

1859 5012 2083 5082 quidam
2130 5013 2292 5083 plane
2349 5013 2635 5084 praedones
2683 5015 2738 5068 in
2769 5015 3130 5081 continente;
3164 5014 3299 5081 quin
3360 5012 3445 5064 bis

1858 5121 2078 5175 quoque
2108 5105 2308 5160 studiis
2339 5106 2663 5160 deteriores.
2703 5107 2787 5161 llli
2818 5121 3056 5175 namque
3111 5120 3251 5173 quos
3283 5104 3446 5158 bonis

151 5196 474 5267 spoliarint,
509 5195 659 5250 haud
683 5196 851 5251 etiam
873 5197 1043 5253 vitam
1069 5210 1290 5266 quoque
1312 5195 1393 5249 eis
1415 5195 1754 5264 ademerint;
1792 5197 1850 5251 bi
1882 5213 2016 5252 vero
2039 5199 2197 5268 queis
2228 5198 2374 5253 domi
2408 5200 2710 5268 repositum
2767 5207 2827 5252 ut
2876 5198 3134 5268 priesldio
3171 5199 3444 5267 militique

150 5293 259 5347 hos
285 5299 514 5360 repente
541 5291 698 5346 velut
731 5291 979 5345 immisso
1005 5290 1256 5355 fulmine,
1286 5290 1354 5344 ad
1382 5291 1844 5346 emendicandum
1873 5308 1903 5346 a
1928 5309 1985 5346 se
2015 5293 2331 5347 amandant.
2390 5292 2660 5361 Quodque
2722 5291 2860 5346 adeo
2926 5307 3146 5345 omnem
3219 5293 3446 5346 sceleris

152 5385 560 5440 immanitatem
593 5386 787 5449 vincit,
823 5401 854 5438 a
901 5386 1019 5440 suis
1052 5399 1274 5454 quoque
1319 5383 1625 5454 ejicientes,
1657 5384 1881 5455 indigne
1914 5385 2137 5452 ferunt;

150 5477 482 5534 meminisse
511 5477 703 5531 saltem
735 5478 1062 5532 calamitatis
1093 5479 1336 5533 licuerit.

231 5577 308 5633 ς’.
343 5571 409 5621 Ὢ
457 5569 719 5640 λογισμοῦ
764 5568 1235 5641 περιυόρισμένου
1264 5571 1276 5623 !
1308 5569 1373 5620 ’Ὠ
1406 5569 1587 5623 πάντα
1626 5567 1750 5621 ἀλο-

149 5664 284 5732 γίας
312 5662 558 5732 ἀγούσης
581 5664 595 5716 l
626 5663 690 5716 Οί
716 5662 836 5732 μὲν,
863 5663 958 5715 ἐπὶ
984 5665 1111 5726 τοὺς
1141 5663 1250 5715 τῶν
1280 5662 1505 5716 δικαίων
1529 5663 1746 5728 πόνους,

149 5758 253 5810 καὶ
280 5755 380 5808 τοῦ
429 5756 599 5825 πυρὸς
631 5755 888 5826 ὀξύτερον
917 5755 1218 5809 ἐκινοῦντο·
1249 5753 1474 5826 θαρρεῖν
1504 5755 1560 5807 δέ
1603 5749 1750 5824 εῖχεν

147 5850 358 5915 οὐδεὶς,
382 5849 444 5902 οὐ
469 5849 615 5917 γένει
637 5849 1035 5920 κοσμούμενος,
1052 5850 1114 5904 ού
1143 5847 1356 5919 μεγάλα
1376 5847 1440 5919 δὴ
1463 5848 1557 5901 καὶ
1582 5848 1751 5901 πολλὰ

2213 5387 2258 5440 si
2292 5386 2381 5440 cui
2409 5385 2520 5438 vita
2557 5384 2780 5438 residua
2849 5385 2940 5449 sit,
3019 5399 3146 5438 cum
3218 5385 3448 5453 reliquis

1924 5568 2120 5640 θοοὺ
2135 5566 2186 5620 6.
2208 5566 2252 5620 Ο
2272 5565 2440 5620 animi
2462 5563 3206 5620 rationesludibrioliabitas!
3230 5563 3272 5619 Ο
3292 5581 3446 5619 meu-

1855 5662 1926 5716 tis
1946 5656 2424 5724 insaniamfcuncta
2444 5667 2716 5728 agentem,
2739 5657 3080 5726 rationisque
3097 5657 3402 5712 absentiam
3421 5655 3443 5714 ί

1855 5753 1960 5816 llli,
1990 5753 2045 5806 in
2074 5754 2346 5822 justorum
2383 5750 2620 5813 labores,
2653 5750 2773 5820 ipso
2800 5751 2920 5820 igne
2948 5750 3184 5804 celerius
3218 5750 3443 5804 invade-

1857 5846 2010 5901 bant.
2065 5845 2235 5900 Nemo
2275 5860 2449 5913 usque
2491 5843 2769 5900 confidere
2804 5855 3055 5915 poterat;
3107 5860 3215 5898 non
3274 5857 3440 5914 quem
