4174 6442
733 377 837 438 847

1979 369 2356 429 DEMETRII
2394 368 2700 429 CYDONII

3894 365 4001 431 048

737 487 959 556 generis
991 483 1174 538 infulae
1224 488 1506 541 ornarent,
1557 494 1664 532 non
1706 478 1796 544 qui
1825 492 2016 541 magna
2049 493 2110 531 ac
2142 478 2308 538 clara,

2430 478 2882 547 ιελειτουργηκὼς
2903 495 2912 506 ·
2936 479 2997 529 οὐ
3025 480 3191 531 πᾶσιν
3225 479 3419 534 ἑαυτὸν
3453 480 3794 548 εὐάρμοστον
3817 497 4008 550 παρα-

732 596 833 634 nec
864 592 1032 648 pauca
1091 587 1320 628 munera
1367 571 1655 628 edidisset,
1691 588 1795 622 non
1827 571 1918 636 qui
1956 585 2011 621 se
2057 569 2317 622 omnibus

732 670 1091 729 concinnum,
1130 663 1467 734 placidisque
1511 663 1759 715 moribus
1805 662 2188 722 exhibuisset;
2221 660 2313 712 sed

732 764 882 814 velut
921 761 1180 813 omnibus
1202 758 1402 810 indicta
1438 764 1632 814 morte,
1677 755 1754 806 sic
1785 754 2116 806 irruentium
2150 752 2318 805 furia-

733 870 851 905 rum
886 853 1100 904 illarum
1139 849 1336 902 obtutu
1371 846 1704 899 tremebant.
1737 847 1968 909 Quidam
2004 860 2104 898 nec
2140 846 2316 897 solum

730 957 1012 1014 aspectum
1038 941 1323 999 ferebant;
1354 938 1602 992 nonnulli
1639 939 1742 990 sub
1769 939 2072 989 vicinorum
2098 937 2319 989 lectulis

731 1038 835 1090 sibi
867 1036 1105 1089 latebras
1132 1032 1491 1101 quaerebant;
1540 1040 1735 1099 puteos
1766 1031 1859 1083 alii
1887 1029 2181 1090 subibant;
2227 1028 2319 1080 alii

736 1126 1099 1195 apprehensis
1147 1124 1280 1180 aris.
1342 1138 1444 1175 nec
1495 1122 1596 1174 loci
1659 1123 1922 1190 religione
1955 1137 1983 1173 a
2017 1137 2075 1174 se
2113 1129 2318 1172 metum

733 1217 1102 1285 depellebant.
1140 1214 1251 1267 Nec
1271 1213 1469 1265 desunt
1501 1211 1594 1279 qui
1627 1211 1850 1280 indigne
1878 1210 2139 1272 ferentes,
2172 1207 2318 1278 quod

733 1323 840 1360 non
871 1306 1083 1372 pridem
1117 1305 1226 1356 vita
1252 1302 1651 1362 functiessent,
1677 1300 1913 1368 diruptis
1939 1300 2133 1352 loculis
2156 1308 2320 1367 atque

735 1399 985 1457 tumulis.
1007 1412 1072 1449 ac
1102 1395 1365 1448 cadavera
1391 1393 1694 1445 subeuntes
1714 1391 1894 1444 adhuc
1918 1391 2044 1444 tabo
2070 1389 2318 1452 ﬂuentia,

734 1509 834 1547 nec
866 1494 908 1543 si
948 1492 1071 1559 quis
1129 1488 1360 1556 propius
1390 1486 1678 1540 accederet
1715 1485 1800 1537 vel
1826 1485 2080 1552 spiritum
2116 1483 2320 1535 ducere

737 1584 1008 1644 sitientia,
1066 1595 1169 1633 nec
1223 1580 1304 1633 sic
1339 1579 1563 1647 quidem
1603 1580 1984 1645 sepulcrorum
2027 1576 2322 1628 eﬂ‘ossores

737 1677 860 1726 illos
889 1674 1062 1725 vitare
1102 1671 1402 1742 potuerint.
1451 1669 1553 1720 l’er
1582 1668 1776 1720 domos
1812 1669 2020 1721 clamor
2055 1666 2322 1719 audieba-

738 1779 847 1825 tur,
895 1782 957 1818 ac
989 1764 1082 1832 qui
1136 1762 1254 1815 heri
1305 1761 1579 1814 conducta
1634 1761 1798 1814 obolo
1847 1775 2012 1828 opera
2052 1758 2318 1820 fodiebat,

737 1859 900 1910 hodie
940 1854 1289 1909 sulfodiendo
1344 1853 1626 1906 civitatem
1670 1867 1903 1920 eamque
1934 1866 2138 1904 eruens
2167 1850 2322 1904 dives

735 1958 872 2001 erat.
936 1951 1214 2013 Cmnaquc
1264 1944 1342 1997 illi
1406 1944 1653 2012 opipara,
1711 1942 1799 1995 cui
1866 1941 2015 1995 sitim
2067 1939 2324 1995 levabant

735 2041 914 2092 fontes
939 2054 1001 2090 ae
1033 2038 1253 2104 frigida.
1309 2036 1512 2104 Fragor
1538 2049 1703 2104 porro
1728 2050 1791 2086 ac.
1816 2034 2016 2102 pulvis,
2053 2048 2322 2086 corruen-

738 2135 874 2184 tium
929 2130 1116 2198 procul
1154 2143 1434 2181 murorum
1469 2126 1676 2179 indicio
1700 2137 1876 2185 erant.
1919 2125 2217 2194 uxorisque
2260 2139 2324 2178 ac

741 2223 1041 2273 liberorum
1067 2218 1171 2271 sub
1204 2217 1270 2270 iis
1295 2215 1469 2269 ruinis
1504 2217 1854 2268 obrutorum.
1914 2214 1983 2268 lis
2004 2226 2191 2269 autem
2228 2213 2322 2283 qui

737 2311 1064 2379 superstites
1115 2316 1340 2371 essent,
1396 2305 1762 2359 aerumnosius
1797 2314 1916 2357 erat
1953 2305 2099 2373 quod
2131 2320 2321 2358 evase-

737 2413 880 2462 rant,
912 2415 1052 2467 quos
1089 2414 1198 2451 non
1238 2397 1438 2450 lateret
1460 2395 1693 2448 salutem
1719 2394 1864 2448 haud
1897 2395 2001 2448 sibi
2033 2397 2149 2449 lore
2177 2395 2319 2464 peri—

739 2498 865 2548 culo
901 2503 1072 2544 tutam
1098 2508 1110 2543 :
1146 2489 1214 2542 ad
1239 2490 1376 2542 alias
1403 2489 1550 2542 enim
1580 2488 1928 2542 ducebantur
1957 2488 2261 2557 angustias,
2289 2503 2320 2542 a

737 2589 940 2655 quibus
971 2583 1145 2637 Croesi
1174 2581 1420 2635 thesauri
1446 2581 1822 2649 exigerentur.
1859 2579 1971 2634 Nec
1998 2579 2194 2644 defuit,
2228 2579 2323 2633 ubi

737 2693 790 2733 et
824 2677 1027 2746 puella,
1059 2689 1182 2742 qua:
1215 2673 1271 2726 in
1301 2687 1465 2726 omne
1498 2679 1718 2740 tempus
1761 2672 2008 2724 virorum
2044 2672 2324 2741 inaspecta

738 2771 914 2823 oculis
940 2767 1190 2820 instituta
1216 2773 1386 2829 esset,
1426 2762 1482 2816 in
1516 2763 1650 2832 ipsis
1679 2765 2006 2818 verberibus
2039 2763 2322 2818 denudata

738 2860 1024 2914 occiderit.
1073 2857 1117 2912 0
1174 2855 1469 2919 insaniam,
1529 2872 1652 2924 qua:
1691 2872 1793 2910 nec
1825 2856 2077 2908 homines
2116 2856 2326 2924 liquido

2423 571 2703 638 σχόμενος.
2741 571 2882 622 Ἀλλ’
2919 569 3110 639 ὥσπερ
3141 572 3380 624 θανάτου
3424 573 3566 624 κατά
3602 573 3818 626 πάντων
3869 591 4007 640 προ-

2423 662 2740 729 ειρημένου,
2768 663 2911 714 οὕτω
2941 664 3171 731 ἔτρεμον
3204 663 3301 724 τὰς
3343 664 3585 732 Ἐριννῦς
3629 665 3844 724 ὲκείνας
3888 667 4010 715 επις

2419 754 2576 804 όνταε
2634 751 2890 818 ὁρῶντες.
2946 754 3007 802 (li
3069 753 3166 818 μὲν
3229 753 3322 803 καὶ
3373 753 3541 820 μόνην
3579 754 3673 821 τὴν
3734 753 3857 820 ὖψιν
3907 756 4009 804 οὒκ

2806 845 2854 894 οἱ
2904 844 2958 894 δὲ
3005 846 3143 907 cei;
3195 845 3391 904 αὐτοὺς
3453 844 3559 896 ὑπὸ
3600 845 3700 905 τὰς
3738 844 3846 896 τῶν
3891 859 4012 905 τει-

2421 936 2592 985 τόνων
2635 935 2906 1001 ἔκρυπτον
2959 935 3169 990 κλίναζ.
3208 936 3269 984 (li.
3298 934 3346 984 δ’
3391 935 3634 1004 ύπῄεσαν
3680 935 3929 1003 φρέατα’
3957 935 4013 984 οἱ

2421 843 2734 909 ἐνεγκόντες
2757 857 2771 872 ⁸

2419 1025 2498 1088 δὲ,
2563 1025 2671 1077 τῶν
2743 1025 2942 1094 βωμῶν
3017 1026 3290 1094 ἐχόμενοι,
3339 1026 3462 1076 ούξὲ
3511 1025 3602 1076 τὸν
3655 1031 3818 1078 τόπον
3857 1025 4016 1091 5'39:-

2422 1133 2552 1167 σκον
2609 1117 2948 1186 ἀφαιροῦντα
2980 1118 3160 1169 τι-τοῦ
3206 1118 3379 1179 δέους.
3434 1119 3555 1168 Εἰσὶ
3589 1118 3634 1168 δ’
3710 1121 3758 1169 οἱ
3814 1117 4018 1184 δυσχεο

2424 1209 2703 1276 ραίνοντες
2735 1206 2812 1274 τῷ
2849 1207 2922 1276 μὴ
2963 1208 3134 1258 πάλαι
3164 1208 3439 1267 τεθνάναι,
3493 1209 3588 1268 τάς
3627 1208 3797 1274 θήκας
3839 1208 4015 1276 ἀναῤ-

2423 1299 2746 1368 ῥηγνύντες,
2776 1301 2870 1350 καὶ
2919 1299 3045 1359 τοὺς
3090 1301 3318 1367 νεκροὺς
3375 1298 3650 1360 ὑπιόντες,
3704 1298 3783 1350 ἑτι
3831 1313 4011 1365 σηποο

2425 1390 2641 1458 μένους,
2708 1389 2803 1442 καὶ
2857 1388 2977 1457 μηδ’
3032 1390 3084 1440 εἴ
3142 1407 3220 1449 τις
3277 1391 3692 1458 προσεγγξσειεν
3745 1392 4011 1443 ἀναπνεῖν

2426 1479 2862 1549 συγχωροῦντας,
2880 1481 2985 1532 οὐδ’
3010 1481 3173 1532 αὑτοῦ
3193 1482 3318 1540 τοὺς
3343 1481 3738 1549 τυμϐωρύχους
3762 1482 4015 1542 ἐκείνους

2425 1565 2528 1623 οἷοί
2562 1589 2620 1623 τε
2672 1573 2922 1636 ἐγένοντο
2961 1572 3271 1640 διαδρᾶναι.
3306 1575 3412 1640 Βοὴ
3449 1573 3492 1624 δ’
3524 1576 3616 1624 ἐπὶ
3664 1576 3762 1636 τὰς
3807 1575 4011 1634 οἰκίας,

2424 1665 2519 1715 καὶ
2552 1665 2580 1715 ὁ
2611 1665 2869 1716 σκάπτων
2905 1665 3033 1732 χθὲς
3076 1664 3287 1728 ὀϐολοῦ,
3328 1667 3569 1734 σήμερον
3602 1670 4015 1719 κατασκάπτω

2423 1754 2521 1823 τὴν
2575 1756 2735 1808 πόλιν
2780 1755 3064 1808 ἐπλούτει·
3123 1759 3216 1809 καὶ
3262 1758 3554 1820 πολυτελὲς
3593 1758 3654 1810 τό
3699 1759 3941 1823 δεῖπνον,
3969 1754 4016 1823 ᾧ

2351 1819 2395 1876 Β
2427 1819 2690 1914 θεραπεία
2733 1846 2827 1899 τοῦ
2875 1847 3060 1916 δίψους
3129 1850 3184 1901 αἱ
3263 1851 3484 1918 κρῆναι.
3535 1819 3756 1912 itst
3809 1852 3865 1904 δὲ

2427 1939 2729 2008 κονιορτὸς,
2754 1940 3169 1992 καταπίπτοντα
3200 1941 3486 2010 πόρρωθεν
3515 1941 3706 2010 ἐδήλου
3734 1941 3802 1992 τά
3829 1941 4014 2008 τείχη,

2428 2034 2523 2085 καὶ
2569 2034 2828 2099 γυναικὸς
2881 2036 2978 2087 καὶ
3018 2034 3224 2087 παίδων
3263 2035 3428 2086 αὑτοῦ
3481 2037 4016 2104 καταχωννυμένων.

2429 2127 2552 2187 Τοῖς
2583 2125 2639 2178 δὲ
2687 2127 3126 2196 περιγινομένοις
3165 2127 3543 2196 ἀλγεινότερον
3596 2130 3658 2180 τὸ
3703 2129 4017 2196 διαφυγεῖν,

2430 2219 2625 2272 εἰδόσιν
2655 2219 2756 2272 οὐκ
2780 2218 3063 2272 ἀκίνδυνον
3085 2220 3266 2282 αὐτοῖς
3298 2221 3564 2288 ἐσομένην
3591 2220 3686 2290 τὴν
3713 2223 4017 2289 σωτηρίαν·

2430 2313 2629 2380 ήγοντο
2663 2311 2772 2379 γὰρ
2809 2311 2946 2380 πρὸς
2996 2312 3254 2381 δευτέρας
3290 2314 3555 2380 ἀνάγκας,
3594 2314 3721 2376 τοὺς
3775 2315 4020 2384 Κροίσου

2431 2403 2745 2471 θησαυροὺς
2786 2403 3201 2472 ἀπαιτούμενοι.
3246 2405 3355 2456 Καί
3395 2422 3500 2456 που
3548 2405 3644 2457 καὶ
3692 2405 3861 2473 κόρη,
3921 2407 4020 2455 τὸν

2429 2494 2650 2547 ᾶπαντα
2699 2494 2762 2562 δὴ
2793 2490 2987 2563 χρόνον
3024 2493 3337 2564 ὀφθαλμοὺς
3378 2496 3588 2565 ἀνδρῶν
3635 2495 3920 2564 διαδρᾶσα,
3959 2499 4022 2548 ὲν

2429 2587 2624 2647 αὑταῖς
2683 2588 2806 2648 ταῖς
2860 2586 3113 2655 μάστιξιν
3171 2585 3493 2656 ἐτελεύτησε
3538 2587 3916 2655 γυμνωθεῖσα.
3953 2591 4024 2639 Ὢ

2433 2677 2655 2745 μανίας,
2690 2675 2816 2747 μηδ’
2839 2677 3166 2747 ἀνθρώπους
3196 2679 3455 2748 καθαρῶς
3483 2681 3879 2750 συγχωρούσης
3911 2698 4017 2732 κα-

2432 2767 2642 2821 λεῖσθαι
2669 2770 2799 2833 τοὺς
2839 2769 3012 2823 ταῦτα
3043 2771 3450 2842 τετολμηκότας
3475 2775 3487 2825 !
3521 2774 3584 2824 Ὠ
3613 2771 3700 2827 οἷα
3739 2773 3835 2843 μὲν
3856 2774 4023 2842 ἑδρα-

2437 2876 2560 2923 σαν,
2588 2857 2680 2913 οἷα
2708 2863 2764 2914 δὲ
2795 2862 3094 2930 ὲπὲθηκανῑ

743 2955 966 3008 vocitari
1005 2953 1169 3014 sinat,
1201 2950 1403 3019 quibus
1427 2951 1565 3004 tanti
1589 2949 1704 3004 haec
1733 2950 1963 3004 sceleris
1988 2960 2322 3019 praasumpta
2358 2951 2508 3007 sint!
2573 2953 2617 3008 0
2651 2956 2837 3023 qualia
2870 2957 2977 3012 illis
3015 2956 3298 3026 designata
3328 2956 3597 3020 facinora,
3659 2958 3862 3027 quibus
3925 2975 4018 3013 sui

744 3060 930 3120 perata
960 3048 1198 3102 cumulis
1219 3048 1231 3099 l

813 3148 866 3198 7.
911 3145 1132 3197 Illorum
1169 3145 1352 3211 itaque
1384 3151 1503 3195 erat
1546 3140 1899 3209 superiorum
1937 3141 2206 3195 malorum
2229 3158 2326 3196 cu-

2505 3142 2568 3207 C'.
2615 3141 2872 3194 Ἐκείνων
2898 3141 2986 3212 ἀρ’
3025 3138 3114 3211 ἦν,
3150 3142 3537 3212 τοῖςυφθάσασι
3563 3147 3756 3206 κακοῖς
3786 3143 4022 3197 τοιαῦτα

745 3235 913 3295 mulo,
952 3242 1114 3286 tanta:
1144 3247 1230 3285 res
1267 3230 1568 3299 impietatis
1614 3230 1956 3290 adinvenire,
1987 3230 2322 3298 secutisque.

741 3339 933 3377 eorum
979 3339 1101 3391 quae
1149 3321 1268 3374 dira
1314 3321 1660 3390 punivissent
1711 3319 2109 3372 immanitatem
2175 3320 2331 3372 obte-

744 3434 894 3487 gere.
957 3417 1131 3482 Quam
1180 3416 1305 3484 quis
1357 3431 1386 3468 a
1441 3413 1576 3467 viris
1619 3413 2008 3482 praestantibus
2064 3414 2328 3481 majorem

744 3510 1099 3578 exquisiisset
1149 3523 1391 3578 pcenam,
1444 3523 1606 3576 quam
1640 3517 1698 3560 ut
1737 3522 1956 3562 carcere
1984 3515 2327 3569 tenerentur,

746 3602 1030 3670 virgisque
1064 3599 1584 3661 dehonestarentur,
1614 3614 1677 3652 ac
1713 3598 1905 3662 vincti,
1949 3597 2328 3653 maleﬁcorum

750 3709 902 3746 more
957 3691 1248 3745 sederent?
1299 3689 1432 3756 Quis
1488 3691 1691 3744 talibus
1733 3691 2070 3759 mancipatos
2110 3690 2326 3755 videns,

751 3802 860 3838 non
901 3784 1110 3838 fractus
1139 3784 1324 3836 animo
1353 3798 1419 3838 ac
1453 3784 1757 3847 emollitus,
1793 3784 2137 3852 fortunaeque
2160 3784 2327 3837 vicis-

756 3876 1034 3929 situdines
1069 3875 1378 3939 reveritus,
1433 3875 1520 3928 bis
1569 3890 1747 3944 poena
1791 3877 1954 3929 ﬁnem
2015 3876 2332 3929 statuisset?

750 3965 906 4021 Haud
961 3965 1248 4019 enimvero
1309 3964 1525 4033 impura
1585 3965 2089 4033 scelestissimaque
2149 3965 2330 4033 capita

751 4058 868 4111 haec
906 4058 1038 4110 satis
1065 4057 1346 4122 habuere;
1383 4058 1475 4110 sed
1522 4058 1629 4112 nisi
1671 4057 1896 4111 immani
1944 4056 2180 4127 quadam
2219 4067 2330 4110 tra-

753 4149 934 4219 guedia
969 4148 1190 4218 flagitiis
1240 4147 1450 4213 addita,
1483 4149 1621 4202 nihil
1651 4149 1756 4202 sibi
1784 4149 1920 4203 satis
1971 4163 2093 4204 esse
2159 4147 2330 4202 duce-

751 4241 907 4293 bant.
933 4239 1141 4308 Nempe
1183 4239 1365 4293 nudos
1401 4239 1456 4292 in
1485 4240 1719 4294 indusiis
1773 4241 2106 4303 educebant,
2138 4255 2202 4294 ac
2233 4240 2329 4309 qui

753 4330 956 4398 saepius
993 4345 1093 4397 pro
1126 4329 1344 4382 illorum
1373 4345 1438 4383 ac
1473 4330 1714 4383 civitatis
1746 4331 2004 4385 libertate
2053 4331 2332 4400 perfuncti

755 4422 1060 4475 certamine
1085 4431 1262 4484 erant,
1285 4421 1510 4476 funibus
1537 4438 1567 4476 a
1595 4423 1907 4477 cervicibus
1931 4423 2331 4492 mancipiorum

2433 3234 2824 3302 προσεξευρεῖν
2868 3233 3294 3303 δυσσεϐήματα·
3329 3238 3423 3287 καὶ
3462 3238 3577 3297 τοῖς
3625 3237 3872 3303 ὑστέροις
3921 3239 4023 3296 τας

2430 3327 2538 3378 τῶν
2571 3325 2852 3393 προτέρων
2903 3325 3094 3376 δεινῶν
3147 3324 3453 3394 ὑπερϐολὰς
3503 3326 3842 3395 ἀποκρύψαι.
3882 3328 4022 3378 Τίνα

2430 3416 2494 3470 ἄν
2517 3432 2601 3477 τις
2641 3415 2760 3467 κατ’
2785 3414 2997 3484 ἀνδρῶν
3043 3415 3188 3467 οὕτω
3241 3415 3491 3484 μεγάλων
3539 3416 3712 3485 μείζω
3746 3417 4024 3484 τιμωρίαι

2432 3503 2720 3575 ἐζήτησεν,
2749 3504 2980 3575 εἱρκτῆς
3015 3507 3114 3558 καὶ
3148 3507 3398 3574 πληγῶν,
3428 3506 3523 3560 καὶ
3569 3506 3665 3558 τοῦ
3695 3507 4023 3576 δεδεμένους

2432 3598 2622 3668 ὥσπερ
2643 3598 2770 3660 τοὺς
2801 3597 3162 3668 κακούργους,
3196 3597 3508 3667 καθῆσθαι;
3542 3598 3638 3660 Τίς
3662 3599 3888 3651 τοιαῦτα
3927 3615 4024 3649 πε-

2431 3689 2702 3752 πονθότας
2734 3690 2977 3750 ἐκείνους
3018 3689 3186 3758 ὁρῶν,
3219 3691 3318 3742 οὐκ
3349 3691 3414 3743 ἂν
3459 3690 3560 3759 τὴν
3592 3691 3790 3759 ψυχὴν
3814 3691 4022 3758 ἐδαμά-

2436 3781 2560 3851 σθη,
2589 3783 2686 3832 καὶ
2716 3780 2982 3849 λογισμὸν
3015 3780 3165 3849 ἔσχε,
3200 3783 3296 3833 καὶ
3329 3782 3429 3844 τὰς
3456 3783 3670 3852 τροπὰς
3709 3785 3812 3851 τῆς
3847 3784 4026 3853 τύχης

2433 3871 2778 3938 εὐλαϐηθεὶς,
2804 3870 2889 3941 [Ρ.
2915 3870 3044 3942 590]
3076 3871 3289 3932 τούτοις
3313 3875 3412 3940 τὴν
3447 3876 3718 3946 τιμωρίαν
3746 3875 4021 3945 ὡρίσατος

2445 3963 2585 4016 Ἀλλ’
2615 3965 2676 4016 οὐ
2703 3963 2800 4016 καὶ
2823 3965 2935 4024 τοῖς
2961 3965 3178 4033 μιαροῖς
3204 3964 3436 4027 ἐκείνοις
3462 3967 3635 4019 ταῦτα
3664 3967 3984 4038 ἀπέχρησεν
4009 3985 4022 3996 ·

2434 4057 2546 4110 ἀλλ’
2572 4057 2621 4107 εί
2654 4057 2728 4125 μή
2760 4072 2884 4108 τινα
2909 4058 3034 4120 ταῖς
3061 4057 3353 4126 πονηρίαις
3391 4058 3680 4128 προσθεῖεν
3712 4062 4028 4130 τραγῳδίαν

2433 4147 2825 4217 ἀπάνθρωπον,
2866 4148 3019 4201 οὐδὲν
3067 4148 3316 4217 ἐνόμιζον
3346 4150 3619 4218 ἐξαρκεῖν.
3657 4151 3883 4220 Ἐξῆγον
3923 4155 4024 4222 μὲν

2433 4240 2498 4308 δὴ
2537 4240 2779 4308 γυμνοὺς
2809 4240 2869 4290 εν
2910 4241 3025 4302 τοῖς
3063 4241 3430 4308 χιτωνίσκοις,
3465 4244 3560 4294 καὶ
3592 4244 3720 4305 τοὺς
3751 4244 3892 4314 ὑπὲρ
3923 4245 4026 4312 τῆς

2437 4331 2752 4402 ἐλευθερίας
2779 4331 2964 4384 αὐτῶν
2994 4348 3054 4384 τε
3073 4331 3170 4384 καὶ
3199 4332 3299 4399 τῆς
3339 4333 3548 4397 πόλεως
3575 4336 3836 4399 πολλάκις
3873 4340 4026 4406 ig?»-

2436 4425 2747 4492 νισμένους,
2775 4420 2959 4476 εἷλκον
2983 4424 3092 4477 ἀπὸ
3121 4425 3229 4477 τῶν
3265 4425 3532 4494 αὐχένων,
3585 4423 3760 4482 οἷατά
3782 4429 3894 4482 τῶν
3925 4433 4026 4482 ἀν-

757 4529 908 4568 more
942 4512 1252 4566 trahebant.
1284 4511 1388 4567 Hic
1417 4530 1610 4567 servus
1633 4515 1830 4568 herum
1855 4516 2150 4580 trudebat;
2183 4532 2326 4568 man-

2437 4515 2736 4586 δραπόδων,
2769 4515 3045 4584 σχοινίοις,
3093 4516 3360 4569 Ἐνταῦοα
3403 4518 3593 4582 δοῦλος
3654 4521 3754 4589 μὲν
3790 4522 3885 4574 τὸν
3934 4523 4025 4576 δε-

755 4607 986 4675 cipium,
1030 4621 1061 4660 a
1111 4621 1222 4675 quo
1277 4607 1458 4677 pretio
1515 4607 1833 4677 redemptus
1877 4617 2032 4662 erat:
2069 4610 2331 4673 rusticus,

760 4701 1047 4753 ductorem
1087 4700 1367 4753 exercitus
1393 4717 1407 4764 ;
1437 4700 1692 4764 militem,
1718 4700 1884 4754 homo
1930 4701 2206 4769 agricola;
2236 4716 2335 4753 cu-

752 4793 844 4859 jus
863 4790 1064 4858 opibus
1097 4790 1254 4843 multi
1279 4791 1512 4858 patriam
1541 4790 1784 4860 adiutam
1813 4799 2106 4854 noverant,
2131 4805 2338 4859 egenus

758 4882 982 4950 otioque
1017 4880 1322 4946 maleﬁcus,
1357 4882 1767 4953 ducebantqu‘e,
1795 4899 1906 4953 quo
1937 4898 2034 4939 eos
2083 4883 2206 4938 loco
2237 4897 2337 4937 ne-

757 4988 852 5028 ces
880 4975 1194 5027 manebant.

831 5147 882 5200 8.
917 5147 960 5201 0
991 5147 1292 5211 civitatem,
1345 5148 1402 5202 in
1437 5163 1545 5217 qua
1575 5149 1783 5205 invidis
1831 5150 2172 5208 damonibus
2203 5155 2338 5209 tales

761 5247 892 5292 sunt
941 5239 1102 5292 edita;
1132 5239 1382 5294 choreae!
1441 5241 1486 5295 0
1550 5257 1756 5305 muros,
1814 5244 2006 5312 quales
2043 5247 2341 5300 eXStinctas

762 5330 1090 5398 suscepistis
1125 5332 1344 5384 turres!
1396 5331 1440 5385 0
1475 5334 1618 5386 meri
1655 5335 1946 5401 ambitum,
1988 5347 2337 5408 septumque,

762 5436 831 5475 ex
855 5435 964 5491 quo
993 5422 1072 5476 illi
1109 5424 1309 5491 sepius
1333 5423 1531 5493 fugatis
1562 5425 1835 5490 hostibus,
1860 5429 2150 5484 acerbiora
2177 5447 2341 5500 quam

765 5529 865 5582 pro
895 5515 1166 5569 victorum
1199 5518 1410 5571 ratione
1461 5519 1774 5574 sustinuere
1825 5523 2003 5575 malai
2044 5522 2252 5592 Nempe
2285 5525 2340 5578 in

769 5622 976 5671 muros,
1008 5608 1211 5662 vinctis
1237 5609 1510 5673 manibus,
1547 5611 1925 5667 maleficorum
1957 5629 2134 5680 more,
2183 5614 2340 5670 nefa-

769 5699 839 5752 rii
870 5697 1146 5754 ducebant
1169 5717 1184 5766 ;
1207 5711 1441 5755 mortem
1469 5704 1582 5773 jam
1613 5720 1643 5758 e
1677 5705 1859 5760 vicino
1889 5709 2200 5762 venientem
2226 5724 2343 5762 cer-

771 5797 966 5845 nentes
1014 5793 1223 5856 miseri,
1259 5794 1458 5850 animis
1501 5796 1844 5868 fugitabant:
1880 5816 1942 5855 ac
1989 5801 2069 5854 illi
2118 5802 2339 5872 quidem

2440 4605 2642 4672 σπότην
2665 4604 2795 4656 ὤθει
2827 4621 2842 4636 ο
2880 4605 2971 4658 τὸν
2998 4606 3054 4658 δὲ
3074 4606 3401 4676 πριάμενον,
3429 4609 3490 4661 τὸ
3535 4611 3904 4681 ἀνδράποδον·
3933 4615 4028 4666 τὴν

2437 4698 2495 4750 δὲ
2523 4697 2848 4766 στρατηγὸν,
2913 4699 2942 4750 ὸ
2996 4699 3256 4767 ἀγροῖκος
3282 4714 3297 4728 ⁸
3329 4703 3423 4752 καὶ
3458 4701 3554 4753 τὸν
3592 4705 3933 4775 στρατιώτην
3955 4749 3968 4771 ,
3999 4710 4031 4759 ό

2439 4789 2684 4859 γεωργός
2709 4805 2722 4818 ·
2754 4782 2798 4855 ᾧ
2825 4789 2870 4842 δ’
2898 4791 2964 4842 ὲκ
2991 4791 3105 4843 τῶν
3154 4791 3327 4845 ὄντων
3366 4793 3552 4848 πολλοὶ
3580 4797 3878 4865 συνῄδεσαν
3927 4801 4031 4868 τὴν

2439 4880 2672 4948 πατρίδα
2700 4879 3034 4949 ὼφεληκότι,
3090 4884 3118 4936 ὁ
3164 4885 3504 4956 ἄπορος-καὶ
3553 4891 3881 4958 κακουργῶν
3937 4893 4031 4943 διὰ

2442 4974 2765 5044 τῆςάργίας,
2799 4975 2893 5026 καὶ
2931 4976 3169 5045 ἀπῆγον,
3197 4973 3261 5032 οὗ
3292 4981 3615 5048 γενομένους
3641 4981 3746 5034 ἔδει
3765 4983 4026 5048 δέξασθαι

2438 5067 2538 5135 τὴν
2567 5069 2801 5136 σφαγήν.

2511 5156 2583 5224 η’.
2633 5160 2696 5211 Ὢ
2722 5160 2955 5226 πόλεως,
2989 5162 3047 5213 ιν
3077 5156 3111 5235 ᾖ
3141 5162 3359 5232 δαίμοσι
3377 5164 3658 5234 φθονεροις
3689 5182 3760 5219 τα
3795 5186 4026 5222 τοιαυτα

2443 5249 2761 5318 ὲχὸρευσανῑ
2799 5253 2862 5302 Ὢ
2886 5252 3268 5321 τειχῶν,οῖους
3296 5255 3741 5325 ἀποθνήσκοντας
3761 5260 4026 5327 ἐδέξασθε

2444 5341 2709 5409 πύργουςι
2745 5344 2808 5394 Ὢ
2837 5345 3149 5411 περιϐόλου,
3183 5347 3275 5415 ἀφ’
3296 5339 3358 5400 οὗ
3392 5347 3654 5413 πολλάκις
3679 5351 3876 5405 ἐκεῖνοι
3898 5371 4023 5423 τρε-

2441 5437 2673 5506 ψάμενοι
2704 5456 2829 5501 τους
2864 5441 3115 5512 εχθροὺς,
3152 5443 3295 5512 μετά
3317 5444 3418 5506 τὰς
3467 5446 3622 5509 νίκας
3668 5445 3872 5499 ἔπαθον
3915 5448 4024 5499 τῶν

2444 5534 2762 5602 ἡττημένων
2796 5539 3098 5607 πικρότερα
3126 5540 3138 5592 !
3168 5540 3231 5591 οι
3265 5541 3363 5609 μὲν
3391 5541 3598 5611 ἀνῆγον
3628 5544 3720 5594 ἐπὶ
3748 5545 3818 5596 τά
3841 5545 4021 5613 τείχη,

2442 5626 2534 5678 τὸν
2575 5626 2687 5680 τῶν
2752 5629 3080 5699 κακούργων
3128 5633 3352 5700 τρόπον,
3382 5633 3696 5704 δεδεμένους
3722 5634 3798 5689 τὼ
3830 5641 3981 5707 χεῖρε
4006 5654 4024 5670 ο

2444 5719 2494 5771 οι
2515 5719 2560 5770 δ’
2589 5723 2984 5789 ἀνεστρέφοντο
3031 5724 3129 5785 τὰς
3177 5723 3374 5794 ψυχάς,
3428 5727 3526 5796 τὴν
3555 5728 3813 5798 τελευτὴν
3842 5732 3940 5783 καὶ
3965 5732 4025 5800 δὴ

2447 5813 2785 5879 προσιοῦσαν
2812 5815 3080 5884 ὁρῶντες·
3131 5819 3224 5870 καὶ
3271 5820 3319 5872 ei
3361 5820 3478 5889 μὲν,
3515 5821 3740 5891 ἤπειγον
3768 5823 3894 5886 τοὺς
3925 5825 4027 5876 ὑπὸ
