4174 6442
158 409 260 470 σιτ)

1077 403 1416 463 MONODIA
1458 402 1887 463 OCCISORUM
1918 403 2518 462 THESS.\I.ONIC.E.

3312 399 3419 466 650

157 519 248 571 τοῦ
286 516 442 578 δέους
476 512 902 584 ἐκλελυμένους·
943 511 994 564 oi
1014 511 1070 564 δὲ
1093 512 1392 582 χρημάτων
1407 511 1733 581 ἐμέμνηντο’

1862 521 1990 566 netu
2021 511 2321 565 dissolutos
2345 528 2408 565 ac
2438 512 2773 566 collabcntes
2831 512 3121 581 urgebant,
3150 513 3204 566 hi
3248 530 3413 581 pecu-

158 612 205 664 ol
231 611 278 664 δ’
308 607 545 662 ἐνταῦθα
573 606 734 676 μόνον
760 604 858 674 τήν
886 603 1296 673 μεγαλοψυχίαν
1327 602 1614 672 ἐτίμησαν
1644 603 1736 655 καὶ

158 705 205 755 oi
242 700 362 770 μὲν,
386 692 462 752 ὧν
483 694 544 750 εὖ
581 697 836 766 ἔδρασαν,
869 695 996 760 τοὺς
1025 696 1284 757 ἕλκοντας
1301 694 1734 763 ἀνεμίμνησκον·

158 793 209 846 οι
233 793 279 845 δ’
302 789 624 860 ὠργίζοντο,
657 782 733 840 ὧν
763 785 826 840 εὖ
866 785 1210 839 πεπόνθεσαν
1238 787 1317 848 είς
1368 786 1593 855 μνήμην
1634 783 1739 835 idv-

157 897 272 945 τες.
303 877 487 932 υίκίαι
531 877 918 946 διηρευνῶντο,
965 874 1249 942 ὑπόνομοι,
1301 873 1494 943 ἄντρα,
1552 873 1736 942 τάφοι,

161 973 270 1025 πᾶν
297 973 325 1024 ὃ
349 989 400 1022 τι
426 969 692 1040 κρύπτειν
714 968 946 1038 ἠδύνατο
965 983 978 996 ·
996 967 1092 1020 καὶ
1116 968 1166 1020 οἱ
1195 967 1293 1038 μὲν
1323 966 1740 1036 συλληφθέντες,

157 1065 442 1132 ἀπήγοντο
468 1103 484 1126 ,
512 1063 562 1114 oi
590 1061 636 1114 δ’
663 1061 904 1122 ἐκείνους
948 1059 1183 1130 ὁρῶντες
1208 1059 1304 1112 καὶ⁵
1345 1057 1641 1126 φεύγοντες
1667 1060 1743 1120 ὡς

160 1156 432 1225 πολεμίαν
451 1153 552 1225 τὴν
599 1155 777 1216 πόλιν,
840 1151 945 1215 ἔξω
1013 1153 1155 1219 σφᾶς
1209 1150 1408 1213 αὐτοὺς
1487 1148 1743 1219 ἔρριπτον

160 1247 274 1300 ἀπὸ
310 1244 422 1298 τῶν
454 1245 652 1314 τειχῶν
677 1260 693 1274 ·
748 1243 1004 1297 τοσοῦτον
1048 1239 1452 1311 κερδαίνοντες,
1485 1240 1609 1292 ὅσον
1667 1241 1742 1308 μὴ

157 1337 253 1389 τὸν
279 1336 391 1388 τῶν
418 1336 744 1405 κακούργων
771 1333 972 1404 τρόπον
1016 1329 1376 1386 ἀπολωλέναι.
1419 1330 1528 1395 Ὧς,
1575 1331 1635 1382 τό
1678 1347 1744 1398 γε

159 1429 368 1493 θανεῖν,
392 1429 502 1480 οὐδ’
527 1427 758 1489 ἐκείνοις
784 1423 851 1497 ἦν
875 1425 1158 1492 ἐκφυγεῖν.
1188 1424 1295 1492 Βοὴ
1335 1422 1388 1476 δὲ
1413 1424 1507 1476 καὶ
1534 1423 1745 1491 δάκρυα

158 1520 470 1591 πανταχοῦ,
503 1520 614 1574 τῶν
645 1519 984 1588 ἑλκομένων,
1007 1517 1117 1569 τῶν
1152 1517 1485 1586 φευγόντων,
1513 1515 1622 1567 τῶν
1643 1533 1746 1567 πα-

156 1613 466 1682 τουμένων,
485 1610 596 1662 τῶν
621 1607 1054 1679 εὑρισκομένων,
1086 1608 1196 1660 τῶν
1230 1609 1639 1675 σφαττομένων.

233 1878 304 1934 θ’.
340 1881 406 1931 Ὢ
462 1878 594 1948 ποία
639 1875 916 1948 τραγωδίᾳ
972 1875 1148 1929 ταῦτα
1201 1876 1307 1945 χρὴ
1355 1876 1747 1945 παραδάλλειν;

158 1971 360 2031 Ποὶαις
380 1969 438 2020 δὲ
463 1969 671 2020 πόλεων
702 1967 1038 2036 συμφοραῖςς
1089 1966 1132 2018 Τ
1140 1967 1246 2029 ίνες
1295 1965 1351 2018 δέ
1391 1966 1616 2034 ποιηταὶ
1637 1968 1752 2028 τοῖς

158 2061 445 2121 τοσούτοις
477 2061 667 2121 κακοῖς
689 2057 914 2128 ᾷσονται
941 2059 1290 2129 προσήκοντα
1315 2058 1480 2128 mihi;
1504 2059 1567 2110 Ὢ
1595 2058 1750 2112 πάντ’

159 2155 385 2224 ἐφορῶν
403 2154 543 2222 ἡλιε,
571 2149 729 2203 τοῦτο
760 2149 816 2202 δὲ
842 2149 1054 2202 οὐδέπω
1079 2152 1197 2204 ποτ’
1229 2151 1464 2213 ἐπεῖδες,
1496 2151 1615 2203 οἵαν
1639 2151 1750 2204 τότ’

157 2246 392 2314 ἀφῆκας
427 2245 641 2307 ἀκτῖνα,
667 2241 852 2310 πάσης
898 2243 1237 2312 ἀηδεστέραν
1264 2243 1456 2306 νυκτός
1485 2245 1497 2297 !
1521 2245 1754 2296 Ἀνεῖλον

163 2339 271 2407 μὲν
286 2337 416 2397 τοὺς
433 2336 631 2405 ἄνδρας
645 2336 738 2387 ἐπὶ
752 2336 876 2398 τοὺς
893 2335 1158 2403 πύργους,
1173 2337 1206 2404 ή
1217 2335 1270 2388 δὲ
1291 2335 1444 2398 πόλις
1462 2337 1756 2406 ἐμερίσατο

158 2431 228 2480 τὺ
258 2429 461 2480 κακόν·
493 2429 586 2479 καὶ
615 2429 664 2479 oi
696 2428 798 2496 μὲν
861 2427 1145 2488 διακόνους
1176 2427 1374 2488 αὐτοὺς
1412 2427 1505 2480 τοῦ
1551 2425 1756 2496 μύσους

160 2522 382 2573 ἐκείνου
411 2520 736 2572 καθίσταντο
759 2537 774 2551 ·
802 2522 850 2571 οἱ
884 2518 929 2571 δ’
956 2519 1147 2588 ῶσπερ
1177 2519 1307 2572 θέαν
1347 2519 1754 2582 καταλαϐόντες

158 2612 450 2682 ἐτρύφων.
471 2612 575 2664 Καὶ
594 2611 647 2663 οί
684 2611 783 2680 μέν
798 2611 1006 2664 ἀνωθεν
1025 2609 1200 2663 ὤθουν
1222 2625 1234 2637 ·
1258 2611 1306 2662 οἱ
1331 2610 1377 2662 δ’
1410 2611 1754 2675 ὑποτιθέντες

159 2708 269 2768 τὰς
302 2705 416 2756 τῶν
447 2704 617 2772 ξιφῶν
641 2703 866 2772 αἰχμὰς,
890 2704 1135 2773 ἐδέχοντο
1166 2703 1496 2772 μετεώρους.
1522 2705 1631 2756 Καὶ
1659 2705 1754 2756 τοῦ

163 2800 276 2867 μὲν
323 2795 673 2865 συνετρίϐετο
697 2795 907 2864 κεφαλή
929 2812 942 2824 ·
969 2793 1062 2846 τοῦ
1088 2795 1145 2847 δὲ
1173 2795 1476 2864 ἐγκέφαλος
1495 2795 1754 2865 ἐξεχεῖτω

158 2891 265 2944 τοῦ
287 2891 370 2955 δὲ,
398 2890 496 2959 τὴν
514 2887 740 2961 [Ρ.591]
761 2887 1003 2956 γαστέρα
1056 2887 1521 2958 ἀναῤῥηγνύντες,
1548 2886 1752 2957 ἀομηδέ

161 2981 399 3050 βλέπειν
425 2980 582 3047 θέμις
617 2977 848 3047 ἐζήτουν
871 2993 883 3004 '
921 2978 1014 3030 καὶ
1041 2977 1136 3029 τοῦ
1159 2979 1256 3046 μὲν
1289 2977 1604 3029 ἀπέκοπτον
1638 2977 1762 3028 σκέ-

162 3073 261 3134 λος
283 3085 297 3098 ·
330 3070 429 3124 τοῦ
461 3072 518 3124 δέ
539 3070 698 3140 ῥάχιν
732 3068 972 3133 ἐξεῖλκον
989 3086 1002 3099 ο
1031 3069 1122 3122 τοῦ
1145 3069 1201 3121 δέ
1235 3068 1304 3120 τὰ
1329 3068 1613 3137 σπλάγχνα
1637 3072 1758 3132 ταῖς

1842 603 2055 656 niarnm
2079 603 2443 657 meminerant
2469 621 2482 656 :
2508 602 2597 655 hic
2625 611 2855 665 tantum,
2882 605 2972 658 hic
3000 605 3418 675 magnificentiae

1844 694 1986 748 ratio
2019 695 2225 748 habita.
2255 696 2332 749 Ac
2363 694 2589 764 quidem
2635 693 2856 748 infausti
2905 695 3180 759 homines,
3214 697 3420 768 quibus

1844 785 2147 838 affecerant
2182 784 2468 839 beneficiis
2517 785 2801 839 trahentes
2830 785 3266 851 submonebant;
3312 786 3418 848 illi,

1843 874 2049 942 quibus
2075 872 2258 927 affecti
2294 872 2578 928 beneﬁciis
2604 883 2814 935 essent,
2862 874 2917 928 in
2950 878 3271 930 memoriam
3327 893 3416 932 re-

1845 966 2074 1031 vocatis,
2119 964 2229 1020 iras
2258 965 2656 1020 accendebant.
2691 969 2911 1032 Domos,
2943 983 3167 1029 cuneos.
3199 986 3414 1039 specus,

1846 1057 2108 1120 tumulos,
2144 1072 2210 1110 ac
2243 1056 2510 1126 quidquid
2547 1058 2787 1112 latebras
2824 1060 3141 1114 ministrare
3183 1072 3415 1130 poterat,

1848 1148 2230 1202 rimabantur:
2267 1163 2330 1202 ac
2354 1149 2447 1217 qui
2479 1149 2864 1218 comprehensi
2889 1162 3098 1216 essent.
3134 1152 3420 1210 duceban-

1849 1250 1974 1305 tur;
2000 1240 2094 1293 alii
2124 1239 2394 1303 videntes,
2417 1256 2482 1296 ac
2515 1241 2665 1295 velut
2696 1241 2950 1297 hostilem
2984 1244 3176 1297 urbem
3209 1244 3424 1314 fugien-

1851 1340 1954 1393 tes,
1985 1344 2016 1383 e
2046 1330 2217 1383 muris
2249 1329 2396 1384 foras
2431 1329 2533 1398 ipsi
2564 1344 2623 1385 se
2671 1329 2982 1398 praecipites
3026 1330 3230 1384 dabant
3257 1346 3272 1394 ;
3316 1331 3422 1386 hoc

1851 1418 1959 1474 illis
1985 1419 2331 1485 compendio,
2373 1427 2434 1472 ut
2457 1435 2523 1472 ne
2549 1417 2922 1472 maleficoruin
2973 1433 3121 1472 more
3155 1421 3422 1488 perirent.

1848 1511 1982 1564 Nam
2033 1511 2238 1580 alioqui
2267 1525 2372 1563 nec
2424 1510 2524 1578 ipsi
2585 1519 2818 1564 mortem
2869 1511 3104 1564 evadere
3147 1519 3422 1580 poterant.

1847 1603 2067 1658 Clamor
2099 1603 2343 1671 undique
2377 1618 2440 1656 ac
2470 1602 2650 1666 fletus,
2683 1617 2876 1656 eorum
2909 1603 3002 1672 qui
3052 1604 3425 1666 traherentur,

1849 1695 1944 1763 qui
1974 1694 2292 1762 fugitarcut,
2320 1692 2414 1762 qui
2475 1693 2709 1761 pedibus
2750 1694 3159 1755 obtererentur,
3205 1695 3298 1762 qui
3332 1695 3428 1749 de-

1855 1785 2348 1852 prehenderentur,
2371 1785 2466 1853 qui
2493 1786 2898 1854 iugularentur.

1923 1877 1976 1928 ‘J.
2009 1875 2052 1928 0
2088 1876 2178 1928 cui
2212 1875 2326 1927 lucc
2351 1875 2686 1927 conferenda
2714 1874 2979 1943 tragmdia
3003 1873 3026 1926 ?
3054 1873 3257 1943 quibus
3279 1887 3429 1928 com-

1853 1967 2101 2035 ponenda
2125 1966 2342 2020 urbium
2375 1966 2659 2021 cladibus?
2681 1966 2912 2032 Quinam
2941 1977 3138 2035 poetae,
3160 1984 3281 2036 qua:
3311 1976 3428 2022 tan-

1857 2058 1925 2110 tis
1979 2068 2287 2127 congruant
2345 2059 2527 2122 malis,
2588 2058 2846 2113 occinant
2899 2059 3144 2112 carmina
3176 2060 3200 2112 ?
3231 2060 3275 2114 Ο
3331 2059 3430 2128 qui

1853 2151 2275 2213 omnialustras,
2293 2150 2516 2214 sel,uec
2540 2165 2654 2204 rem
2682 2151 2949 2220 ejusmodi
2981 2167 3221 2220 unquam
3250 2151 3429 2205 adhuc

1854 2243 2091 2304 videras,
2127 2243 2344 2310 qualem
2382 2252 2514 2297 tunc
2538 2242 2730 2296 misisti
2761 2241 2996 2305 radium,
3023 2242 3169 2297 omni
3197 2243 3432 2296 amario-

1857 2349 1971 2387 rcm
2026 2335 2233 2388 nocte?
2283 2336 2442 2389 Viros
2477 2336 2531 2389 in
2591 2336 2837 2389 turribus
2886 2337 3256 2400 trucidabant,
3312 2352 3431 2391 ma-

1856 2427 2078 2497 lumque
2108 2426 2300 2481 civitas
2340 2428 2590 2496 partibus
2641 2428 2942 2482 dividebat.
2977 2429 3052 2481 Ac
3085 2429 3306 2496 quidem
3339 2429 3433 2483 alii

1859 2520 2021 2589 hujus
2050 2535 2107 2573 Se
2135 2521 2364 2574 sceleris
2406 2521 2692 2574 ministros
2731 2520 3104 2586 exhibebant;
3141 2522 3232 2576 alii
3285 2522 3436 2577 velut

1857 2613 2234 2680 spectaculum
2277 2612 2445 2672 nacti,
2471 2628 2583 2665 rem
2617 2612 2668 2664 in
2685 2610 2900 2665 deliciis
2930 2611 3227 2667 ducebant.
3272 2613 3376 2666 Alii
3403 2629 3435 2667 e

1856 2702 2237 2771 superioribus
2290 2704 2594 2771 jactahant,
2628 2704 2718 2757 alii
2775 2704 3044 2774 subjectis
3076 2705 3437 2758 mucronibus

1856 2810 1920 2847 ex
1965 2810 2091 2849 acre
2128 2803 2372 2849 rotanfcs
2399 2795 2751 2864 excipiebant
2780 2813 2791 2847 ε
2821 2805 2984 2864 atque
3017 2796 3180 2860 hujus
3212 2796 3435 2864 quidem

1859 2884 2016 2937 alliso
2063 2885 2265 2953 capite,
2305 2885 2452 2937 illius
2485 2883 2662 2938 effuso
2720 2883 2970 2946 cerebro,
3007 2882 3165 2936 istius
3211 2882 3438 2950 dirupto

1858 2985 2071 3039 ventre,
2116 2991 2238 3042 qua:
2288 2984 2343 3026 et
2393 2975 2550 3028 nefas
2605 2975 2792 3028 videre
2842 2974 3218 3028 rimabantur:
3269 2982 3438 3042 atque

1861 3068 2023 3135 hujus
2060 3068 2280 3136 quidem
2314 3083 2444 3120 crus
2473 3067 2851 3137 amputabant,
2885 3069 3028 3120 illius
3053 3069 3264 3136 spinam
3287 3069 3434 3121 dorsi

162 3160 366 3229 χερσὶν
384 3157 679 3226 ἐξεφόρουν
697 3173 712 3188 ·
741 3159 831 3210 καὶ
850 3158 878 3210 ό
912 3158 1033 3227 μὲν,
1070 3157 1278 3210 ἀνωθεν
1295 3157 1495 3223 πεσὼν,
1528 3158 1625 3210 καὶ
1653 3159 1758 3226 πρὸ

1862 3157 2246 3219 cxtrahehant,
2291 3157 2519 3212 alterius
2545 3157 2803 3212 intestina
2834 3159 3087 3211 ma‘uihus
3110 3159 3434 3213 efferebant.

158 3254 272 3320 τῆς
300 3251 407 3318 γῆς
441 3251 553 3312 τοῖς
581 3247 792 3318 ξίφεσιν
808 3251 1174 3318 ἐντυγχάνων,
1205 3248 1582 3319 ἀπέθνησκεν⁹
1603 3249 1680 3318 τῷ
1701 3250 1758 3301 δὲ

166 3345 354 3411 μήπω
391 3341 636 3402 πεσόντι,
667 3342 762 3392 καὶ
789 3341 888 3408 τῆς
916 3340 1172 3408 τελευτῆς
1221 3341 1403 3410 χεῖρον
1439 3341 1502 3392 τὸ
1533 3341 1760 3396 τοιαῦτα

161 3435 312 3502 ὁρᾷν
370 3426 472 3485 κάν
521 3435 634 3494 τοῖς
677 3432 788 3484 τῶν
840 3431 1010 3499 φίλων
1048 3431 1318 3500 σώμασιν,
1375 3426 1462 3484 οἷα
1513 3435 1761 3487 πείσεται

165 3526 323 3595 μετά
369 3525 432 3576 τὸ
487 3524 691 3592 πτῶμα
741 3523 1057 3593 μανθάνειν.
1105 3523 1166 3576 Εἰ
1216 3523 1272 3576 δέ
1319 3541 1404 3583 τις
1459 3527 1763 3578 κατέπεσεν

165 3617 443 3687 ἡμιθνὴς,
485 3615 578 3668 καὶ
618 3614 911 3682 φείσασθαι
947 3614 1041 3667 τοῦ
1074 3613 1266 3667 λοιποῦ
1310 3616 1422 3668 τῶν
1463 3618 1762 3685 μιαιφόνων

161 3711 374 3769 ἐδεῖτο,
412 3707 756 3776 μακρότερον
802 3705 940 3774 ὁμοῦ
985 3705 1079 3758 καὶ
1115 3707 1442 3776 πικρότερον
1489 3707 1639 3776 αὐτῷ
1671 3707 1763 3758 τὸν

164 3799 417 3851 Θάνατον
449 3793 852 3858 κατεσκεύαζε.
885 3796 996 3849 Καὶ
1033 3799 1062 3848 ό
1112 3797 1212 3866 μὲν
1245 3797 1346 3868 ήδη
1381 3798 1578 3862 θανὼν,
1622 3801 1762 3868 ὴμέ-

161 3893 360 3945 λεῖτο·
388 3891 482 3942 ἐπὶ
510 3890 568 3942 δέ
605 3891 733 3951 τοὺς
762 3890 841 3942 ἐτι
882 3888 1215 3959 σπαίροντας
1283 3891 1432 3942 πᾶσα
1481 3891 1601 3960 χεὶρ
1645 3893 1764 3942 ἐκι-

159 3988 342 4038 νεῖτο.
360 3984 573 4044 Πάντας
596 3983 681 4050 δὴ,
702 3982 909 4044 πάντας
926 3981 1161 4052 τρόπους
1182 3981 1529 4036 ἀπώλλυσαν.
1547 3981 1765 4044 Πολλοῖς

157 4076 228 4129 δὲ
284 4075 397 4126 οὐδ’
423 4078 455 4142 ή
481 4075 708 4144 τελευτὴ
728 4076 794 4126 τά
818 4074 1048 4143 σώματα
1075 4076 1394 4146 παρῃτεῖτο.
1413 4074 1553 4126 Ἀλλ’
1574 4074 1764 4144 ὥσπερ

157 4171 291 4230 τοῖς
319 4169 536 4234 νεκροῖς
566 4166 665 4235 τῆς
689 4165 1014 4235 ὁλοκληρίας
1042 4165 1387 4234 φθονοῦντες,
1415 4169 1508 4220 ἐπὶ
1533 4168 1601 4219 τὰ
1627 4169 1764 4237 μέλη

158 4259 516 4330 τρεπόμενοι
542 4260 658 4320 τοῖς
689 4257 827 4328 μετά
857 4256 1030 4310 ταῦτα
1052 4257 1160 4311 τῶν
1184 4259 1463 4326 συγγενῶν
1487 4259 1764 4330 ζητοῦσιν,

160 4349 420 4417 ἀδήλους
455 4349 680 4411 τούτους
714 4339 955 4401 ἐποίουν.
988 4347 1228 4416 Σώματα.
1252 4349 1308 4400 δὲ
1343 4349 1634 4402 ἐνέπιπτον
1666 4353 1768 4402 σώ-

168 4455 324 4505 μασι
343 4456 358 4468 σ
383 4437 690 4505 ἐγκέφαλος
719 4437 774 4489 δὲ
800 4438 892 4489 καὶ
912 4433 1052 4505 αἷμα.
1078 4439 1171 4488 καὶ
1200 4438 1346 4501 κόνις
1365 4441 1459 4490 καὶ
1481 4439 1768 4509 σπλάγχνα

1863 3248 2039 3315 Atque
2077 3248 2167 3302 hic
2196 3248 2418 3316 quidem
2458 3264 2489 3302 e
2529 3250 2750 3304 sublimi
2784 3252 3008 3311 cadens,
3044 3267 3169 3304 cum
3203 3251 3438 3304 necdum

1865 3354 2066 3398 terram
2098 3345 2390 3414 attigisset,
2433 3345 2485 3398 in
2512 3345 2735 3399 strictos
2757 3345 2969 3414 gladios
2992 3346 3282 3398 incurrens
3314 3347 3438 3399 neci

1865 3435 2217 3496 tradebatur;
2253 3436 2402 3499 huic,
2431 3452 2554 3491 cum
2580 3436 2814 3490 necdum
2839 3437 3148 3498 cecidisset,
3167 3437 3278 3504 ipsa
3303 3451 3440 3505 ιιιιο-

1862 3540 1969 3594 que
1995 3520 2248 3578 deterius
2287 3536 2462 3579 morte
2495 3535 2614 3580 erat
2642 3526 2951 3579 istiusmodi
2979 3541 3230 3590 cernere,
3275 3527 3440 3595 inque

1865 3618 2166 3670 amicorum
2202 3618 2553 3685 corporibus,
2611 3633 2732 3687 quae
2775 3618 2827 3670 in
2868 3633 3110 3686 przeccps
3132 3628 3288 3672 actus
3316 3633 3440 3687 pas-

1867 3725 2029 3762 surus
2068 3719 2236 3766 esset.
2270 3709 2614 3763 condiscere.
2661 3708 2818 3774 Quod
2856 3711 2902 3764 si
2943 3711 3069 3778 quis
3102 3725 3132 3763 a
3166 3711 3318 3778 lapsu
3350 3725 3440 3762 se.-

1868 3805 2121 3860 mivivus.
2158 3813 2216 3855 ut
2249 3805 2317 3858 de
2352 3813 2551 3858 caztero
2603 3813 2852 3858 cruentae.
2907 3803 3096 3858 bestia:
3153 3812 3444 3872 parcerent

1870 3908 2130 3966 rogasset.
2167 3898 2211 3950 is
2243 3898 2350 3949 sibi
2387 3898 2793 3965 productiorem
2825 3897 2988 3950 simul
3021 3906 3076 3950 et
3101 3896 3442 3950 acerbiorem

1869 3999 2098 4043 mortem
2127 3990 2418 4044 etliciebat.
2465 3991 2539 4043 Ac
2575 3991 2622 4042 is
2647 3990 2867 4058 quidem
2900 3991 2992 4058 qui
3032 3991 3142 4058 jam
3183 3989 3294 4042 fato
3323 3988 3445 4041 fun-

1868 4090 1989 4134 ctus
2023 4093 2190 4142 esset,
2247 4084 2299 4134 in
2346 4083 2616 4152 neglectis
2643 4092 2764 4136 erat
2798 4101 2810 4135 :
2856 4083 2908 4134 in
2947 4097 3043 4135 eos
3075 4097 3203 4134 vero
3227 4083 3320 4149 qui
3351 4081 3446 4133 ad-

1869 4172 1978 4227 huc
2036 4175 2412 4242 palpitareut,
2489 4175 2634 4227 nulla
2719 4190 2828 4226 non
2884 4190 3078 4227 manus
3142 4175 3441 4228 insilicbat.

1868 4266 2071 4318 Omnes
2104 4265 2341 4334 denique
2373 4265 2549 4318 modis
2571 4266 2827 4320 ninnihus
2854 4266 3127 4319 sublatum
3154 4267 3285 4318 iere.
3320 4266 3444 4319 Plu-

1871 4359 2027 4412 ribus
2069 4369 2252 4412 auteln
2281 4374 2379 4411 nec
2424 4367 2599 4410 morte.
2629 4358 2856 4426 depulsa
2887 4358 3213 4425 corporibus
3245 4358 3443 4428 injuria

1872 4460 1992 4512 est;
2043 4450 2136 4501 sed
2194 4450 2347 4517 quasi
2390 4450 2754 4502 cadaveribus
2775 4449 2878 4502 hoc
2929 4449 3260 4511 inviderent,
3296 4449 3442 4517 quod

163 4533 292 4585 καὶ.
309 4529 449 4581 λίθοι
483 4531 574 4582 καὶ
608 4530 816 4600 σάρκες
854 4529 947 4580 καὶ
997 4528 1178 4597 νεῦροι
1213 4533 1306 4582 καί
1345 4529 1480 4594 ξύλα
1506 4534 1597 4583 καὶ
1631 4534 1758 4601 μέλη

1876 4540 2086 4608 integra
2125 4551 2330 4600 essent,
2365 4542 2418 4592 in
2461 4541 2704 4592 membra
2737 4540 2907 4598 versi.
2955 4540 3280 4609 prepinquis
3347 4556 3444 4610 po-

165 4622 466 4690 σωμάτων
522 4624 603 4683 εἰς
629 4620 824 4672 ταυτὸν
858 4620 1234 4688 συνενήνεκτο.

1877 4641 1993 4687 stea
2029 4632 2342 4701 quzesituris
2392 4633 2647 4693 obscura,
2684 4631 2958 4699 nullisque
3008 4631 3172 4684 certis
3227 4631 3448 4686 indiciis

167 4716 447 4784 notisque
477 4717 796 4783 conspicua,
822 4712 1148 4768 reddebant.
1176 4712 1422 4782 Corpora
1452 4730 1619 4784 porro
1645 4723 1973 4788 corporibus
2002 4725 2376 4787 illidebautnr,
2434 4724 2838 4791 cerebrnnique
2895 4731 2952 4776 et
2976 4738 3142 4776 cruor
3205 4734 3262 4777 et
3325 4725 3446 4793 pul-

163 4811 341 4861 viset
379 4808 641 4861 intestina
671 4814 729 4858 et
755 4820 882 4860 saxa
924 4813 979 4859 et
1010 4819 1224 4870 carnes,
1261 4816 1318 4859 et
1343 4806 1497 4860 nervi
1532 4813 1588 4860 et
1616 4807 1762 4877 ligna
1801 4821 1856 4866 et
1889 4829 2182 4883 corporum
2214 4813 2458 4866 membra
2491 4815 2544 4865 in
2571 4827 2739 4866 unum
2776 4812 3131 4866 corruebant.

260 4901 314 4956 ι’.
337 4903 403 4954 Ὢ
425 4901 636 4969 δημίων
667 4901 868 4969 μᾶλλον
892 4903 926 4971 ἢ
949 4899 1182 4955 πολιτῶν
1200 4901 1285 4952 PQ
1304 4900 1519 4970 μιαρῶν
1541 4901 1732 4971 ψυχῶν
1755 4907 1767 4957 !

162 4999 250 5050 Ὠ
309 4995 673 5063 μιαρωτέρων
725 4993 962 5062 χειρῶνί
1002 4992 1122 5055 Πῶς
1169 4994 1269 5045 οὐκ
1323 4995 1636 5064 ἐνάρκησαν
1685 4996 1773 5047 ἐπ’

159 5087 455 5156 ἀδελφοὺς
482 5088 575 5138 καί
602 5086 789 5153 φίλους
825 5087 922 5149 τὰς
950 5089 1134 5156 χεῖρας
1167 5085 1501 5150 ὁπλίζοντες,
1531 5087 1670 5158 ὺπέρ
1696 5081 1773 5141 ὧν

159 5181 298 5234 ἔδει
341 5177 440 5230 καὶ
472 5180 659 5228 πεσεῖν
683 5177 1156 5246 ἀγωνιζομένους;
1187 5178 1309 5241 Πῶς
1339 5179 1435 5247 οὐχ
1466 5173 1545 5238 εἷς
1593 5180 1775 5232 πεσὼν

159 5276 430 5339 ἔστησεν
484 5271 669 5331 αὐτοῖς
725 5271 824 5338 τὴν
872 5270 1081 5340 όρμήν;
1129 5269 1244 5332 πῶς
1294 5271 1393 5340 οὐχ
1445 5271 1474 5321 ό
1522 5270 1773 5341 δεύτερος

157 5364 422 5420 ἕσῧεσεν
462 5363 646 5424 αὐτοῖς
676 5363 766 5414 τὸν
794 5362 1001 5430 θυμόνς
1035 5362 1149 5424 πῶς
1174 5363 1274 5415 οὐκ
1302 5361 1645 5433 ἐκλάσθησαν
1679 5363 1776 5433 τὴν

153 5458 393 5529 ψυχὴν,
453 5455 534 5516 είς
571 5454 663 5505 τὸν
707 5455 890 5523 τρίτον
948 5454 1170 5517 ἰδόντες,
1199 5453 1316 5507 ἀλλ’
1363 5455 1779 5523 ἐφιλονείκησαν

155 5550 329 5618 πρὸς
368 5547 470 5614 τὴν
510 5550 699 5616 κοινὴν
752 5545 914 5614 φύσιν
969 5548 1231 5616 ἀήττητοι
1276 5547 1580 5616 διαμεῖναι;
1610 5548 1673 5600 Ὠ
1729 5549 1780 5600 τί

154 5642 351 5696 τοῦτο
378 5640 490 5709 χρὴ
526 5644 875 5708 προσειπείν;
903 5641 1084 5708 νίκην.
1115 5640 1148 5710 ἦ
1179 5641 1358 5708 πάσης
1401 5641 1780 5712 χαλεπώτερον

151 5740 402 5806 ἦττηςς
439 5733 646 5795 Μῦθος,
676 5737 708 5801 ἡ
743 5733 996 5802 Καδμεία
1048 5734 1194 5802 νίκη,
1228 5733 1294 5784 τὰ
1346 5736 1566 5804 Λήμνια
1614 5735 1780 5798 κακὰ,

157 5832 369 5883 τιᾶραι
404 5828 684 5897 συμφεραὶ
719 5827 880 5896 μέχρι
917 5827 1013 5877 νῦν
1043 5824 1300 5896 ᾀδόμενοι
1335 5827 1771 5898 νομισθήοονται.

607 5923 881 5984 ΡΑτιιοῐ..
931 5924 1049 5984 Gn.
1091 5921 1252 5984 CIX.

1954 4910 2036 4962 10.
2079 4909 2123 4960 0
2157 4909 2445 4963 carnifices
2479 4909 2667 4977 magis.
2703 4922 2866 4971 quam
2905 4907 3088 4960 cives!
3136 4904 3180 4960 Ο
3207 4907 3452 4975 imperas

1881 5000 2122 5052 animas!
2176 4997 2220 5049 0
2263 5014 2459 5052 manus
2492 4997 2861 5066 impurior-cs!
2914 4995 3015 5062 Qui
3047 4983 3248 5048 factum
3280 5006 3359 5048 est
3393 5006 3454 5050 ut

1882 5106 1992 5144 non
2035 5090 2444 5157 obstupuerint,
2491 5103 2687 5141 manus
2733 5091 3022 5139 adversum
3069 5085 3270 5139 fratres
3311 5087 3450 5138 ami-

1882 5198 2085 5250 eosque
2129 5189 2427 5240 armantes,
2455 5195 2553 5249 pro
2583 5179 2783 5248 quibus
2812 5177 3077 5231 certando
3108 5193 3254 5230 mors
3283 5194 3452 5244 oppe-

1882 5275 2045 5328 tenda
2078 5273 2298 5328 fuerat?
2328 5272 2612 5338 Quomodo
2646 5270 2810 5323 unius
2841 5284 2967 5324 casu
3015 5283 3120 5320 non
3169 5276 3459 5335 repressus

1879 5368 2099 5420 illorum
2126 5366 2404 5435 impetus?
2436 5363 2721 5430 Quomodo
2749 5378 2857 5415 non
2885 5354 3172 5414 exstinctae.
3202 5361 3296 5414 ira:
3315 5363 3451 5415 alte-

1883 5459 2000 5511 rius
2027 5473 2221 5511 occasu
2244 5457 2267 5508 ?
2289 5455 2574 5522 Quomodo
2601 5470 2709 5506 non
2735 5453 2893 5506 fracti
2924 5452 3108 5505 animo
3133 5451 3277 5504 tertii
3316 5466 3449 5506 con-

1885 5547 2110 5618 Speetu?
2158 5547 2265 5600 Sed
2316 5545 2461 5599 enixi
2525 5553 2655 5597 sunt
2691 5551 2748 5596 ut
2797 5542 3060 5594 adversus
3104 5555 3451 5593 communem

1888 5652 2139 5696 naturam
2174 5639 2359 5692 invicti
2397 5647 2832 5706 [x-rseverarent.
2884 5632 2926 5686 Ο
2953 5633 3083 5702 quid
3122 5633 3224 5685 hoc
3263 5633 3453 5699 appel-

1883 5734 2114 5788 landum
2167 5732 2271 5783 sit!
2325 5731 2598 5787 Victoria,
2660 5744 2724 5779 an
2790 5727 2935 5794 quod
2981 5725 3127 5778 omni
3170 5724 3456 5777 uiolestius

1886 5839 2064 5894 strage
2104 5840 2160 5879 ar
2205 5825 2352 5877 {late
2394 5824 2492 5874 sn’
2538 5822 2755 5873 Fabula.
2792 5818 3262 5871 C.i0tit('.’ttiitf‘litr
3286 5818 3456 5869 vitta-

2951 5914 3018 5974 21
