4174 6442
733 436 829 499 (ibi

1791 413 2167 477 liEllE’l‘lloll
2210 409 2516 471 CYDONH
2560 404 2931 469 MONODIA.

3891 409 3997 471 652

737 552 837 604 ria.
874 548 1009 598 mala
1050 542 1291 598 Lemnia,
1327 553 1386 587 ar
1430 528 1695 599 quidquid
1735 527 2001 579 hactenus
2023 520 2307 574 calamita-

2445 518 2479 567 ιι
2506 514 2605 584 τῆς
2634 514 2804 583 αὐτῆς
2856 513 3025 583 (θήκης
3065 529 3117 563 τε
3165 511 3297 582 ὁμοῦ
3335 515 3422 565 καὶ
3472 512 3720 584 πατρίδος
3751 518 3765 568 ι
3791 518 3856 568 Ὦ
3896 518 3997 584 τῆξ

737 651 851 690 tum
896 631 1097 687 celebri
1135 629 1273 683 fama
1317 622 1655 694 percrebuit.
1712 619 1755 670 υ
1786 615 1976 669 eadem
2025 623 2082 667 et
2120 610 2308 681 sepul-

735 743 888 781 crum
922 723 1085 777 simul
1115 730 1167 773 et
1201 716 1411 787 patrial
1452 712 1497 768 Ο
1535 727 1657 780 qua:
1698 709 1861 764 simul
1903 706 2081 762 edidit
2123 720 2187 759 ac
2217 704 2313 758 ab-

739 816 949 870 sorbuit
985 815 1132 867 velut
1180 811 1231 862 in
1288 806 1527 876 procella
1583 799 1775 855 maris!
1834 800 1879 853 Ο
1926 798 2044 851 falsi
2075 795 2314 851 nominis

740 912 933 979 patria,
968 905 1114 959 omni
1160 915 1379 971 quoque
1415 896 1590 965 Scylla
1631 893 1873 955 infidior,
1918 891 1970 944 in
2014 905 2131 951 eos,
2175 903 2317 958 quos

737 1000 992 1053 educavit
1020 1012 1082 1049 ac
1115 992 1338 1047 sustulit
1365 992 1375 1042 ι
1413 987 1456 1039 Ο
1479 986 1684 1040 civium
1708 998 1962 1039 cruorem
1998 983 2076 1033 sic
2112 980 2315 1048 injuste

740 1093 793 1143 in
832 1089 1003 1157 patria
1043 1082 1313 1139 effusura!
1371 1078 1415 1132 Ο
1456 1078 1733 1131 civitatem
1765 1073 1914 1125 omni
1951 1071 2112 1141 Styge
2159 1084 2315 1123 acer-

742 1182 977 1235 biorem!
1039 1178 1082 1231 (l
1110 1172 1387 1243 quomodo
1432 1186 1553 1239 qua:
1596 1169 1663 1221 de
1697 1166 1819 1218 aliis
1860 1179 2051 1233 pmuas
2096 1174 2317 1215 sumere

742 1276 1053 1334 videbatur,
1094 1272 1208 1337 ipsa
1258 1277 1470 1327 contra,
1501 1276 1692 1313 ein-um
1741 1274 1863 1327 qua:
1898 1257 2085 1325 gessit.
2132 1268 2321 1325 poenas

742 1367 917 1427 dabit,
950 1379 1034 1426 ac,
1066 1359 1215 1430 quod
1239 1370 1321 1413 est
1356 1352 1769 1411 insanientium,
1803 1349 1902 1418 ipsi
1937 1347 2176 1408 eveniet,
2203 1344 2317 1413 qui,

744 1463 873 1512 dum
903 1457 1040 1509 alios
1067 1451 1330 1521 cogitant,
1380 1461 1507 1498 suas
1547 1442 1648 1511 ipsi
1679 1440 1921 1493 exedunt
1950 1438 2179 1490 carnes!
2216 1434 2321 1488 Ce-

744 1550 877 1603 cidit
928 1547 1117 1607 miles;
1184 1540 1351 1610 periit
1398 1536 1491 1605 qui
1538 1533 1861 1587 invadentes
1902 1529 2088 1582 hostes
2133 1539 2323 1579 arcere

743 1648 964 1709 posset;
1016 1651 1114 1687 nec.
1163 1630 1255 1699 qui
1303 1628 1453 1682 utilis
1484 1625 1687 1692 aliquid
1732 1620 1945 1673 consilii
1978 1618 2208 1671 daturus
2230 1614 2320 1677 sit,

749 1704 891 1785 ullus
944 1739 1046 1781 est.
1094 1725 1169 1778 Ae
1211 1736 1357 1775 mure
1417 1719 1602 1770 hostes
1644 1714 1902 1781 ingruent
1932 1748 1945 1770 .
2001 1708 2208 1776 quique
2268 1704 2323 1758 in

749 1822 887 1875 urbe
921 1827 1109 1887 agunt.
1148 1822 1201 1865 ct
1242 1811 1506 1864 adversus
1535 1805 1684 1857 cives
1715 1800 2057 1868 tribulcsquc
2088 1796 2327 1850 audaces

2416 608 2585 673 αὐτῆς
2615 605 2869 675 δειξάσης
2921 622 2979 658 τε
3011 605 3147 673 ὁμοῦ
3182 606 3275 657 καὶ
3315 605 3688 674 καταπιούσης
3720 606 3909 677 ὥσπερ
3940 612 3995 660 ιν

2418 694 2648 747 κλύδωνι
2673 694 2686 747 ί
2715 694 2779 746 ’Ὠ
2811 693 3093 765 πατρίδος,
3119 692 3357 764 τοῦνομα
3388 692 3755 764 ψευσαμένης,
3796 698 3875 757 εἰς
3905 695 3998 759 οὓς

2416 784 2460 837 δ’
2494 784 2785 853 ἐθρέψατο,
2814 783 2910 835 καὶ
2936 783 3181 853 Σκύλλης
3211 783 3393 853 πάσης
3422 783 3785 854 ἀπιστοτέραί
3811 784 3876 836 Ὦ
3905 801 3999 839 πο·

2418 875 2581 929 λιτῶν
2608 875 2863 945 αἵματος,
2886 873 3059 939 οὕτως
3084 875 3285 937 ἀδίκως
3308 876 3365 927 ὲν
3399 878 3462 946 τῇ
3488 875 3707 946 πατρίδι
3738 876 3957 946 ῥυέντος
3980 878 3993 930 ε

2423 968 2487 1019 Ὢ
2515 966 2722 1030 πόλεως
2768 967 2948 1036 πάσης
2993 967 3197 1035 Στυγὸς
3234 966 3588 1036 πικροτέρας.
3625 966 3690 1018 Ὦ
3733 966 3851 1028 πῶς
3899 967 3999 1036 μὶν

2421 1058 2558 1128 αὐτὴ
2605 1058 2859 1122 κολάζειν
2906 1058 3101 1120 ἀλλους
3129 1058 3325 1121 ἐδόκει,
3355 1057 3518 1111 πάλιν
3567 1058 3625 1110 δὲ
3670 1056 3798 1125 παρ’
3828 1058 4001 1125 αὐτῆς

2422 1153 2519 1224 τὴν
2547 1151 2705 1221 δίκην
2742 1144 2817 1203 ὧν
2851 1149 3075 1219 ἔδρασεν
3104 1148 3358 1219 λήψεται,
3388 1152 3482 1202 καὶ
3512 1150 3763 1203 πείσεται
3797 1151 3868 1204 τὰ
3892 1151 4003 1202 τῶν

2427 1246 2792 1316 μαινομένων,
2823 1244 2872 1298 οἳ
2918 1244 3058 1310 σφᾶς
3088 1244 3286 1307 αὐτοὺς
3319 1244 3718 1307 κατεσθίοντες,
3753 1247 4005 1299 δοκοῦσιν

2424 1336 2643 1405 ἑτέρους
2679 1337 2691 1387 !
2725 1336 2991 1388 Πέπτωκε
3028 1336 3126 1404 μὲν
3156 1337 3185 1388 ὁ
3212 1335 3573 1405 στρατιώτης.
3606 1336 3855 1391 ἀπώλετο
3894 1338 3949 1390 δὲ
3979 1338 4009 1389 δ

2426 1429 2751 1497 προσιόντας
2789 1429 2915 1489 τοὺς
2958 1428 3249 1497 πολεμίους
3279 1428 3486 1497 εἵργειν
3520 1425 3846 1499 δυ’νάμενοςο
3886 1418 3917 1479 δ
3952 1430 4005 1481 δὲ

2428 1518 2848 1588 βουλευσόμενος
2877 1520 2905 1570 ὅ
2937 1535 2990 1569 τι
3014 1518 3121 1588 χρὴ
3139 1520 3423 1588 δρᾷν,ούδὲ
3446 1514 3550 1580 εἷς.
3568 1521 3675 1572 Καὶ
3705 1521 3798 1573 νῦν
3839 1536 4009 1588 προσ-

2427 1611 2677 1663 ελάσουσι
2710 1612 2809 1681 μὲν
2838 1611 2889 1662 οί
2921 1609 3199 1679 πολέμιοι’
3228 1613 3279 1663 οἱ
3306 1612 3363 1663 δὲ
3393 1614 3450 1662 ἐν
3480 1610 3564 1682 [Ρ.
3585 1609 3714 1681 392]
3738 1614 3804 1680 τῇ
3830 1610 4006 1675 πόλει,

2429 1702 2523 1754 καὶ
2562 1703 2707 1754 κατὰ
2751 1702 2860 1753 τῶν
2907 1700 3199 1770 ὁμοφύλων
3228 1698 3473 1770 θρασεῖς,
3522 1701 3796 1770 φρίξουσι,
3835 1702 4010 1770 στρά-

2431 1811 2606 1863 τευμα
2643 1793 2751 1861 πρὸ
2795 1794 2903 1845 τῶν
2940 1792 3125 1845 πυλῶν
3162 1792 3477 1862 ἀστράπτον
3511 1793 3770 1861 ὁρῶντες.
3816 1792 3931 1843 Καὶ
3963 1792 4012 1842 oi

745 1927 875 1971 sunt
903 1930 963 1967 ac
989 1910 1335 1981 przeferoces.
1361 1902 1781 1955 cxhorresecnt.
1810 1894 1902 1963 qui
1936 1892 2241 1946 exercitum
2275 1889 2327 1941 in

2445 1890 2536 1955 μὲν
2592 1887 2981 1954 ἐπιθήσονται·
3013 1888 3062 1938 οἱ
3088 1886 3143 1938 δὲ
3193 1887 3289 1953 οὐχ
3319 1886 3664 1938 ὑποίσουσινο
3698 1886 3732 1954 ή
3764 1886 3820 1937 δὲ
3855 1884 4014 1947 πόλις

747 2008 915 2063 armis
945 2004 1235 2057 micantem
1269 2011 1367 2065 pro
1399 1991 1572 2062 portis
1611 1988 1853 2041 videant.
1897 1984 1963 2036 Et
1994 1983 2069 2037 illi
2108 1981 2329 2050 quidem

748 2095 1164 2167 impressionem
1197 2088 1418 2148 facient,
1442 2083 1496 2135 hi
1536 2092 1718 2135 autem
1763 2078 2026 2144 impetum
2061 2088 2169 2126 non
2202 2086 2327 2125 sus-

748 2162 1033 2239 tinebunt:
1061 2180 1193 2233 urbs
1262 2189 1392 2228 vero
1425 2186 1616 2224 eorum
1647 2170 1774 2231 erit,
1800 2165 1892 2235 qui
1924 2162 2328 2233 przevalebnnl:

749 2295 811 2327 ac
843 2284 973 2326 tunc
996 2286 1060 2323 ex
1092 2274 1291 2322 eventu
1319 2265 1551 2333 ipsoque
1577 2258 1824 2329 periculo
1853 2268 2074 2309 sensum
2103 2252 2327 2312 facient,

748 2381 940 2421 eorum
978 2378 1098 2433 qua:
1131 2363 1442 2431 gesserunt.
1494 2355 1605 2407 lloe
1638 2352 1897 2405 nimirum
1932 2347 2033 2401 sibi
2070 2345 2325 2398 volebant

752 2457 985 2515 insolitae
1009 2454 1199 2515 stellze,
1229 2457 1592 2505 terra-motus,
1620 2444 2011 2509 vibrantesque
2035 2454 2097 2492 ac
2126 2437 2327 2490 salien-

753 2568 835 2608 tes
886 2546 1127 2602 interdiu
1177 2541 1344 2597 veluti
1396 2537 1593 2594 sublati
1646 2536 1800 2605 ignes
1849 2532 2094 2585 omnium
2155 2529 2333 2582 oculis

2436 1978 2590 2030 ἔσται
2620 1978 2728 2030 τῶν
2758 1979 3083 2047 ίσχυόντωψ
3108 1977 3204 2030 καὶ
3232 1978 3355 2029 τότε
3384 1977 3420 2030 ἀ
3445 1978 3796 2049 δεδράκασιν,
3823 1975 4016 2044 αἰσθή-

2438 2087 2620 2122 σονται
2652 2072 2978 2139 πάσχοντες.
3018 2068 3177 2121 Τοῦτ’
3210 2062 3275 2139 ἦν
3311 2068 3422 2138 ἀρα
3453 2068 3645 2136 ἀήθεις
3670 2084 3727 2119 τε
3759 2068 4016 2135 ἀστέρες.

2435 2159 2529 2210 καὶ
2564 2164 2779 2227 σεισμοὶ
2810 2162 2933 2228 γῆς,
2971 2157 3065 2210 καὶ
3092 2157 3394 2219 διάττοντες
3423 2156 3635 2227 ἡμέρας
3660 2156 3854 2224 ὥσπερ
3880 2171 4020 2225 φρυ-

2438 2252 2555 2303 κτοὶ
2606 2252 2769 2302 πᾶσιν
2800 2250 3087 2320 ὁρώμενοι.
3128 2250 3191 2300 Ὦ
3224 2250 3484 2316 ναυαγίου
3516 2247 3698 2300 κοινοῦ
3730 2249 3743 2301 !
3788 2246 3935 2313 Ἐγὼ
3963 2246 4020 2297 δὲ

2438 2344 2717 2410 σκηπτοὺς
2766 2342 2858 2393 καὶ
2915 2340 3243 2412 πρηστῆρας
3296 2342 3392 2392 καὶ
3432 2340 3693 2408 χάσματα
3743 2338 3873 2407 γῆς,
3929 2338 4024 2390 καὶ

2438 2436 2627 2496 νόσους
2660 2435 2758 2504 τὴν
2818 2434 3081 2503 τελευτὴν
3113 2435 3248 2499 ἡδίω
3294 2432 3576 2500 ποιούσας,
3624 2435 3738 2495 τοῖς
3795 2432 4023 2487 ἀσεϐέσι

2441 2532 2647 2593 τούτοις
2686 2530 2838 2601 ἥξειν
2871 2530 3140 2599 ἐνόμιζον.

755 2643 1021 2715 usurpati.
1090 2639 1133 2693 Ο
1163 2652 1457 2692 mnnnuue
1507 2630 1889 2699 naufragim»!
1961 2625 2039 2680 Ai]
2095 2640 2181 2677 me
2227 2635 2411 2678 autem
2448 2626 2592 2696 quod
2650 2627 2871 2685 attinet.
2920 2624 3173 2689 fulmina,
3222 2640 3486 2680 accensos
3542 2623 3812 2687 turbines,
3862 2632 4028 2678 terra;

758 2737 961 2798 hiatus,
1006 2731 1250 2791 morbos,
1298 2727 1503 2796 quibus
1553 2738 1699 2775 mors
1752 2719 1977 2773 suavior
2019 2718 2133 2779 fiat,
2178 2715 2332 2770 hisce
2373 2716 2561 2785 impiis
2592 2717 2935 2770 obventuros
2968 2716 3373 2770 existimabam.

832 2828 914 2878 11.
957 2824 1000 2879 Ο
1026 2822 1120 2892 qui
1148 2819 1467 2891 perierunt!
1499 2831 1532 2867 ο
1561 2814 1653 2882 qui
1691 2820 1927 2881 pereunt
1954 2810 1967 2861 ί
1998 2824 2031 2861 o
2062 2807 2155 2875 qui
2188 2805 2335 2876 peri-

761 2917 902 2971 turi!
933 2931 964 2966 ο
988 2914 1079 2982 qui
1112 2908 1318 2964 residui
1357 2906 1523 2960 sunt!
1556 2903 1701 2957 Nihil
1728 2901 1875 2954 enim
1910 2899 2012 2953 hos
2062 2897 2340 2951 feliciores

760 3011 924 3069 duco,
958 3021 1121 3075 quam
1158 3003 1252 3072 qui
1290 2998 1491 3053 mortui
1524 3004 1673 3051 sunt.
1705 2994 1801 3048 llis
1830 3007 2065 3061 namque
2100 2990 2193 3060 qui
2228 2990 2339 3043 vita

762 3101 931 3154 functi
968 3107 1116 3154 sunt.
1146 3094 1323 3151 tristia
1352 3092 1515 3145 finem
1544 3090 1897 3143 habuerunt:
1927 3086 2021 3154 qui
2059 3100 2190 3138 vero
2217 3083 2343 3136 vitae

2515 2816 2601 2862 ια’.
2634 2810 2697 2861 ’Ὠ
2743 2809 2851 2861 τῶν
2894 2810 3285 2863 ἀπολωλότωνί
3342 2809 3389 2862 ὣ
3435 2808 3546 2862 τῶν
3594 2807 4027 2876 ἀπολλυμένωνί

2443 2901 2488 2952 ὢ
2518 2902 2625 2953 τῶν
2653 2901 3041 2969 ἀπολουμένων
3068 2902 3080 2954 !
3108 2901 3155 2954 ὣ
3187 2902 3297 2954 τῶν
3330 2901 3803 2970 ὑπολειφθέντωνῐ
3837 2902 4031 2953 Οὗδενὶ

2445 2990 2554 3059 γάρ
2595 2990 2715 3042 οὐδὲ
2757 2990 2984 3052 τούτους
3034 2991 3463 3061 εὐτυχεστέρους
3514 2992 3688 3061 κρίνω
3732 2989 3846 3042 τῶν
3885 2993 4033 3059 οἰχο-

2450 3084 2642 3150 μένων.
2662 3083 2786 3144 Τοῖς
2812 3083 2910 3151 μὲν
2928 3082 3037 3151 γάρ
3076 3081 3207 3152 ἔστη
3239 3086 3307 3134 ti
3330 3081 3555 3152 λυπηρά
3573 3099 3587 3112 ⁸
3619 3083 3667 3133 οἱ
3694 3081 3777 3148 δὲ,
3810 3081 4032 3133 ὀνειδῶν

761 3192 1089 3261 superstites
1139 3197 1331 3256 agunt,
1383 3183 1533 3236 «mini
1581 3182 1701 3235 loco
1749 3178 2047 3248 opprobria
2096 3174 2339 3228 audituri

2454 3174 2552 3243 μὲν
2581 3174 2909 3227 ἀκούσονται
2952 3174 3234 3244 πανταχοῦ
3258 3191 3273 3206 ·
3297 3173 3373 3236 ὡς
3404 3176 3620 3241 ἐναγεῖς
3647 3173 3725 3237 δὲ,
3772 3172 4035 3241 ἐξελαθη-

763 3295 908 3345 sunt,
937 3300 997 3335 ac
1033 3283 1177 3334 iclut
1205 3273 1580 3331 scelestissimi
1614 3271 1763 3323 omni
1794 3284 1861 3322 ex
1892 3276 2038 3321 cmtu
2089 3264 2344 3336 profliga-

768 3384 993 3434 buntur,
1028 3382 1450 3443 quaerentesque
1492 3366 1585 3436 qui
1613 3364 1925 3423 condoleat,
1957 3376 2079 3429 qua:
2114 3357 2345 3427 parrici-

765 3475 958 3525 darum
994 3476 1124 3522 sunt
1168 3463 1416 3521 audient,
1458 3470 1795 3525 necesseque
1833 3454 1943 3507 erit
1976 3453 2157 3507 celare
2197 3452 2350 3520 cujas

768 3565 986 3629 tandem
1012 3561 1141 3614 sint.
1176 3555 1222 3611 Ο
1254 3555 1532 3609 civitatem
1567 3550 1717 3620 prius
1751 3546 1973 3616 quidem
2000 3544 2216 3597 civibus
2238 3545 2352 3597 suf-

769 3658 1045 3711 ficientem
1092 3650 1159 3704 ad
1208 3646 1552 3705 claritatem;
1607 3651 1662 3694 et
1716 3655 1838 3709 qure
1884 3653 2032 3693 nunc
2077 3636 2349 3704 prolixum

770 3748 982 3800 rnuetis
1012 3742 1256 3797 dedecus
1285 3754 1348 3793 ae
1370 3736 1634 3806 probrmn
1664 3739 1917 3802 aspergat
1942 3733 1954 3781 l
1977 3730 2117 3795 Quid
2150 3726 2351 3782 facturi

772 3854 961 3893 sumus
992 3835 1057 3890 ad
1086 3849 1185 3888 eos
1215 3830 1308 3900 qui
1352 3824 1839 3882 criminabuntur?
1888 3821 2021 3875 Nam
2071 3818 2352 3873 silentimn

775 3945 981 3991 tenere,
1022 3926 1194 3988 nefas,
1221 3923 1352 3977 dunt
1385 3918 1580 3989 injuria
1609 3915 1780 3986 patria
1815 3913 2055 3966 violatur
2080 3931 2093 3964 :
2121 3925 2353 3979 respon-

772 4027 903 4077 dere
933 4035 1084 4081 vero,
1114 4014 1428 4076 insania,ac
1453 4008 1750 4064 defendere
1777 4007 1934 4075 cujus
1961 4005 2041 4059 sic
2059 4002 2357 4071 conspicua

774 4118 885 4169 sitit
933 4110 1202 4183 ejusmodi
1247 4121 1414 4177 opera
1447 4119 1510 4157 ac
1553 4102 1818 4156 facinora.
1870 4096 2207 4168 Sapientiam
2262 4094 2355 4163 qui

775 4208 1123 4276 suspiciunt,
1181 4198 1374 4270 majori
1431 4196 1560 4251 odio
1613 4192 1999 4248 crudelitatem
2049 4188 2356 4251 habebunt,

774 4303 1004 4371 ejusque
1027 4295 1270 4350 dedecus
1302 4290 1520 4345 civibus
1551 4286 1838 4355 objicient.
1869 4283 2267 4338 Obmutescent
2301 4280 2357 4334 hi

780 4396 832 4445 in
854 4390 1097 4462 judieiis,
1130 4386 1224 4456 qui
1254 4384 1357 4438 sibi
1381 4380 1585 4436 conscii
1617 4380 1728 4432 sint
1753 4378 1968 4432 funesta
1995 4385 2358 4445 perpetrasse.

778 4483 1067 4536 tiixitatem
1103 4493 1297 4531 omnes
1328 4475 1559 4544 fugient,
1584 4471 1731 4524 haud
1760 4485 1920 4523 secus
1954 4484 2017 4522 ac
2052 4466 2361 4536 pestilentia

2452 3282 2659 3330 σονται,
2677 3266 2887 3319 καὶτὸν
2925 3266 3332 3335 συναλγήσοντα
3364 3265 3677 3335 ζητοῦντες,
3705 3264 4032 3316 ἀκούσονται

2450 3356 2520 3410 τά
2550 3359 2659 3411 τῶν
2690 3358 3056 3427 ἀνδροφόνων,
3081 3360 3179 3412 καὶ
3209 3358 3394 3427 δεήσει
3422 3358 3689 3428 κρύπτειν
3714 3358 3839 3410 ὅθεν
3872 3356 4032 3408 είσίν.

2455 3452 2517 3503 Ὢ
2550 3451 2782 3513 πόλεως,
2811 3451 2847 3520 ἢ
2878 3452 3010 3521 πρὶν
3045 3450 3163 3521 μὲν,
3200 3452 3361 3520 ἢρκει
3389 3453 3502 3512 τοῖς
3540 3449 3790 3511 πολίταις
3832 3450 3916 3508 εἰς
3952 3447 4035 3499 δό-

2453 3544 2583 3611 ξαν·
2618 3544 2713 3596 νῦν
2764 3544 2821 3596 δὲ
2855 3543 3144 3614 περιδαλεῖ
3189 3543 3399 3604 πάντας
3437 3540 3671 3612 αίσχύνη
3715 3540 3908 3609 μακρᾷ
3935 3538 3949 3589 i
3973 3537 4036 3590 Τί

2454 3638 2727 3707 δράσομεν
2758 3635 2896 3706 πρὸς
2938 3636 3067 3698 τοὺς
3104 3634 3471 3703 ἐγκαλοῦντας
3500 3634 3661 3704 αὐτῇ.
3690 3633 3767 3685 Τὸ
3799 3632 3902 3702 μὲν
3928 3629 4036 3699 γάρ

2456 3729 2690 3799 σιωπᾷν,
2722 3728 2959 3792 ἀνόσιον,
2997 3728 3258 3798 πατρίδος
3289 3726 3686 3797 ὑϐριζομένης·
3725 3724 3790 3778 τδ
3822 3725 3869 3777 δ’
3901 3726 4038 3777 ἀπο-

2455 3821 2754 3888 λογεῖσθαι,
2807 3821 2997 3889 μανία,
3029 3821 3289 3874 τοιούτων
3338 3821 3476 3890 αὐτῇ
3538 3819 3886 3889 φαινομένων
3934 3818 4039 3871 τῶν

2457 3913 2667 3984 ἔργων·
2714 3914 2763 3965 οἱ
2805 3911 2861 3963 δὲ
2894 3913 2993 3981 τὴν
3035 3914 3229 3980 σοφίαν
3276 3912 3668 3980 θαυμάζοντες,
3713 3912 3920 3979 μᾶλλον
3951 3930 4040 3982 μισ

2460 4002 2687 4070 σήσουσι
2716 4002 2814 4071 τὴν
2845 4001 3128 4071 ὠμότητα,
3168 4002 3258 4055 καὶ
3287 4005 3399 4065 τοῖς
3430 4002 3680 4064 πολίταις
3724 4002 4043 4073 προοίσουσι

2458 4094 2682 4164 ταύτην.
2713 4095 2775 4146 Oi
2805 4094 2862 4147 δὲ
2902 4096 3276 4165 σιωπήσονται
3310 4097 3369 4148 ὲν
3410 4097 3524 4158 τοῖς
3562 4095 3965 4167 δικαστηρίοις,
3998 4097 4045 4147 oi

2463 4187 2647 4255 σφίσιν
2680 4187 2865 4250 αὐτοῖς
2913 4188 3130 4257 πονηρά
3170 4187 3506 4251 συνειδότες’
3551 4188 3647 4240 καὶ
3681 4187 3886 4249 πάντες
3915 4187 4048 4255 φεύο

2464 4276 2647 4343 ξονται
2689 4280 2921 4349 ταύτην,
2971 4278 3161 4351 ὥσπερ
3214 4279 3272 4332 ἐν
3304 4272 3390 4341 οἷς
3445 4278 3661 4348 ἀνάγκη
3712 4280 3893 4332 νοσεῖν
3942 4280 4051 4331 τῶν

2464 4371 2702 4440 χωρίων.
2734 4371 2892 4424 Καλά
2918 4388 2981 4439 γε
3014 4374 3080 4443 τῇ
3120 4371 3361 4442 πατρίδι,
3406 4370 3747 4441 μιαρώτατοι
3799 4371 4049 4435 πάντων,

2465 4463 2844 4517 ἀποδεδώκατε
2897 4465 2967 4517 τά
2998 4467 3250 4535 τροφεῖα,
3280 4464 3331 4517 οἳ
3373 4464 3599 4527 δικαίως
3628 4466 3766 4536 αὐτῇ
3814 4468 3911 4517 καὶ
3944 4465 4054 4515 τῶν

782 4582 898 4628 loca
928 4584 983 4626 et
1011 4586 1132 4641 qnze
1166 4567 1496 4637 corporibus
1540 4562 1895 4616 insidientur.
1944 4556 2175 4627 Egregia
2230 4572 2339 4609 sani

2468 4554 2673 4620 γονέων
2705 4555 3017 4623 ὀφείλοντες
3049 4554 3252 4617 πλείω,
3298 4554 3421 4608 οὐδὲ
3455 4555 3630 4619 πόλιν,
3663 4549 3743 4617 οἷς
3780 4554 4053 4623 τετολμή-

783 4666 1095 4719 morlalium
1127 4664 1374 4715 omnium
1408 4653 1784 4713 scclestissimi
1814 4650 2008 4721 patria:
2044 4646 2364 4703 reddidistis

784 4754 1171 4810 nutricationis
1198 4753 1440 4823 praemia.
1466 4749 1625 4817 cujus
1668 4746 1722 4799 in
1761 4759 1852 4796 vos
1884 4742 2038 4812 plura
2070 4739 2272 4793 merito
2300 4752 2363 4791 ac

786 4852 987 4916 majora
1021 4856 1170 4909 sunt,
1205 4861 1367 4915 quam
1406 4851 1719 4913 parentum,
1768 4834 2011 4889 nomina.
2061 4833 2137 4887 Ne
2170 4831 2364 4884 civita-

785 4955 893 4997 tem
926 4941 1149 5011 quidem
1181 4937 1364 4991 vocari
1399 4934 1581 4989 sinitis
1607 4931 1754 4985 ausis
1781 4928 1890 4982 illis
1920 4922 2201 4979 vestris.0
2224 4938 2367 4976 mor-

788 5039 916 5091 bum
951 5052 1013 5089 ae
1050 5034 1255 5092 labem,
1282 5046 1403 5099 qua:
1435 5028 1550 5097 ipsa
1578 5022 1777 5079 invasit
1804 5017 2141 5091 praecordial
2167 5013 2212 5070 Ο
2254 5030 2366 5068 rem

787 5142 952 5196 quam
984 5127 1215 5179 maxime
1251 5122 1361 5177 illis
1386 5118 1741 5179 contrariam,
1772 5114 1867 5184 qui
1897 5111 2101 5166 sociale
2128 5108 2254 5162 vita:
2280 5122 2371 5177 ge-

791 5234 915 5276 nus.
958 5217 1189 5285 ejusque
1236 5210 1659 5268 communicatis
1693 5204 2005 5260 rationibus
2043 5198 2365 5271 elegerunt!

2470 4664 2623 4709 κατε,
2649 4650 2985 4718 συγχωρεῖτε
3018 4647 3323 4703 καλεῖσθαι.
3354 4649 3418 4701 Ὢ
3443 4648 3749 4717 νοσήματος
3768 4645 3881 4699 τῶν
3907 4646 4058 4699 ἔνδον

2470 4739 2719 4807 ἡμμένοι)
2745 4740 2766 4803 ἒ
2792 4741 2858 4792 Ὢ
2895 4739 3219 4810 πράγματος
3255 4741 3650 4793 ὲναντιωτάτου
3677 4741 3792 4802 τοῖς
3817 4739 3942 4810 μετ’
3965 4740 4061 4793 ἀλ-

2472 4827 2655 4897 λήλων
2703 4828 2803 4900 ζῇν
2850 4831 3195 4901 ᾑρημένοιςί
3235 4828 3398 4882 Ἀλλὰ
3424 4830 3535 4898 γάρ
3585 4830 3669 4883 δεῖ
3712 4830 3848 4883 Θεδν
3896 4831 4061 4899 μόνον

2475 4923 2647 4974 αίτεῖν
2708 4925 2868 4992 χεῖρα
2917 4922 3125 4992 ὀρέξαι,
3163 4923 3260 4977 καὶ⁷
3299 4922 3467 4976 πάλιν
3514 4923 3574 4988 ἐξ
3629 4923 3805 4993 ἀρχῆς
3850 4923 4062 4994 ταύτην

2476 5014 2729 5078 οἰκίζειν.
2786 5016 2899 5085 Τῆς
2940 5018 3049 5087 γὰρ
3092 5014 3189 5069 νῦν
3240 5016 3479 5087 ἐρημίας
3526 5018 3733 5069 ἐκεῖνον
3765 5016 3846 5069 δεῖ
3900 5018 4062 5086 μόνον

2479 5105 2773 5177 πληρωτὴν
2815 5108 3132 5178 ἀναμένειν.
3178 5107 3505 5180 Ἀνθρὼπων
3533 5107 3589 5160 δὲ
3617 5109 3667 5161 οί
3699 5108 3797 5177 μὲν
3836 5110 4065 5181 ἀνέτρε-

2480 5197 2590 5267 ψαν
2621 5199 2791 5267 αὐτήν
2811 5218 2826 5231 ·
2865 5202 2914 5252 οί
2952 5199 3010 5252 δὲ
3043 5202 3375 5270 μισήσαντες
3402 5199 3825 5270 ἀποφεύξονται.

792 5308 1086 5362 Enimvero
1127 5306 1270 5359 Deus
1302 5304 1453 5358 solus
1486 5299 1731 5354 orandus
1758 5304 1863 5360 est,
1898 5303 1955 5349 ut
1989 5307 2211 5347 manum
2238 5288 2502 5360 porrigat,
2528 5304 2592 5345 ac
2615 5292 2760 5345 sicut
2787 5306 2817 5345 a
2854 5291 3129 5361 principio
3183 5306 3307 5346 eam
3368 5290 3607 5345 habitari
3668 5289 3854 5344 faciat.
3926 5289 4067 5343 Prw.

792 5406 1001 5452 sentem
1060 5396 1208 5450 enim
1271 5394 1445 5464 ipsius
1492 5389 1890 5445 desolationem
1953 5385 2050 5455 qui
2107 5382 2364 5453 impleat,
2404 5394 2548 5435 unus
2581 5379 2697 5451 ipse
2736 5380 3145 5454 exspectandus
3178 5381 3271 5439 sit.
3344 5380 3604 5437 Mortales
3645 5380 3798 5454 quod
3840 5380 4066 5443 attinet,

791 5487 882 5542 alii
909 5497 1251 5555 everterunt,
1284 5486 1376 5541 alii
1404 5499 1624 5541 exesam
1658 5480 1889 5552 fugient.
