4174 6442
1244 405 1348 466 EX
1378 404 1557 468 VITA
1610 404 1900 467 BASILII
1952 406 2319 468 JUNIORIS

412 738 561 827 AD
660 731 1338 839 SEQUENTIA
1437 734 1589 823 EX
1704 738 1993 828 VlTA
2099 736 2532 853 BASILII
2637 736 3213 827 JUNIORIS

1264 948 1387 1010 ΕΒ.
1435 946 1871 1011 COMBEFISII
1928 948 2347 1009 PRIEFATIO.

235 1276 396 1343 Quod
434 1278 565 1333 olim
618 1280 977 1340 adverteram.
1015 1279 1231 1348 viroque
1276 1278 1429 1333 docto
1466 1275 1750 1347 Godefrido
1783 1272 2114 1329 Henschenio
2137 1272 2193 1329 S.
2217 1274 2640 1344 J.'scripseram,
2666 1283 2800 1337 tum,
2834 1288 2953 1327 cum
2977 1272 3059 1326 illi
3092 1274 3216 1326 vitae
3250 1272 3431 1340 hujus.

162 1368 551 1421 excardiualis
582 1351 717 1422 Julii
743 1367 1009 1423 Hasarini
1041 1366 1134 1419 τοῦ
1174 1367 1504 1437 μακαρίτου,
1549 1380 1689 1419 nunc
1722 1360 1905 1432 Regio,
1947 1364 2140 1426 codice,
2178 1364 2275 1433 feci
2306 1364 2536 1433 copiam,
2568 1372 2627 1417 ut
2672 1364 2729 1416 in
2769 1378 2883 1415 rem
2921 1360 3352 1423 ecclesiasticam,
3379 1360 3433 1413 in

160 1470 263 1506 suo
292 1454 484 1507 Martio
513 1454 777 1524 uulgaret,
806 1457 955 1525 isque
978 1470 1043 1507 ex
1076 1455 1206 1508 meis
1229 1453 1460 1522 ﬁdeliter
1491 1455 1784 1522 expressit:
1819 1469 1923 1507 non
1949 1455 2210 1508 modicam
2229 1454 2427 1508 scilicet
2463 1454 2625 1507 lucem
2659 1469 2724 1506 ex
2751 1469 2812 1507 ea
2841 1452 3024 1507 haberi
3055 1467 3202 1521 posse
3234 1452 3291 1504 in
3320 1465 3433 1502 rem

164 1542 423 1597 Historia
450 1542 799 1611 Byzantium;
841 1544 1010 1613 magis
1049 1558 1189 1595 nunc
1213 1541 1564 1609 deprehendo.
1589 1558 1706 1594 cum
1731 1558 1825 1612 per
1850 1543 2288 1598 Christianissimi
2318 1546 2456 1613 regis
2482 1541 2895 1612 indulgentiam,
2925 1557 2989 1594 ea:
3012 1540 3174 1610 Regia
3193 1540 3306 1610 ejus
3327 1537 3436 1593 Lu-

168 1646 311 1698 para
338 1630 577 1685 Annales
605 1632 766 1695 edidi,
809 1632 1056 1702 Vitasque
1088 1631 1504 1701 Imperatorum,
1549 1631 1620 1683 ad
1642 1646 1866 1699 quorum
1916 1640 2157 1701 tempora
2189 1629 2381 1683 Basilii
2417 1630 2531 1683 Vita
2572 1631 2689 1700 ipsa
2722 1638 2942 1697 spectat,
2976 1626 3186 1690 Basilii,
3227 1627 3437 1683 Leonis.

164 1717 487 1781 Alexandri,
515 1717 872 1777 Constantini.
901 1720 1129 1772 Romani
1147 1719 1434 1787 Lacapeni,
1470 1727 1566 1773 etc.
1605 1719 1681 1772 Ac
1707 1718 1918 1786 quidem
1950 1720 2122 1785 primo
2157 1726 2476 1780 statueram,
2511 1734 2573 1771 ea
2604 1717 2777 1771 solum
2800 1719 2939 1771 inter
2971 1727 3123 1770 notas
3151 1730 3439 1786 represen-

166 1815 311 1868 tare,
333 1821 455 1875 qua!
477 1807 548 1859 ad
577 1808 809 1872 primum
838 1808 1137 1876 ingressum
1168 1805 1506 1860 Constantini
1534 1814 1801 1876 spectant,
1829 1806 2087 1874 Ducisque
2112 1808 2500 1877 aggressionem
2531 1816 2580 1859 et
2602 1807 2817 1866 caedem,
2845 1804 2983 1875 quod
3011 1804 3294 1874 Gregorius
3314 1812 3441 1856 tan-

165 1905 283 1945 tum
319 1893 449 1947 Duci
470 1893 649 1963 faueat
686 1900 774 1961 (ac
812 1911 979 1964 prope
1002 1904 1292 1965 martyrem
1314 1896 1601 1955 consecret)
1631 1905 1894 1959 quantum
1928 1894 2114 1964 reliqui
2145 1895 2456 1956 detrahunt,
2493 1903 2549 1946 ut
2587 1894 2784 1948 scilicet
2810 1892 3166 1946 Constantino
3196 1908 3259 1945 ac
3286 1891 3441 1960 fami-

166 1983 258 2035 lia
278 1981 655 2051 gratiﬁcantur
673 1999 691 2036 :
713 1984 865 2054 cujus
892 1983 1168 2053 stipendiis
1209 1984 1490 2053 scriptores
1512 1994 1558 2035 et
1587 1984 1842 2053 mquales,
1875 1982 2183 2047 merebant;
2207 1988 2257 2035 et
2284 1998 2317 2035 a
2348 1981 2535 2051 quibus
2561 1979 2753 2050 reliqui
2787 1994 3056 2048 accepere.
3078 1976 3230 2044 Quod
3258 1985 3441 2031 tamen

164 2069 335 2122 etiam
397 2070 509 2123 alia
574 2074 821 2141 quasdam
877 2072 1223 2131 contineant.
1275 2072 1662 2141 imperatorum
1725 2088 1787 2125 ac
1845 2071 2209 2125 ministrorum
2273 2070 2535 2139 propria,
2596 2068 2841 2137 aulasque
2898 2066 2979 2122 vel
3045 2068 3305 2130 virtutes,
3353 2063 3440 2118 uel

164 2158 326 2221 vitia,
355 2158 473 2227 ipsa
492 2158 771 2212 annalium
797 2174 957 2228 prape
981 2159 1284 2229 compendio
1308 2160 1510 2229 digesta
1533 2176 1551 2220 ς
1586 2176 1619 2211 a
1646 2161 1817 2228 primo
1848 2176 1968 2228 cap.
2005 2161 2075 2211 ad
2094 2159 2128 2212 4
2157 2160 2233 2210 ita
2270 2167 2326 2210 ut
2356 2157 2598 2211 distinxit
2617 2155 2971 2211 Henschenius
2988 2169 3191 2225 mpera!
3217 2154 3444 2220 pretium

165 2246 356 2314 putavi
378 2247 532 2315 quasi
560 2247 871 2316 Appendicis
894 2245 1028 2311 loco,
1065 2255 1190 2300 ante
1217 2256 1393 2309 notas,
1432 2248 1516 2300 hic
1553 2264 1662 2301 una
1693 2248 1829 2300 serie
1861 2247 1983 2301 aliis
2010 2245 2228 2312 perinde
2258 2245 2604 2316 appendicem
2640 2244 2955 2312 facientibus
2992 2242 3303 2296 summatim
3341 2242 3444 2294 ud—

166 2333 318 2394 dere,
343 2342 502 2402 atque
534 2335 590 2387 in
620 2335 695 2387 eis
735 2341 936 2387 tomum
977 2336 1114 2387 hunc
1157 2334 1587 2388 Continuationis
1622 2353 1653 2388 a
1688 2334 2021 2404 TheOphane,
2064 2351 2129 2388 ne
2157 2333 2293 2388 mole
2317 2333 2577 2403 grandior
2612 2332 2777 2386 videri
2809 2330 2994 2403 possit,
3028 2331 3247 2399 adjectis
3272 2332 3432 2392 notis,

164 2419 368 2485 ﬁnire:
412 2424 511 2475 nisi
533 2424 696 2475 etiam
733 2420 1009 2494 Symeonis
1044 2420 1336 2492 Logotheta:
1362 2421 1658 2476 Chronicon
1694 2441 1725 2476 a
1759 2422 1930 2477 Leone
1952 2424 2183 2476 Armeno
2236 2423 2306 2476 ad
2338 2420 2600 2475 Busilium
2633 2420 2911 2475 Juniorem
2933 2434 3124 2489 capere
3151 2419 3312 2489 possit
3338 2436 3355 2472 .'
3381 2435 3446 2471 ne

167 2508 414 2578 ejusdem
447 2512 698 2580 temporis
754 2511 980 2565 historia
1025 2528 1057 2564 a
1088 2526 1144 2564 se
1162 2510 1469 2574 divellatur,
1500 2512 1705 2580 etquod
1734 2512 2029 2583 Logotheta:
2049 2514 2159 2584 ipse
2191 2513 2536 2583 singulariter
2557 2510 2881 2579 Theophanis
2920 2511 3283 2573 continuator,
3327 2510 3443 2571 eius

165 2597 347 2664 ipsam
372 2613 582 2650 omnem
600 2600 899 2652 methodum
937 2608 1169 2662 secutus,
1198 2599 1337 2669 quod
1364 2615 1466 2651 non
1500 2597 1619 2663 alii,
1658 2598 1809 2654 nulla
1844 2603 1915 2655 eis
1944 2616 2212 2654 annorum
2232 2601 2435 2671 digesta
2464 2599 2690 2661 ratione,
2718 2599 2773 2650 in
2804 2614 2910 2666 qua
2944 2596 3231 2669 Logotheta
3262 2596 3436 2667 pluri-

169 2700 320 2737 mum
344 2685 611 2740 desudat:
643 2695 693 2739 et
715 2693 836 2741 vero
854 2703 1042 2757 capere
1074 2687 1282 2751 debere,
1320 2702 1411 2739 nec
1454 2685 1678 2741 ulterius
1717 2688 1999 2742 trahendos
2029 2690 2178 2741 hosce
2212 2685 2469 2748 Annales,
2524 2693 2574 2738 st
2617 2684 2780 2739 doctis
2814 2687 3006 2751 visum,
3045 2693 3094 2738 et
3125 2687 3275 2756 cujus
3305 2686 3444 2738 curis

167 2771 339 2844 Regia
387 2775 589 2830 credita
626 2775 866 2847 Lupara,
918 2778 1147 2847 rejectis,
1202 2778 1247 2830 si
1269 2778 1395 2839 quid
1428 2785 1504 2830 est
1536 2794 1774 2831 mearum
1815 2777 2096 2839 Natarum,
2132 2778 2187 2829 in
2216 2775 2658 2830 (Iontinuatorem
2682 2775 2901 2845 ejusque
2928 2775 3265 2846 appendices,
3311 2786 3362 2827 et
3388 2777 3444 2826 in

169 2862 537 2932 Logothetam,
583 2866 652 2919 ad
698 2866 817 2919 libri
869 2865 1054 2932 linem,
1097 2880 1216 2931 quae
1247 2864 1357 2919 alia
1394 2864 1516 2919 aliis
1561 2865 1731 2920 lucem
1766 2868 1982 2934 facient.
2040 2862 2300 2934 Sequens.
2348 2864 2439 2933 qui
2484 2874 2651 2916 certos
2680 2873 2921 2916 auctores
2959 2862 3172 2927 habeat,
3216 2861 3444 2915 Leonem

170 2949 472 3005 Diaconum
503 2961 553 3005 et
589 2952 897 3007 Michaelem
935 2952 1193 3017 Psellum,
1222 2953 1402 3006 ambos
1436 2952 1591 3006 titulo
1623 2954 1891 3023 prceferet,
1918 2971 1981 3009 ac
2014 2971 2107 3023 per
2126 2970 2212 3007 eos
2236 2954 2443 3023 insigne
2470 2961 2928 3008 auctoramentum
2952 2954 3204 3007 Historiae
3234 2951 3446 3023 Byzan-

168 3041 301 3092 tina:
356 3040 514 3108 faciet
542 3057 560 3093 :
608 3041 881 3111 aberitque
917 3043 1086 3094 omnis
1120 3041 1215 3094 illa
1244 3038 1489 3094 dictionis
1524 3042 1805 3108 impuritas
1827 3085 1841 3108 ,
1877 3058 1996 3114 qua:
2036 3051 2087 3095 et
2116 3042 2246 3094 mihi
2278 3058 2383 3094 non
2418 3058 2580 3094 unam
2606 3040 2723 3108 ﬁxit
2758 3058 2986 3105 crucem,
3018 3049 3067 3094 et
3092 3041 3205 3105 tibi,
3236 3041 3442 3102 Lector,

171 3143 437 3181 nauseam
486 3128 728 3199 aliquam
789 3145 993 3183 movere
1038 3131 1255 3200 poterit,
1323 3129 1425 3181 nisi
1478 3136 1743 3198 quantum
1794 3145 1974 3184 rerum
2028 3128 2145 3198 ipsa
2197 3128 2450 3198 majestas
2492 3127 2792 3193 solabitur,
2852 3127 3251 3199 Annaliumque
3298 3142 3444 3182 cont-

171 3217 453 3283 pendium.

1080 3511 1233 3595 EK
1301 3511 1531 3597 ΤΟΥ
1618 3514 1879 3600 ΒΙΟΥ
1949 3512 2534 3602 ΒΑΣΙΛΕΙΟΥ

1634 3695 1773 3750 ΤΟΥ
1818 3696 2005 3751 ΝΕΟΥ

1032 3852 1218 3905 ΠΑΡΑ
1274 3849 1668 3906 ΓΡΗΓΟΡΙΟΥ
1722 3851 1864 3907 ΤΟΥ
1949 3852 2288 3909 ΜΔΘΗΪὈΥ
2336 3856 2388 3923 ,Α
2402 3854 2528 3910 Υΐυ
2542 3855 2602 3908 Υ.

904 4181 1065 4269 EX
1166 4181 1609 4269 BASILII
1716 4179 2293 4271 JUNIORIS
2396 4183 2678 4272 VITA

1004 4374 1411 4439 AUCTORE
1450 4377 1891 4440 GREGORIO
1922 4378 2135 4440 EJUS
2166 4378 2637 4441 DISCIPULO.

1807 4570 1847 4584 ὼ

255 4697 348 4769 [Ρ.
370 4694 498 4758 395,
521 4694 651 4769 ὅθι]
676 4699 749 4749 α’.
779 4691 1059 4755 Βασίλειος
1097 4691 1127 4744 ὁ
1160 4691 1442 4762 βασιλεὺς,
1481 4687 1527 4761 ᾧ
1558 4694 1619 4747 τὸ
1652 4694 1773 4747 ἐπί·
1805 4703 1845 4758 Α

1945 4695 2105 4766 601
2127 4694 2359 4750 Basilius
2381 4695 2702 4765 imperator,
2722 4660 3087 4769 cognomento
3107 4701 3351 4768 Macedo,
3390 4706 3459 4759 li-

182 4789 325 4857 s:qu
357 4786 650 4848 Μακεδὼν.
683 4787 834 4848 υἱοὺς
854 4784 979 4854 ἔσχε
1008 4784 1304 4855 τέσσαρας,
1331 4785 1768 4852 Κωνσταντῖνον,

185 4881 416 4944 Λέοντα,
450 4878 722 4946 Στέφανον
753 4878 849 4930 καὶ
884 4877 1255 4949 Ἀλέξανδρον.
1287 4872 1390 4931 Ὧν
1418 4879 1446 4931 ὁ
1482 4878 1582 4949 μὲν
1614 4881 1773 4934 Κων-

185 4973 469 5034 σταντῖνος
500 4971 694 5041 κομιδῇ
728 4970 867 5034 νέος,
906 4968 1177 5040 ὑπεξῆλθε
1198 4970 1295 5023 τοῦ
1328 4970 1465 5040 βίου·
1498 4972 1772 5041 Στέφανος

181 5067 260 5131 δὲ,
323 5063 758 5137 ἁρχιεπίσκοπος
809 5063 1437 5126 Κωνσταντινουπόλεως
1483 5066 1771 5135 προχειρὶ-

185 5161 360 5223 ζεται,
396 5156 538 5229 ἀνὴρ
567 5157 719 5229 πάσῃ
737 5156 906 5227 ἀρετῇ
940 5154 1248 5226 διαπρέψας
1270 5172 1284 5185 °
1312 5159 1362 5209 sl
1401 5158 1496 5210 καὶ
1523 5149 1683 5221 οὗτος
1713 5160 1773 5213 ὲν

186 5250 445 5320 συντόμῳ
465 5249 527 5301 τὸ
546 5247 724 5319 χρεὼν
755 5246 1142 5318 ὲλειτούργησε
1161 5262 1172 5275 ·
1204 5248 1301 5300 καὶ
1333 5249 1534 5318 συνεχῆ
1566 5249 1774 5321 καθάρ·

188 5357 279 5395 uta
310 5340 466 5410 παρὰ
503 5340 707 5393 παίδων
730 5340 931 5411 ἰατρῶν
945 5340 1260 5409 δεξάμενος,
1288 5338 1373 5393 διὰ
1392 5343 1490 5410 τὴν
1522 5342 1773 5412 ἐνοχλοῦ-

189 5449 289 5487 σαν
324 5432 477 5503 αὐτῷ
502 5435 636 5487 ἐκ...
672 5431 971 5497 πυρκαῖὰν,
994 5431 1085 5499 ὑφ’
1114 5426 1191 5486 ὦν
1218 5433 1404 5494 κακῶς
1438 5432 1772 5504 ψυχρανθεὶς

186 5526 279 5579 τὸν
310 5525 609 5595 στόμαχον,
636 5529 730 5578 καὶ
757 5525 841 5588 εἰς
869 5524 1026 5578 νόσον
1043 5524 1402 5595 δυσδιήγητον
1433 5525 1774 5596 περιπεσὼν,

188 5618 535 5686 ἐτελεύτησε.
552 5618 663 5671 Καὶ
692 5617 800 5689 μὴν
822 5616 922 5670 καὶ
944 5618 973 5671 ὁ
990 5617 1183 5670 τούτου
1221 5617 1407 5688 πατὴρ
1433 5617 1731 5683 Βασίλειος,
1749 5617 1780 5672 6

187 5713 282 5765 καὶ
304 5711 400 5765 τὸν
421 5710 531 5781 πρὸ
552 5709 720 5764 αὐτοῦ
747 5706 1173 5780 βεϐασιλευκότα
1188 5710 1408 5781 Μιχαὴλ
1432 5710 1660 5777 ἀνελὼν,
1687 5712 1781 5765 καὶ

188 5804 334 5859 οὕτω
363 5803 434 5857 τὰ
457 5806 714 5877 σκῆπτρα
742 5799 1057 5873 κατασχών.
1125 5804 1223 5856 Ὃν
1270 5802 1339 5873 δὴ
1369 5803 1464 5856 καὶ
1499 5802 1782 5876 ψυχοῤῥα-

193 5897 307 5968 τῶν
365 5895 596 5954 ἔϐλεπεν
659 5894 1000 5966 ιγκαλοῦντα
1055 5894 1233 5969 τούτῳ
1271 5896 1364 5953 καὶ
1404 5896 1632 5967 λέγοντα
1660 5914 1676 5931 ’
1710 5897 1780 5955 Tl

1882 4789 2042 4844 beros
2057 4797 2295 4859 quatuor
2315 4790 2559 4853 sustulit,
2577 4790 3023 4857 Constantinum,
3052 4793 3310 4859 Leonem.
3339 4797 3461 4851 Ste-

1880 4883 2122 4952 phanum
2151 4891 2207 4936 et
2235 4880 2631 4938 Alexandrum.
2663 4884 2745 4938 Ex
2774 4885 2858 4940 his
2885 4886 3283 4945 Constantinus
3322 4891 3462 4945 vivis

1880 4983 2171 5043 exemptus
2216 4980 2322 5037 est,
2375 4974 2559 5028 adhuc
2609 4974 2770 5029 valde
2820 4976 3043 5045 juvenis
3064 4998 3089 5031 7.:
3142 4979 3460 5051 Stephanus

1882 5083 2035 5128 vero,
2073 5065 2522 5135 archiepiscopus
2546 5066 3192 5139 Constantinopolitanus
3220 5074 3461 5143 prmliei-

1883 5171 1993 5225 tur,
2020 5160 2104 5213 vir
2134 5158 2284 5213 omni
2314 5159 2538 5214 virtutis
2563 5159 2724 5215 laude
2753 5162 3118 5232 conspicuus:
3160 5168 3377 5222 tametsi
3416 5170 3462 5222 is

1882 5253 2033 5307 brevi
2089 5250 2201 5305 fato
2259 5250 2483 5305 functus
2528 5260 2651 5306 est:
2709 5254 3102 5325 continuisque
3142 5261 3461 5325 a,mcdicis

1882 5344 2248 5415 purgantibus
2291 5344 2554 5401 remediis
2595 5354 2891 5415 acceptus,
2938 5348 3005 5401 ad
3047 5348 3217 5405 febris
3246 5366 3420 5405 ex...
3457 5392 3467 5406 .

1884 5435 2252 5490 moderandos
2273 5437 2522 5501 ardores,
2565 5452 2727 5491 verso
2755 5438 2809 5491 in
2842 5437 3098 5509 frigidam
3136 5442 3463 5511 qualitatem

1882 5528 2190 5591 stomacho,
2223 5543 2307 5593 ac,
2347 5544 2512 5599 quam
2544 5544 2708 5583 nemo
2748 5530 2936 5585 verbis
2959 5531 3119 5587 facile
3151 5533 3465 5602 explicaveo

1880 5619 1976 5683 nit,
2013 5628 2294 5675 contracta
2318 5620 2666 5690 mgritudine,
2698 5623 3005 5679 exstinctus
3030 5635 3135 5680 est.
3168 5625 3311 5691 Quin
3342 5627 3466 5696 ejus

1880 5727 2101 5783 quoque
2130 5723 2288 5782 pater
2337 5711 2607 5776 Basilius,
2641 5712 2737 5781 qui
2783 5714 3129 5771 decessorem
3170 5732 3330 5772 suum
3367 5719 3466 5772 Μί-

1881 5804 2128 5860 chaclem
2160 5805 2544 5874 imperatorem
2579 5805 2821 5867 sustulit,
2882 5816 3046 5874 atque
3082 5808 3137 5863 in
3170 5808 3321 5865 hunc
3348 5828 3466 5863 ιιιυ-

1883 5898 2014 5955 dum
2041 5914 2226 5956 rerum
2260 5898 2316 5957 in
2346 5913 2404 5955 se
2430 5912 2701 5954 summam
2736 5902 3018 5957 transtulit
3056 5926 3066 5960 :
3098 5918 3263 5975 quem
3289 5903 3467 5974 ipsum
