4174 6442
773 392 883 454 655

1872 400 1969 459 EX
2022 399 2193 460 VITA
2256 390 2536 456 BASILII
2582 394 2959 456 JUNIORIS.

3943 398 4053 461 656

779 514 910 566 dum
948 513 1186 567 animam
1219 520 1425 579 ageret,
1458 513 1713 569 viditsibi
1738 519 2163 585 esprobrantem
2196 525 2336 584 atqm

2464 525 2564 561 σοι
2598 510 2879 575 ἐποίησα,
2906 508 2953 560 ὦ
2979 510 3277 566 Βασίλεια.
3307 509 3345 576 ἢ
3381 511 3434 561 τί
3484 526 3582 563 σοι
3611 509 3901 577 ἠδίκησα.
3960 514 4051 565 ὅτι

780 608 1053 660 dicentem
1091 624 1101 658 :
1136 606 1400 671 Quidnam
1424 608 1537 671 tibi,
1566 607 1751 671 Basili,
1783 610 1900 677 feci,
1938 620 2031 663 aut
2067 612 2192 679 quid
2226 612 2357 672 lu'si,

782 701 918 767 quod
940 701 1012 751 sic
1042 701 1325 752 crudeliter
1356 718 1437 754 me
1470 702 1830 755 interemisti?
1869 703 2035 773 Inque
2078 720 2204 758 eum
2248 721 2361 759 mo-

780 794 907 844 dum
938 794 1117 845 scelus
1142 794 1476 854 conﬁtendo,
1512 793 1728 847 vivendi
1766 794 1928 848 linem
1960 796 2110 854 fecit,
2150 796 2360 849 relictis

778 881 833 933 in
858 881 1109 949 imperio,
1150 879 1332 933 Leone
1359 890 1407 932 et
1446 881 1756 935 Alexandro
1787 883 1934 936 liliis.

844 970 899 1020 Ξῖ.
944 968 1148 1020 llorum
1206 968 1421 1036 imperii
1467 984 1612 1022 anno
1648 970 1887 1032 decimo,
1935 971 2005 1023 ob
2048 972 2356 1025 necessaria

774 1060 1024 1128 quaedam
1077 1076 1340 1119 munera,
1394 1061 1546 1115 missi
1590 1063 1643 1116 in
1685 1062 1868 1116 Asiam
1918 1064 2141 1132 quidam
2189 1064 2356 1133 Magi-

776 1149 971 1203 striani
1009 1162 1167 1204 sunt:
1217 1152 1312 1218 qni
1358 1150 1410 1204 in
1456 1162 1641 1206 monte
1682 1153 1920 1220 quodam
1959 1155 2079 1224 ejus
2118 1155 2359 1223 regionis

775 1243 952 1295 arduo
1001 1256 1065 1295 ac
1113 1240 1321 1295 diﬂicili
1368 1243 1475 1297 iter
1534 1243 1837 1308 habentes,
1882 1245 1937 1297 in
1978 1255 2229 1298 sanctum
2280 1246 2361 1298 ibi

777 1344 907 1387 tunc
963 1342 1273 1388 versantem
1326 1334 1609 1399 incidere,
1666 1335 1760 1389 vili
1824 1336 2013 1388 habitu
2078 1336 2353 1400 indutum,

772 1427 1087 1495 agrestique
1147 1430 1331 1495 specie
1385 1426 1538 1496 quasi
1586 1428 1937 1481 monticolam
1988 1428 2266 1481 hominem
2300 1437 2355 1482 et

774 1518 829 1571 in
881 1519 1049 1589 sylvis
1092 1521 1379 1571 nutritum.
1414 1519 1537 1573 Rati
1571 1528 1753 1573 autem
1797 1535 1921 1572 eum
1949 1520 2353 1587 exploratorem

769 1623 915 1671 esse,
944 1618 1176 1663 nterant
1210 1608 1263 1662 in
1290 1624 1463 1678 equos
1498 1610 2001 1677 insilientesipsum
2034 1616 2351 1672 tenuerunt,

768 1716 833 1756 ac
906 1710 1251 1757 revertentes
1316 1702 1638 1772 Byzantium
1712 1716 1900 1756 secum
1978 1701 2352 1756 adduxerunt.

767 1794 1014 1863 Cumque
1042 1795 1110 1849 de
1142 1796 1235 1849 illo
1255 1796 1573 1849 retulissent
1603 1796 1668 1849 ad
1701 1796 2082 1865 imperatores.
2117 1795 2353 1850 traditus

2464 602 2653 666 οὕτως
2683 600 2955 666 ἀνηλεῶς
2972 620 3044 669 με
3076 600 3459 667 κατέκτεινιις
3492 619 3508 664 ;
3540 604 3630 655 καὶ
3660 602 3833 667 οὓτως
3853 605 4047 672 ἐξαγοα

2466 693 2663 763 ρεύων,
2695 692 2835 744 τέλει
2863 692 2957 744 τοῦ
3010 692 3128 762 βίου
3176 695 3471 762 ἐχρήσατο,
3524 696 3604 757 είς
3628 696 3731 762 τὴν
3763 694 4050 763 βαειλεξαν

2462 784 2777 837 καταλιπὼν
2844 784 3049 837 Λέοντα
3126 784 3223 838 καὶ
3289 784 3635 856 Ἀλέξανδρον
3698 788 3823 850 τοὺς
3900 787 4049 849 υἱοὺς

2462 877 2648 930 αὑτοῦ.

2533 969 2597 1040 β’.
2630 971 2849 1024 Τούτων
2883 971 3097 1041 δεκάτῳ
3138 971 3247 1025 ἔτει
3279 972 3380 1041 τῆς
3430 973 3729 1043 βασιλείας,
3774 975 3865 1027 διά
3896 992 4049 1037 τινας

2460 1063 2699 1127 δουλείας
2731 1069 2808 1127 είς
2829 1066 2928 1130 τὴν
2983 1066 3168 1117 Ἀσίαν
3218 1067 3644 1137 Μαγιστριανῶν
3692 1084 3857 1119 τινων
3908 1070 4049 1121 ἀπο-

2462 1158 2766 1210 σταλέντων
2802 1157 2891 1210 ὺπ’
2922 1157 3122 1223 αὐτῶν,
3158 1160 3217 1210 ἐν
3244 1158 3360 1227 ὄρει
3390 1160 3497 1211 τινὶ
3542 1160 3651 1211 τῶν
3686 1160 3866 1211 ἐκεῖσε
3904 1160 4050 1229 διερ·

2458 1248 2711 1315 χσμένων
2758 1248 3062 1314 δυσϐάτων,
3101 1248 3257 1318 ἔτυχε
3293 1250 3384 1301 τὸν
3426 1251 3581 1317 ἆγιον
3622 1252 3680 1302 ἐν
3714 1250 3897 1321 τούτῳ
3924 1254 4049 1303 τότε

2457 1337 2958 1410 ἀναστρεφόμενον,
2989 1340 3187 1412 εὔηθες
3233 1342 3420 1411 σχῆμα
3461 1342 3753 1413 φοροῦντα,
3801 1342 3902 1395 καὶ
3938 1346 4049 1394 ἀστ-

2458 1431 2804 1498 ηγριωμένον
2876 1430 3007 1484 ὄντα
3080 1433 3157 1495 ὡς
3200 1432 3569 1503 ὀρεσίτροφον.
3618 1434 3725 1485 Καὶ
3769 1431 4049 1501 δηλάτορα

2454 1516 2665 1580 τούτοις
2688 1518 2917 1583 δόξαντα
2946 1515 3111 1588 εἶναι,
3151 1522 3227 1585 ὡς
3259 1518 3403 1591 εἶχον
3433 1524 3540 1575 τῶν
3576 1524 3757 1575 ἵππων
3785 1539 4050 1590 καταπη-

2455 1607 2737 1674 δήσαντες,
2767 1611 3028 1681 συνέσχον
3056 1612 3220 1665 αύτόν
3239 1630 3254 1645 ·
3286 1618 3377 1665 καὶ
3433 1613 3622 1666 τοῦτον
3668 1614 3787 1682 μεθ’
3826 1615 4046 1667 ἑαυτῶν

2457 1699 2939 1773 ὑποστρέφοντες,
3020 1706 3100 1769 είς
3170 1707 3270 1775 τὴν
3353 1705 3741 1774 βασιλεύουσαν
3804 1708 4041 1778 ἧγαγον.

2456 1790 2542 1863 [P.
2577 1794 2706 1867 395]
2759 1796 2893 1866 Περὶ
2936 1790 2999 1850 οὗ
3050 1799 3297 1860 καὶτοῖς
3354 1798 3665 1868 βασιλεῦσιν
3715 1799 4042 1869 ἀνενεχθὲν.

767 1894 851 1939 est
874 1884 939 1939 ad
974 1886 1307 1954 quaestiones
1337 1884 1405 1939 de
1433 1900 1501 1937 eo
1530 1864 1813 1940 habendas
1849 1884 2100 1955 Agareno
2130 1884 2336 1938 cuidam

2454 1887 2536 1947 είς
2586 1864 3143 1962 ἐξέτασιν-παρεδόθη
3186 1864 3505 1960 ’Δγαρηνῶν
3538 1908 3645 1943 τινι
3691 1864 3951 1962 Σαμωνᾷ,
3979 1893 4045 1944 τὸ

768 1976 1038 2040 Samonzc,
1075 1976 1342 2046 dignitate
1376 1977 1631 2047 patricio,
1664 1977 1757 2045 qui
1802 1977 1973 2046 ipsius
2004 1986 2223 2030 oausam
2250 1991 2347 2031 eo-

768 2068 1021 2137 gniturus
1060 2078 1228 2132 esset,
1267 2078 1326 2123 et
1360 2070 1637 2139 quisnam,
1673 2080 1729 2125 et
1764 2069 1932 2132 unde,
1962 2068 2183 2138 quodve
2228 2071 2347 2141 ejus

770 2161 1056 2231 proprium
1094 2178 1293 2215 nomen
1327 2173 1493 2226 esset,
1523 2164 1956 2219 examinaturns.

834 2253 891 2308 3.
939 2253 988 2308 ls
1035 2269 1168 2324 ergo
1217 2269 1284 2308 eo
1333 2255 1558 2309 domum
1612 2268 1917 2326 assumpto,
1952 2272 2015 2311 ac
2043 2271 2143 2326 pro
2171 2256 2346 2311 tribu-

763 2345 880 2401 nali
922 2332 1049 2402 eum
1107 2347 1257 2401 omni
1316 2348 1580 2402 satellitio
1635 2364 1737 2403 suo
1784 2365 2098 2420 pompaque
2144 2350 2345 2403 sedens

765 2439 909 2505 (erat
935 2440 1082 2494 enim
1118 2440 1273 2493 novis
1309 2440 1473 2495 rebus
1528 2441 1780 2505 studens,
1812 2442 2179 2511 superbiaque
2228 2443 2344 2496 cla-

765 2538 855 2586 tus
887 2546 949 2586 ac
988 2531 1128 2585 fastu
1175 2540 1415 2597 tumens,
1457 2550 1564 2603 qua
1609 2534 1927 2588 divitiarum
1966 2533 2126 2604 copia
2154 2548 2217 2588 ac
2244 2533 2346 2587 im-

763 2624 1058 2679 mensitate
1108 2626 1455 2693 constipatus
1510 2630 1661 2692 erat)
1724 2626 2016 2681 confestim
2089 2635 2340 2680 sanctum

760 2718 866 2774 sibi
896 2734 1077 2773 coram
1114 2718 1429 2789 sistijnbet.
1465 2718 1585 2785 Quo
1615 2729 1828 2773 astante
1854 2719 2127 2787 intrepida
2158 2730 2343 2773 mente

761 2826 1057 2879 sensuque,
1096 2819 1152 2863 ut
1188 2826 1290 2864 nec
1321 2810 1690 2879 genuﬂectere
1746 2811 1801 2864 in
1830 2811 2076 2865 animum
2108 2809 2343 2865 induxe-

763 2903 852 2962 iit,
895 2904 973 2957 uti
1003 2902 1286 2972 iudicibus
1317 2904 1489 2958 moris
1517 2912 1622 2968 est,
1648 2903 1806 2958 valde
1849 2905 2021 2959 iratus
2051 2903 2338 2965 Samonas,

763 2995 1194 3066 infrendensque
1235 2998 1394 3051 inﬁt:
1436 2996 1594 3052 Nobis
1635 2998 1935 3068 responde:
1988 2998 2063 3053 Tu
2110 3000 2226 3066 quis
2263 3013 2337 3060 es,

759 3099 809 3143 ct
841 3091 978 3143 unde
1003 3130 1017 3155 ,
1048 3091 1263 3159 etquod
1301 3101 1449 3143 tuum
1502 3092 1735 3143 nomen?
1784 3090 1883 3145 Cui
1939 3103 2165 3145 sanctus
2204 3090 2339 3144 nihil

2453 1974 2673 2046 ἀξίωμα
2708 1980 3008 2050 πατρικίῳ,
3070 1980 3167 2033 τοῦ
3224 1981 3521 2049 διαγνῶναι
3580 1983 3647 2035 τὰ
3701 1985 3824 2036 κατ’
3871 1984 4045 2037 αὐτὸν

2450 2067 2583 2136 παρ’
2609 2068 2774 2121 αὑτοῦ
2799 2111 2813 2135 ,
2843 2070 2925 2133 τίς
2947 2070 3007 2122 τέ
3026 2072 3163 2135 ἐστι,
3191 2072 3288 2125 καὶ
3326 2072 3512 2135 πόθεν,
3542 2071 3639 2125 καὶ
3665 2073 3718 2125 τί
3736 2073 3799 2124 τὸ
3844 2072 4043 2126 τούτου

2451 2157 2642 2229 κύριον
2667 2160 2857 2231 ὄνομα.

2522 2250 2591 2316 γ’.
2640 2252 2697 2305 '0
2740 2253 2797 2305 δὲ
2836 2255 3170 2324 παραλαϐὼν
3210 2255 3376 2310 αὑτὸν
3424 2257 3505 2319 είς
3552 2255 3646 2309 τδν
3687 2256 3819 2310 ἰδιον
3860 2251 4042 2323 οἷκον,

2451 2343 2548 2395 καὶ
2574 2345 2919 2413 προκαθίσας
2968 2348 3065 2400 σὺν
3118 2350 3270 2420 πάσῃ
3296 2350 3361 2419 τῇ
3414 2349 3689 2419 φαντασίᾳ
3734 2348 3904 2401 αὑτοῦ
3949 2345 4046 2420 (ἦν

2452 2438 2557 2505 γὰρ
2586 2439 2930 2509 νεωτερίζων
2963 2442 3055 2493 καὶ
3085 2441 3535 2512 γεγαυριωμένος
3574 2441 3668 2493 καὶ
3700 2444 3791 2495 ἐπὶ
3837 2443 4043 2513 πλήθει

2451 2528 2689 2583 πλούτου
2717 2532 3107 2602 ἐπαιρόμενος)
3131 2537 3444 2607 παραυτίκα
3466 2535 3677 2589 κελεύει
3702 2534 3843 2588 κατὰ
3868 2538 4045 2606 προσ-

2448 2638 2597 2673 ωπον
2632 2623 2798 2677 αὑτοῦ
2825 2627 3179 2696 παραστῆναι
3220 2626 3313 2680 τὸν
3348 2627 3523 2696 ᾰγιον.
3558 2620 3632 2681 Οὗ
3657 2629 4045 2698 παραστάντος

2448 2716 2707 2786 ἁπτυήτῳ
2755 2720 3088 2789 φρονήματι,
3134 2720 3209 2783 ὡς
3263 2722 3398 2791 μηδὲ
3440 2720 3665 2789 θελῆσαι
3701 2721 4041 2787 γονυκλῖναι,

2449 2807 2525 2869 ὼς
2574 2808 2698 2871 ἔθος
2750 2809 2981 2878 ἄρχουσι
3024 2812 3232 2880 νέμειν,
3265 2812 3514 2884 ὠργίσθη
3565 2812 3687 2865 λίαν
3742 2814 4041 2880 Σαμωνᾶε,

2450 2901 2547 2953 καὶ
2582 2902 2747 2971 φησὶν
2787 2904 3063 2972 ἐμϐριθὼς
3102 2907 3241 2976 πρὸς
3271 2906 3455 2958 αὐτόν
3502 2905 3664 2975 Ἡμῖν
3691 2906 4039 2975 ἀπόκρίναι,

2450 2994 2533 3046 Σὺ
2568 2994 2661 3057 τίς
2689 2995 2789 3047 καί
2838 2998 3026 3049 πόθεν
3053 2993 3127 3060 εί,
3161 2998 3259 3051 καί
3299 3000 3356 3051 τί
3405 3014 3523 3052 σου
3568 2998 3681 3065 ἄρα
3722 2998 3789 3051 τὸ
3821 3000 4040 3067 ὄνομα;

2460 3092 2517 3144 '0
2564 3092 2619 3146 δὲ
2678 3094 2832 3161 ἆγιος
2883 3096 2982 3149 οὐκ
3028 3095 3303 3165 ἀπεκρίθη
3365 3097 3550 3167 αὐτῷ’
3616 3098 3733 3151 ἀλλ’
3785 3099 4041 3169 εἱστήκει

760 3182 1045 3250 respondit
1082 3182 1156 3251 ,l)
1184 3201 1196 3235 :
1235 3183 1329 3235 sed
1354 3184 1531 3236 stabat
1560 3182 1747 3238 sedata
1778 3194 1979 3242 tuente,
1999 3182 2336 3253 placidisque

2448 3183 2696 3254 ⁴ίςρεμιῖιν,
2733 3186 2827 3237 καὶ
2860 3185 3096 3255 πραέσιν
3130 3185 3437 3255 ὀφθαλμοῖς
3467 3188 3730 3251 ἀτενίζων
3752 3187 3906 3258 αὑτῷ

760 3275 814 3327 in
839 3288 964 3326 eum
999 3272 1227 3326 intentis
1258 3275 1455 3328 oculis.

828 3366 881 3419 4.
946 3366 1037 3420 Ait
1086 3367 1153 3419 ad
1207 3382 1333 3420 eum
1379 3377 1652 3422 unctus:
1700 3367 1771 3420 Tu
1812 3384 1934 3421 vero
1980 3368 2095 3436 quis
2138 3375 2246 3430 est,
2291 3375 2340 3419 et

759 3460 901 3513 unde
927 3460 951 3511 .’
975 3458 1066 3514 'Ad
1103 3476 1265 3529 quem
1310 3460 1576 3515 Santonos
1599 3503 1612 3522 ,
1660 3462 1772 3532 Ego
1800 3478 1918 3514 sum
1950 3461 2211 3517 Santonus
2245 3481 2342 3533 pa—

759 3554 940 3605 tricius
972 3563 1017 3606 et
1062 3553 1327 3605 m'cubitor
1354 3553 1516 3621 (sacri
1540 3554 1777 3608 cubiculi
1798 3554 2110 3623 prmfertusi
2133 3571 2337 3619 eorum,

756 3649 845 3715 qui
880 3664 1017 3700 nunc
1046 3647 1408 3700 Romanorum
1456 3658 1661 3718 sceptra
1699 3649 2062 3701 moderantur.
2114 3648 2213 3703 Cui
2254 3649 2339 3701 vir

756 3741 950 3794 beatus
978 3758 988 3793 :
1028 3740 1138 3810 Ego
1169 3756 1373 3809 quoque
1411 3743 1715 3809 peregrinus
1748 3758 1884 3803 sum,
1920 3750 1967 3792 et
1998 3757 2130 3793 unus
2156 3758 2335 3793 eorum

754 3835 842 3897 qui
877 3834 1117 3886 habitant
1149 3842 1369 3887 terram.

826 3926 876 3979 5.
920 3925 1010 3979 Ait
1050 3924 1315 3977 Santonos
1349 3944 1359 3977 :
1419 3924 1703 3978 "ominum
1746 3924 2129 3988 scelestissinw,
2156 3942 2332 3993 quau-

754 4017 841 4067 diu
902 4016 1081 4068 dolum
1143 4015 1377 4068 orcultas
1432 4018 1483 4069 iu
1537 4019 1692 4068 corde
1749 4016 1884 4069 tuo?
1930 4016 2009 4069 Ad
2056 4033 2217 4086 quem
2250 4018 2333 4070 vir

752 4112 946 4163 l-eatns
981 4126 992 4162 :
1030 4109 1131 4174 Qui
1180 4113 1231 4163 iu
1273 4110 1471 4163 orculto
1510 4109 1858 4164 Sodomorum
1902 4128 2060 4180 opera
2103 4112 2329 4181 faciunt,

750 4205 889 4255 velut
947 4212 1042 4265 tu,
1106 4204 1157 4256 lii
1222 4203 1355 4256 tales
1414 4206 1600 4256 merito
1660 4203 1864 4257 scelesti
1926 4217 2324 4273 nuncupantur.

749 4297 880 4351 Erat
926 4296 1073 4349 enim
1120 4297 1388 4350 Samonas
1434 4306 1627 4349 natura
1677 4297 1870 4366 spado,
1909 4298 2171 4367 vultuque
2232 4316 2326 4353 vc—

680 4436 686 4442 .
750 4398 965 4445 ﬂllSlUS.

815 4483 868 4535 6.
910 4479 1061 4533 Vivis
1086 4480 1269 4547 itaque
1298 4480 1689 4548 exeinpto,qni
1725 4489 1839 4534 tum
1862 4479 2081 4549 imperii
2106 4488 2322 4548 sceptra

2513 3361 2575 3416 δ’.
2614 3362 2776 3430 Λέγει
2809 3363 2948 3433 πρὸς
2988 3363 3149 3416 αὑτὸν
3191 3364 3219 3415 ὁ
3260 3365 3445 3431 ἅγιος·
3476 3365 3561 3418 Σὺ
3590 3364 3659 3416 δὲ
3704 3366 3797 3431 τίς
3826 3361 3902 3429 εἶ,
3932 3367 4033 3419 καί

2442 3457 2665 3517 πόθεν;
2709 3456 2818 3508 Καὶ
2872 3457 2901 3507 ὁ
2960 3456 3248 3525 Σαμωνᾶς·
3297 3456 3446 3526 Ἐγώ
3500 3459 3614 3525 ειμι
3661 3458 3953 3525 Σαμωνᾶς
4001 3462 4037 3512 ὁ

2441 3549 2751 3616 πατρίκιος
2774 3547 2871 3601 καὶ
2893 3552 3417 3618 παρακοιμώμενος
3463 3547 3581 3601 τῶν
3601 3549 3719 3603 νῦν
3744 3553 4035 3619 κατεχόν-

2440 3657 2559 3693 των
2594 3641 2663 3693 τὰ
2700 3638 2982 3707 σκῆπτρα
3032 3642 3355 3711 Ῥωμαίων.
3409 3643 3570 3709 Λέγει
3613 3643 3750 3711 πρὸς
3788 3644 3950 3696 αὑτὸν
4004 3647 4033 3697 6

2443 3732 2735 3800 μακάριος.
2794 3733 2965 3800 Κάγὼ
3020 3732 3199 3797 ξένος
3237 3735 3376 3803 εἰμί,
3428 3734 3525 3787 καί
3582 3730 3669 3801 εἷς
3717 3735 3834 3788 τῶν
3888 3754 4033 3795 7w:-

2438 3824 2768 3876 οιιιούντων
2804 3824 2921 3891 τὴν
2946 3823 3083 3892 γῆν.

2518 3914 2581 3969 ε’.
2624 3918 2768 3986 Ἔφη
2799 3918 3089 3986 Σαμωνᾶς,
3138 3920 3364 3972 Ἀνόσιε
3393 3919 3511 3972 τῶν
3539 3921 3889 3989 ἀνθρώπων,
3919 3923 4034 3987 ἕως

2438 4009 2600 4073 τ.’νος
2630 4011 2915 4075 κρύπτεις
2938 4011 3045 4062 τὸν
3070 4010 3259 4064 δόλον
3284 4012 3353 4065 ἐν
3380 4011 3453 4080 τῇ
3483 4013 3690 4081 καρδίᾳ
3716 4026 3857 4081 σου;
3882 4016 4028 4087 Ἔφη

2436 4103 2573 4170 πρὸς
2604 4101 2766 4155 αὑτὸν
2807 4104 2835 4153 ὁ
2870 4102 3159 4171 μακάριος,
3196 4107 3260 4156 Ol
3297 4104 3369 4156 τὰ
3408 4102 3527 4156 τῶν
3559 4105 3845 4174 Σοδόμων
3882 4109 4029 4174 ἔργα

2435 4194 2711 4261 κρυπτῶς
2752 4195 3094 4261 ποιοῦντες,
3130 4195 3210 4259 ὡς
3244 4195 3351 4259 σὺ,
3392 4194 3635 4260 δικαίως
3668 4199 3722 4249 οἱ
3766 4198 4027 4252 τοιοῦτοι

2431 4288 2668 4341 ἀνόσιοι
2722 4289 3296 4357 προσαγορεύονται.
3353 4283 3459 4339 Ἦν
3497 4288 3607 4357 γὰρ
3669 4291 3698 4341 ὁ
3753 4289 4028 4360 Σαμωνᾶς

2432 4377 2593 4448 φύσει
2624 4380 2901 4449 εὐνοῦχος,
2937 4379 3030 4433 καὶ
3056 4378 3258 4451 ὡραῖος
3280 4383 3346 4449 τῇ
3374 4380 3517 4449 ὄψει.

2509 4478 2583 4535 ς’.
2619 4471 2996 4541 Παρελθόντος
3026 4471 3121 4525 οὖν
3155 4472 3250 4526 τοῦ
3292 4473 3416 4526 τότε
3452 4474 3521 4526 τὰ
3576 4478 3837 4545 σκῆπτρα
3890 4495 4026 4532 κατ-

746 4573 989 4633 tenebat,
1026 4571 1230 4633 Leone,
1269 4580 1390 4642 post
1410 4587 1614 4624 annum
1658 4586 1723 4625 ac
1755 4572 1876 4626 dies
1915 4573 2125 4642 aliquot
2176 4571 2323 4625 illius

2442 4567 2649 4636 ἔχοντος
2691 4568 2944 4630 Λέοντος.
2981 4568 3100 4637 μετ’
3132 4568 3381 4622 ὲνιαυτδν
3416 4570 3510 4623 καὶ
3540 4572 3739 4641 μικρόν
3774 4589 3827 4626 τι
3858 4576 4023 4640 πρὸς,

743 4679 966 4733 quoque
1016 4678 1309 4732 germanus
1370 4662 1680 4717 Alexander
1740 4663 2000 4719 humanis
2062 4662 2322 4725 excessit,

741 4771 1064 4813 successore
1132 4756 1346 4826 imperii
1409 4756 1604 4810 relicto
1663 4756 2028 4812 Constantino
2092 4771 2193 4811 suo
2253 4772 2320 4811 ex

741 4843 923 4899 Leone
952 4844 1121 4898 fratre
1161 4854 1383 4912 nepote.
1418 4858 1544 4898 cum
1574 4845 1696 4914 ejus
1726 4853 1901 4899 matre
1921 4844 2049 4899 Zoc.
2070 4843 2321 4913 Cumque

738 4946 946 4990 tenerae
996 4936 1293 4990 admodum
1334 4936 1513 4990 aetatis
1561 4952 1699 5006 puer
1748 4946 1917 4998 esset,
1982 4944 2198 4990 tutores
2237 4937 2315 4990 illi

736 5042 803 5085 ac
850 5030 1111 5083 custodes
1159 5028 1423 5099 reliquit,
1474 5038 1590 5084 tum
1640 5029 1853 5084 scilicet
1894 5029 2179 5083 Nicolaum
2228 5044 2315 5082 ar-

733 5120 1147 5189 chiepiscopum
1198 5119 1905 5192 Constantinopolitanum,
1972 5130 2087 5176 tum
2146 5120 2315 5190 magi-

733 5218 909 5265 strum
968 5211 1233 5267 Joannem
1275 5211 1532 5266 Garidam
1564 5253 1578 5273 ,
1630 5212 1924 5281 molesque
1956 5253 1970 5273 ,
2017 5211 2309 5281 imperium

732 5320 909 5373 puero
948 5315 1299 5368 servaturos,
1336 5322 1404 5359 ne
1438 5307 1564 5375 quis
1604 5316 1844 5375 raperet,
1887 5316 1984 5360 aut
2012 5304 2116 5359 sibi
2151 5320 2305 5359 usur-

730 5407 908 5467 paret.
948 5398 1046 5453 His
1076 5400 1280 5469 itaqne,
1313 5400 1391 5452 uti
1427 5400 1636 5453 dictum
1675 5408 1781 5460 est,
1811 5396 2133 5452 concredita
2168 5397 2312 5451 aula:

729 5489 1231 5555 administratione,
1280 5490 1489 5545 absona
1540 5489 1791 5560 quaedam
1838 5488 2044 5543 ﬁebant
2085 5488 2141 5543 in
2186 5504 2305 5559 rep.

726 5581 1087 5651 barbamque
1119 5591 1311 5653 gentes
1348 5593 1566 5653 sumpta
1606 5582 1852 5645 licentia,
1885 5581 2005 5635 loca
2036 5581 2161 5635 urbi
2193 5581 2307 5635 cir-

724 5673 1035 5729 cumvicina
1066 5673 1491 5746 populabantur,
1521 5690 1647 5731 cum
1682 5689 1794 5730 non
1822 5682 1969 5730 esset
1998 5673 2090 5744 qui
2123 5684 2310 5742 posset

2431 4661 2525 4712 καὶ
2558 4660 2587 4712 ὁ
2618 4658 2812 4712 τούτου
2852 4660 3190 4729 αύτάδελφος
3222 4662 3459 4730 μετέστη
3488 4660 3868 4732 Ἀλέξανδρος,
3899 4665 4024 4717 διὰ-

2424 4752 2580 4823 δοχον
2613 4752 2947 4820 καταλείψας
2981 4756 3079 4823 τῆς
3115 4752 3395 4823 βασιλείας
3446 4754 3540 4807 τὸν
3565 4755 3630 4807 ὲκ
3661 4755 3758 4808 τοῦ
3792 4756 4025 4821 Λέοντος

2423 4844 2650 4907 ἀνεψιὸν
2697 4844 3129 4904 Κωνσταντενον,
3176 4841 3274 4896 σὺν
3304 4845 3373 4913 τῇ
3424 4843 3597 4913 μητρὶ
3645 4843 3817 4896 αὑτοῦ
3869 4848 4019 4915 Ζωῇ.

2424 4935 2641 5004 Νήπιον
2699 4935 2757 4989 δὲ
2805 4935 3004 5006 κομιδῇ
3050 4934 3203 4999 ὅντα,
3256 4934 3589 5006 ἰπιτρόπους
3623 4936 3719 4988 καὶ
3766 4936 4021 5005 φύλακας

2424 5029 2575 5097 αὐτῷ
2596 5030 2871 5098 ἐπαφῆκε,
2889 5028 2981 5081 τόν
3023 5046 3085 5081 τε
3117 5029 3555 5098 ἀρχιεπίσκοπον
3576 5030 4019 5082 Κωνσταντινου-

2426 5122 2636 5186 πόλεως
2674 5121 2965 5185 Νικόλαον,
2995 5122 3088 5175 καὶ
3135 5122 3392 5190 Ἰωάννην
3431 5119 3744 5191 μάγιστρον
3778 5124 3875 5174 τὸν
3911 5124 4018 5177 Γαο

2423 5214 2597 5282 ριδάν,
2633 5214 2727 5266 καὶ
2759 5213 2883 5275 τοὺς
2918 5213 3015 5266 σὺν
3050 5214 3258 5275 αὐτοῖς,
3288 5213 3389 5281 τὴν
3420 5212 3699 5283 βασίλειον
3726 5215 3911 5285 ἀρχὴν
3943 5215 4020 5283 τῷ

2422 5300 2575 5352 παιδὶ
2607 5299 3034 5371 συντηροῦντας,
3070 5302 3146 5371 μή
3187 5317 3273 5364 τις
3310 5302 3535 5373 ἁρπάσῃ
3572 5303 3769 5373 αὑτήν.
3795 5304 4019 5358 Τούτων

2416 5391 2513 5445 οὖν
2536 5392 2637 5455 τὰς
2665 5394 3035 5461 ἁνακτορικὰς
3064 5395 3383 5462 οἰκονομίας
3408 5396 3904 5465 πεπιστευμένων.
3942 5398 4017 5458 ὡς

2416 5484 2659 5555 εἴρηται,
2687 5485 2913 5554 ἀπρεπῆ
2947 5502 3071 5538 τινα
3103 5486 3198 5538 ἐπὶ
3226 5486 3321 5540 τοῦ
3344 5487 3606 5557 δημοσίου
3638 5492 3980 5559 ἐπράττοντο
3998 5508 4012 5518 ’

2417 5578 2513 5630 καὶ
2557 5575 2625 5628 τὰ
2653 5576 2840 5646 κύκλῳ
2892 5576 3148 5649 βάρϐαρα
3198 5578 3329 5649 ἔθνη
3374 5580 3531 5651 ἀδείᾳ
3561 5583 3917 5651 χρησάμενα,
3949 5586 4012 5633 τὰ

2418 5668 2582 5740 πέριξ
2606 5668 2701 5738 τῆς
2728 5668 2937 5732 πόλεως
2960 5668 3261 5740 ἐληΐζοντο,
3298 5671 3373 5743 μὴ
3404 5671 3561 5737 ὄντος
3581 5674 3674 5727 τοῦ
3707 5672 4010 5746 δυναμένου

795 5858 871 5931 Η)
917 5858 996 5915 Ex
1038 5858 1141 5915 hoc
1184 5858 1403 5917 silentio
1452 5858 1623 5915 multa
1670 5858 1821 5915 illata
1862 5856 2151 5931 supplicia,
2179 5763 2328 5930 rusco

2442 5863 2645 5912 rantur
2687 5854 2743 5910 in
2773 5854 2918 5911 Vita.
