4174 6442
742 402 852 464 659

1862 395 1961 454 EX
2004 392 2176 453 VITA
2218 392 2501 453 BASILII
2535 389 2895 452 JUNIORIS

3896 384 4003 446 660

746 524 1032 573 noverant.
1070 530 1190 569 sese
1218 513 1365 566 domi
1395 516 1766 570 continentes,
1803 509 2022 562 silentio
2060 507 2313 577 agebant.

2455 524 2611 567 αντες
2642 505 2773 574 παρ’
2799 502 2966 555 αὑτοῦ
2994 502 3054 554 τὸ
3082 502 3275 569 μέλλον
3301 499 3556 569 γενέσθαι
3588 497 3832 566 ὀλέθριον
3862 500 3999 565 σύμ-

750 606 1018 673 lienique,
1056 619 1164 672 quo
1197 618 1261 654 ex
1305 611 1551 668 tempore
1595 606 1840 650 atrocem
1876 595 2024 648 illam
2063 609 2319 663 praenun-

746 699 939 751 tiasset
966 697 1191 756 eisdem,
1220 692 1497 763 gemendi,
1527 674 1887 753 lamentandi,
1933 687 2156 757 lugendi
2193 685 2321 738 nul-

745 793 859 844 lum
893 789 1057 843 linem
1084 788 1237 841 fecit.

815 971 979 1040 602
996 969 1047 1023 8.
1068 968 1185 1023 Duo
1210 980 1377 1034 porro
1393 959 1615 1033 quidam
1634 959 1917 1029 cujusdam
1935 956 2202 1028 magnaiis
2224 954 2321 1011 lilii

749 1082 814 1119 ac
872 1057 1325 1129 protospatharii,
1360 1056 1538 1124 ipsum
1576 1050 1987 1114 convenientes,
2021 1048 2319 1118 rogabant:

748 1168 876 1203 nam
913 1150 1009 1201 sibi
1047 1148 1314 1216 expediret
1360 1146 1525 1206 abire,
1567 1160 1629 1196 ac
1657 1159 1712 1195 se
1754 1141 1913 1194 Ducis
1946 1140 2200 1195 satellitio
2224 1139 2323 1192 ad-

745 1243 967 1309 jungere
994 1239 1018 1291 Ρ
1047 1237 1260 1304 Quibus
1286 1236 1379 1289 ille
1408 1251 1423 1287 :
1458 1232 1656 1296 Nolite,
1677 1231 1799 1299 filii,
1820 1230 1978 1283 nolite
2006 1231 2080 1283 sic
2112 1230 2285 1298 facere
2306 1244 2324 1281 :

750 1349 917 1402 neque
984 1332 1264 1399 desperata
1343 1326 1602 1396 ejusmodi
1674 1324 1896 1377 consilia
1960 1324 2182 1391 capite:
2242 1323 2325 1374 sin

752 1428 952 1486 minus,
1000 1440 1133 1476 unus
1162 1431 1391 1474 vestrum
1442 1421 1498 1471 in
1552 1418 1731 1488 gladio
1774 1416 1959 1468 cadet:
1993 1414 2151 1476 alter,
2179 1414 2329 1465 auri-

751 1517 846 1569 bus
918 1516 1241 1581 naribusque
1294 1512 1491 1582 putatis
1528 1549 1542 1571 ,
1615 1522 1754 1576 a’gre
1829 1514 2049 1559 mortem
2120 1504 2325 1557 evadet.

751 1607 1060 1668 Ambobus,
1094 1606 1241 1675 quod
1272 1612 1521 1657 sanctum
1549 1601 1741 1655 audire
1767 1600 2081 1662 noluerant,
2121 1598 2326 1660 evenit,

752 1698 898 1766 quod
930 1698 976 1752 is
1005 1697 1110 1751 illis
1144 1695 1475 1748 vaticinatus
1500 1699 1667 1747 esset.
1700 1691 1818 1744 Dux
1840 1693 1986 1743 enim
2024 1690 2163 1741 male
2193 1703 2328 1742 con-

752 1788 952 1848 sultus,
989 1787 1190 1840 malum
1227 1783 1333 1839 sibi
1389 1783 1612 1849 suisque
1643 1780 1934 1848 opsonium
1966 1777 2323 1846 comparavit.

2428 615 2627 666 πτωμα
2665 596 2765 665 ήδη
2802 594 2911 664 πρὸ
2931 592 3100 662 τριῶν
3145 592 3353 660 μηνῶν,
3384 590 3837 648 κατακλείσαντες
3874 589 4005 639 hu-

2426 689 2551 748 τοὺς
2570 687 2646 747 εἰς
2681 687 2806 746 τοὺς
2839 683 3073 743 οἰκείους
3099 683 3305 746 οἴκους,
3350 679 3608 749 ἠρέμουν.
3654 676 3772 728 Ἀπ’
3792 675 4003 728 ἐκείνου

2428 779 2560 847 γοῦν
2598 776 2693 829 τοῦ
2731 775 3029 846 καιροῦ,ἐν
3058 768 3102 840 ᾧ
3144 772 3301 826 τοῦτο
3351 772 3630 840 προεῖπεν,
3683 766 3783 819 οὐκ
3844 764 4005 834 ἔληξε

2431 872 2631 923 στένων
2660 869 2754 920 καὶ
2784 867 3181 936 ὀλοφυρόμενος
3220 865 3312 916 καὶ
3337 862 3568 916 πενθῶν.

2500 963 2576 1035 η’.
2615 963 2717 1016 Δύο
2750 962 2807 1015 δέ
2847 978 2991 1023 τινες
3024 959 3355 1029 μεγιστάνου
3392 956 3537 1017 τινὸς
3569 955 3721 1015 ὄντες
3753 952 3860 1004 uio".
3911 948 4009 1004 καὶ

2431 1056 2943 1127 πρωτοσπαθάριοι,
2987 1052 3236 1113 ἐλθόντες
3267 1049 3402 1120 πρὸς
3432 1047 3615 1109 αὑτὸν,
3650 1044 3903 1114 ἠρώτων,
3956 1042 4009 1093 ει

2431 1149 2722 1218 συμφέρει
2767 1147 2973 1211 αὐτοῖς
3026 1142 3314 1199 ἀπελθεῖν
3364 1142 3457 1193 καί
3510 1136 3883 1208 συμμιγῆναί
3935 1132 4012 1201 τῇ

2433 1241 2771 1306 novando/ct
2793 1239 2896 1292 τοῦ
2924 1237 3135 1291 Δοῦχα.
3154 1238 3213 1286 Ὀ
3229 1235 3283 1287 δέ.
3314 1249 3447 1302 φησι
3473 1231 3606 1298 πρὸς
3641 1228 3859 1289 αὐτούς·
3888 1224 4012 1291 Μὴ,

2433 1334 2638 1396 τέκνα,
2684 1333 2767 1401 μὴ
2821 1331 2975 1384 οὕτω
3030 1328 3349 1395 ποιήσητε,
3384 1325 3483 1377 καί
3525 1322 3833 1386 ἀνήκεστα
3882 1318 4015 1372 πεί-

2434 1428 2639 1479 σεσθε.
2677 1426 2744 1477 Εἰ
2783 1422 2952 1489 γοῦν,
2980 1424 3013 1474 ό
3032 1420 3150 1488 μὲν
3177 1413 3263 1483 εἷς
3296 1415 3465 1485 ὑμῶν
3499 1415 3569 1467 ἐν
3601 1413 3866 1482 μαχαίρᾳ
3904 1424 4013 1463 πε-

2435 1514 2624 1567 σεῖται
2643 1553 2657 1573 .
2689 1517 2720 1566 ό
2750 1512 2817 1565 δὲ
2842 1512 3064 1577 ἕτερος,
3086 1510 3153 1561 τὰ
3182 1503 3304 1563 ὦτα
3322 1507 3417 1559 καί
3454 1506 3568 1570 τὴν
3581 1506 3719 1571 ῥῖνα
3747 1501 4012 1570 τμηθεὶς,

2433 1604 2608 1671 μόλις
2640 1603 2747 1653 τάν
2781 1601 3043 1654 θάνατον
3079 1596 3483 1664 διδράσκειεν.
3514 1596 3578 1648 Οἳ
3604 1597 3698 1648 καὶ
3723 1590 4015 1662 παρακού-

2439 1710 2634 1756 σαντες
2679 1690 2773 1743 τοῦ
2852 1689 3037 1756 ἁγίου,
3096 1688 3132 1740 ἀ
3178 1689 3462 1756 προεῖπεν,
3510 1685 3731 1738 ἔπαθον.
3798 1684 3859 1735 ⁸0
3906 1684 4017 1751 γὰρ

2438 1786 2648 1847 Δοῦκας
2676 1782 2863 1844 κακῶς
2889 1782 3192 1851 φρονήσας,
3230 1778 3403 1831 κακὸν
3437 1776 3666 1846 ὀψώνιον
3703 1774 3885 1844 ἐαυτῷ
3920 1776 4017 1829 καὶ

752 1879 890 1932 Cum
913 1879 1061 1932 enim
1086 1877 1365 1945 patienter
1390 1875 1534 1927 ferre
1564 1873 1814 1933 deberet,
1852 1878 2017 1939 atque
2051 1869 2332 1937 ingressus

2449 1883 2549 1941 rei;
2589 1877 2706 1946 μετ’
2752 1873 2920 1928 αὐτοῦ
2962 1872 3212 1941 ἐπρίατο.
3273 1870 3535 1937 Ὀφείλων
3578 1869 3687 1938 γὰρ
3728 1866 4014 1937 μακροθυ-

753 1984 946 2023 omnes
990 1968 1176 2037 palatii
1220 1968 1477 2021 obsessos
1517 1975 1705 2019 tenere
1732 2004 1745 2028 ,
1774 1963 1847 2015 ita
1884 1971 1941 2015 ut
1974 1961 2110 2014 nihil
2148 1960 2213 2013 ad
2246 1960 2330 2011 vi-

754 2073 904 2117 etum
940 2062 1128 2115 inferri
1160 2068 1375 2129 posset,
1403 2068 1567 2128 atque
1594 2059 1665 2110 ita
1691 2055 1833 2109 fame
1869 2070 2087 2123 pressos
2111 2067 2329 2122 cogere,

756 2163 818 2207 ut
842 2153 1117 2222 supplices
1150 2152 1254 2205 sibi
1280 2160 1469 2219 portas
1498 2148 1800 2216 aperirent,
1826 2162 1993 2213 seque
2017 2146 2160 2197 intra
2184 2144 2331 2211 pala-

758 2246 894 2299 tium
932 2245 1075 2298 ultro
1098 2244 1473 2310 susciperent;
1512 2238 1789 2292 noluitsic
1819 2237 2022 2298 facere,
2084 2236 2179 2289 sed
2232 2237 2334 2289 de-

758 2338 934 2391 crevit
973 2352 1096 2388 cum
1140 2336 1255 2390 suis
1303 2335 1511 2387 intrare
1556 2347 1655 2401 per
1702 2339 1951 2400 portam,
1982 2346 2104 2398 qu:'e
2134 2330 2335 2384 Chalce

761 2430 1115 2491 nominatur,
1163 2428 1457 2482 securibus
1503 2424 1842 2479 conterenda
1877 2424 2131 2477 cardines
2169 2425 2289 2492 ejus
2322 2440 2335 2475 :

759 2538 884 2575 cum
937 2521 1089 2589 prius
1138 2535 1268 2573 suos
1302 2534 1495 2571 (mines
1532 2516 1824 2570 horrendis
1862 2516 2338 2569 exsecrationibus

760 2613 833 2667 ub
849 2614 1202 2666 strinxisset:
1244 2628 1308 2663 ne
1346 2610 1586 2681 gladium
1620 2611 1961 2678 stringerent,
2003 2625 2065 2660 ue
2091 2608 2338 2675 jarulum

759 2703 841 2756 vrl
876 2706 1081 2756 hastam
1120 2704 1481 2769 intorquerent
1521 2702 1767 2753 adversus
1792 2700 2049 2768 aliquem,
2088 2700 2176 2752 sed
2222 2700 2339 2750 abs-

760 2810 861 2863 que
903 2794 1163 2863 sanguine
1197 2793 1620 2861 ingrederentur.
1647 2790 1741 2843 Sin
1768 2791 1871 2853 illi,
1904 2790 2179 2857 inquiens,
2211 2789 2342 2841 nihil

762 2898 944 2940 contra
957 2905 1012 2941 se
1026 2896 1236 2957 agentes
1251 2902 1343 2937 nos
1361 2886 1666 2946 occiderint,
1689 2901 1862 2937 caram
1877 2885 2146 2935 tremendo
2163 2884 2343 2951 magni

764 2980 859 3032 Dei
890 2979 1144 3031 tribunali
1170 2984 1418 3030 adversus
1441 2993 1525 3028 eos
1544 2974 2123 3045 disceptabimus,‘quod
2142 2991 2234 3026 nos
2249 2974 2342 3041 ju-

764 3074 1016 3123 ramentis
1039 3071 1279 3137 deceptos
1301 3068 1526 3120 hostium
1547 3084 1682 3118 nunc
1701 3065 1812 3118 loco
1837 3066 2061 3118 habeant
2084 3066 2344 3134 atqueali-

761 3165 972 3215 sistant.
998 3162 1093 3215 llis
1110 3161 1292 3223 dictis,
1316 3176 1421 3211 una
1438 3175 1560 3211 cum
1576 3158 1893 3220 comitibus,
1917 3159 1993 3211 uti
2011 3158 2218 3210 dictum
2238 3169 2341 3216 est,

764 3254 830 3307 ad
847 3254 1102 3308 Chalcem
1124 3263 1335 3321 portam
1357 3253 1614 3319 perrexit,
1631 3262 1793 3319 atque
1815 3253 2223 3320 ingreilicuepit.
2239 3252 2339 3317 Qui

765 3356 949 3399 autem
991 3345 1044 3397 in
1076 3344 1280 3413 palatio
1309 3353 1469 3397 erant
1492 3359 1681 3413 magna
1714 3360 1837 3396 cum
1870 3345 2220 3398 festinatione
2257 3361 2344 3397 sa-

765 3438 1021 3507 gittarios
1049 3437 1393 3505 colligentes,
1436 3437 1540 3489 tela
1570 3454 1599 3490 c
1626 3452 1783 3489 muro
1804 3440 2011 3506 jactare
2034 3447 2345 3504 eruperunt.

768 3531 939 3601 Igitur
981 3530 1072 3597 qui
1115 3529 1324 3582 circmu
1371 3529 1566 3583 ducem
1600 3528 1815 3597 sagittis
1851 3528 2344 3588 sauciabantur,atl

768 3634 894 3676 eum
952 3622 1359 3685 inclamabant,
1409 3623 1799 3689 postulantes:
1858 3630 1914 3672 ut
1961 3622 2153 3673 sineret
2195 3638 2346 3674 arma

768 3715 1006 3784 expediri
1029 3718 1080 3767 in
1115 3716 1470 3767 adversarios.
1530 3714 1651 3781 Ipso
1674 3722 1879 3775 autem,
1917 3714 2041 3767 talia
2079 3713 2347 3775 dicentes,

772 3808 1132 3877 prohibente,
1197 3808 1604 3876 sagittariorum
1672 3807 2135 3861 dexteri-imorum
2210 3824 2351 3860 unus

771 3901 1065 3968 quispiam,
1090 3900 1310 3969 cognito
1333 3900 1585 3967 quisnam
1625 3899 1735 3951 dux
1760 3909 1928 3963 esset,
1952 3909 2107 3952 tenso
2138 3899 2353 3952 fortiter

772 4010 926 4050 arcu.
964 3992 1276 4044 vulneravit
1305 4006 1430 4045 eum
1476 3992 1528 4043 in
1562 3992 1732 4045 latere
1766 3991 1870 4043 sub
1912 3992 2137 4044 dextera
2164 4006 2351 4044 manu.

777 4085 897 4152 Ipso
938 4099 1067 4135 vero
1096 4083 1450 4137 exclamans:
1511 4083 1592 4135 Va:
1639 4083 1765 4135 mihi
1800 4084 2014 4143 misero,
2052 4085 2105 4135 in
2153 4083 2355 4135 malam

775 4190 884 4226 rem
930 4176 1028 4226 huc
1065 4175 1320 4237 venimus,
1369 4174 1518 4227 humi
1551 4174 1816 4227 continuo
1851 4173 2079 4227 decidit.
2131 4173 2357 4227 Castoris

776 4275 985 4320 terrore
1015 4268 1287 4335 perculsis
1311 4278 1366 4322 et
1398 4276 1546 4319 retro
1580 4267 1731 4321 abire
1754 4267 2168 4335 incipientibus,
2200 4268 2234 4321 ii
2262 4268 2354 4335 qui

778 4359 925 4412 intro
957 4369 1115 4412 erant
1141 4359 1465 4413 audaciores
1505 4359 1710 4423 ell‘ecti,
1749 4360 1961 4430 gladios
2000 4360 2354 4430 stringentes,

777 4453 984 4520 apertis
1014 4452 1189 4519 portis
1228 4453 1492 4519 impetum
1529 4452 1778 4506 fecerunt
1822 4453 1876 4505 in
1918 4467 2014 4506 eos
2041 4470 2053 4504 :
2081 4462 2136 4506 et
2176 4452 2358 4522 primo

2439 1971 2608 2039 μῆσαι
2633 1966 2729 2020 καλ⁸
2756 1961 3168 2032 ἀσφαλίσασθαι
3186 1960 3285 2022 τὰς
3309 1960 3544 2020 εἰσόδους
3566 1958 3673 2010 τῶν
3698 1958 4016 2026 βασιλείων,

2435 2062 2530 2117 τοῦ
2565 2061 2639 2131 μὴ
2671 2060 2741 2112 τά
2776 2058 2910 2129 πρὸς
2950 2054 3250 2123 διατροφήν
3289 2048 3732 2122 εἰσκομίζεσθαι’
3764 2050 3911 2102 οὕτω
3938 2049 4020 2118 τῷ

2435 2153 2581 2224 λιμῷ
2605 2149 3149 2221 στενοχωρουμένους
3177 2147 3293 2217 μεθ’
3314 2146 3520 2206 ἱκεσίας
3547 2144 3693 2212 αὑτῷ
3714 2142 3813 2204 τὰς
3840 2141 4021 2204 πύλας

2437 2244 2802 2308 ἀναπετάσαι,
2839 2242 2937 2294 καὶ
2988 2239 3287 2309 προθύμως
3332 2236 3494 2289 αὑτὸν
3538 2236 3619 2297 είς
3660 2234 3729 2286 τά
3768 2232 4023 2301 βασίλεια

2437 2336 2721 2402 δέξασθαι,
2774 2336 2872 2404 οὐχ
2918 2333 3062 2387 οὓτω
3112 2331 3404 2398 πεποίηκε.
3442 2326 3648 2397 Βουλήν
3702 2325 3759 2378 Et
3811 2327 4023 2393 στήσας

2444 2432 2581 2500 μετά
2605 2430 2712 2481 τῶν
2742 2430 2839 2485 σὺν
2870 2426 3045 2494 αὐτῷ,
3073 2424 3335 2477 εἰσελθεῖν
3362 2421 3471 2475 ἀπὸ
3500 2422 3596 2489 τῆς
3622 2419 3818 2487 πύλης,
3842 2417 4027 2485 ἥνπερ

2438 2524 2659 2589 Χαλκῆν
2733 2519 3099 2587 ὀνομάζουσι,
3152 2515 3555 2575 συνθλάσαντες
3618 2511 3813 2574 πέλυξι
3895 2508 4028 2570 τοὺς

2444 2613 2700 2684 μοχλοὺς,
2732 2612 2918 2680 ὅρκοις
2956 2606 3424 2678 φρικωδεστάτοις
3455 2606 3722 2674 πρότερον
3753 2602 3885 2662 τοὺς
3927 2600 4029 2651 σὺν

2442 2707 2595 2776 αὐτῷ
2623 2703 3178 2772 κατασφαλισάμενος
3198 2718 3213 2731 ·
3256 2700 3342 2769 μὴ
3370 2698 3725 2752 σπάσασθαι
3749 2695 3930 2762 ξίφος
3961 2693 4028 2744 τὸ

2443 2795 2691 2851 οίονοῦν
2748 2793 2901 2845 κατά
2949 2809 3134 2856 τινος,
3161 2791 3248 2858 μὴ
3294 2789 3506 2853 βέλος,
3553 2785 3637 2855 μὴ
3676 2785 3856 2851 δόρυ·
3889 2780 4031 2836 ἀλλ’

2442 2891 2632 2953 οὕτως
2667 2886 2893 2951 αὐτοὺς
2938 2884 3221 2950 ἀναιμωτί
3268 2879 3587 2942 εἰσελθεῖν,
3636 2877 3838 2946 φήσας.
3890 2874 4030 2926 Ἐὰν

2444 2982 2661 3035 ἐκεῖνοι
2695 2977 2852 3048 ἡμᾶς
2877 2976 2959 3045 μὴ
2994 2976 3368 3042 ἀπάγοντας
3400 2970 3899 3038 κατασφάξωσιν,
3931 2966 4027 3016 ἐ.τί

2449 3074 2555 3127 τοῦ
2584 3072 2842 3142 φοϐεροῦ
2871 3068 3146 3137 ,ϐήματος
3166 3065 3272 3118 τοῦ
3292 3064 3561 3131 μεγάλου
3592 3057 3897 3126 Θεοῦ.μετ’
3926 3059 4033 3107 αὺ-

2390 3203 2412 3221 η
2449 3165 2567 3218 τῶν
2594 3163 2979 3230 δικασόμεθα,
3010 3159 3121 3221 ὅτι,
3145 3157 3345 3224 ὅρκοις
3382 3152 3541 3222 ἡμᾶς
3578 3149 4030 3216 (inanima-rec,

2447 3258 2565 3312 νῦν
2601 3257 2749 3324 ἡμῖν
2776 3253 3154 3319 ἁνταίρουσι.
3195 3246 3383 3299 Ταῦτα
3422 3242 3611 3301 εἰπὼν,
3642 3241 3875 3308 ἀφίκετο
3918 3239 4034 3306 ἅμα

2452 3348 2548 3401 σὺν
2577 3347 2785 3409 αὐτοῖς,
2824 3343 2903 3406 ὡς
2946 3342 3185 3410 εῐρηται,
3222 3340 3302 3399 εἰς
3326 3337 3425 3404 τὴν
3459 3332 3679 3397 Χαλκῆν
3706 3330 3911 3395 πύλην,
3942 3328 4037 3380 καὶ

2450 3438 2731 3510 ἁπήρξατο
2754 3435 3015 3489 εἰσιέναι·
3057 3433 3107 3484 οἰ
3152 3431 3209 3483 δὲ
3252 3433 3309 3482 ἐν
3356 3429 3468 3489 τοῖς
3525 3422 3822 3495 βασιλείοις
3883 3422 4037 3489 τάχει

2453 3533 2633 3603 πολλῷ
2662 3527 3119 3597 συναθροίσαντες
3150 3522 3277 3583 τοὺς
3298 3520 3547 3583 τοξόταςς
3572 3518 3680 3569 ἀπὸ
3707 3515 3818 3566 τῶν
3841 3512 4037 3583 τειχῶν

2452 3624 2781 3694 τοξεύμασιν
2810 3618 3061 3672 ἔϐαλλον.
3101 3616 3189 3677 Ὠς
3232 3614 3288 3666 δὲ
3325 3614 3376 3664 οἰ
3418 3611 3547 3680 περὶ
3583 3611 3678 3663 τὸν
3717 3607 3903 3661 Δοῦκα
3930 3607 4037 3667 τοῖς

2457 3718 2667 3786 βέλεσιν
2690 3711 3040 3781 ἐπλήττοντο,
3059 3708 3228 3760 ἐϐόων
3254 3704 3423 3772 αὐτῷ,
3452 3705 3677 3756 Ἕασον
3698 3699 3864 3769 ἡμᾶς
3884 3700 4040 3761 ὅπως

2455 3805 2662 3869 αὐτοῖς
2692 3795 3256 3868 ἁγτιμαχησώμεθιι.
3288 3792 3395 3847 Τοῦ
3426 3792 3483 3845 δὲ
3521 3790 3682 3844 τοῦτο
3712 3789 4039 3849 κωλύοντος,

2456 3901 2513 3949 ἐν
2554 3897 2666 3965 ὅσῳ
2716 3892 2891 3945 ταῦτα
2938 3890 3202 3955 ἔφασκον,
3229 3883 3310 3948 εἷς
3340 3902 3426 3946 τις
3454 3882 3565 3935 τῶν
3616 3880 4043 3949 εὐστοχωτάτων

2456 3988 2707 4053 τοξοτῶν,
2760 3981 2947 4055 μαθὼν
2976 3979 3157 4042 ὁποῖός
3191 3980 3340 4031 ἐστιν
3369 3978 3398 4028 ὀ
3448 3973 3680 4037 Δοῦκας,
3712 3974 3905 4034 τείνας
3949 3972 4044 4023 άν-

2456 4082 2651 4151 δρείως
2682 4080 2744 4132 τὸ
2767 4076 2940 4141 τόξον,
2974 4072 3207 4142 ἕπληξεν
3247 4070 3410 4123 αὐτὸν
3442 4069 3700 4121 ὑποκάτω
3732 4066 3836 4133 τῆς
3865 4063 4044 4127 δεξιᾶς

2458 4174 2642 4244 χειρὸς
2665 4172 2746 4232 εἰς
2775 4170 2877 4239 τὴν
2904 4166 3164 4236 πλευράν.
3197 4164 3259 4217 '0
3286 4162 3344 4215 δέ
3381 4161 3465 4223 τὸ,
3487 4158 3633 4211 Οὐαί
3653 4174 3795 4244 ⁸μοι,
3832 4158 4046 4223 ἐπιφω-

2460 4242 2654 4334 νήσας,
2682 4261 2763 4325 τῷ
2785 4258 2992 4321 ἀθλίῳ,
3012 4254 3207 4319 κακῶς
3230 4252 3613 4319 ἐληλύθαμεν
3637 4242 3777 4309 ὧδε,
3798 4246 4047 4299 κάτεισιν

2460 4356 2622 4417 εὐθὺς
2653 4353 2747 4405 ἐπὶ
2773 4351 2834 4403 τὸ
2859 4349 3075 4417 ἐδαφος.
3113 4347 3338 4399 Πάντων
3361 4343 3417 4395 δὲ
3448 4341 3620 4409 δειλία
3646 4336 4045 4407 συσχεθέντων,

2463 4450 2559 4501 καὶ
2588 4446 2725 4515 πρὸς
2752 4443 2821 4495 τά
2849 4440 3029 4494 ὀπίσω
3061 4436 3387 4511 ἀρξαμένων
3417 4432 3785 4495 ἀναποδίζειν,
3810 4429 4049 4498 θάρσους

779 4542 1003 4608 quidem
1042 4548 1498 4608 protostraturem
1556 4539 1713 4591 ducis
1754 4538 2110 4601 occiderunt,
2157 4520 2345 4591 deindt

2465 4541 2515 4591 οἰ
2547 4538 2695 4590 ἔνδον
2721 4534 3000 4593 λαϐόντες,
3029 4530 3125 4583 καὶ
3154 4529 3223 4581 τά
3242 4527 3369 4595 ξίφη
3411 4522 3494 4594 jP.
3525 4520 3653 4590 598]
3684 4521 4049 4589 σπασάμενοι,

781 4632 916 4685 alios
947 4633 1153 4695 plures.
1186 4648 1249 4684 ac
1270 4641 1457 4699 postea
1490 4632 1803 4698 ipsummel.
1844 4630 2033 4698 Neque
2092 4646 2357 4698 peperce-

784 4733 911 4776 runt
958 4723 1207 4791 reliquis,
1253 4723 1349 4776 sed
1388 4725 1513 4791 fuga
1543 4739 1605 4775 ac
1650 4732 1800 4777 metu
1850 4722 2166 4790 impeditos,
2201 4731 2259 4776 ct
2307 4723 2360 4775 in

783 4825 994 4867 ari-tum
1038 4830 1408 4882 compressos,
1464 4817 1635 4867 instar
1684 4813 1884 4881 segetis
1919 4814 2361 4866 demessuerunt.

784 4907 1101 4961 Evasissent
1131 4907 1493 4960 nihilominus
1522 4907 1725 4961 aedem
1763 4904 1954 4974 aliqui,
1997 4905 2101 4958 nisi
2128 4905 2367 4957 immites

779 4999 862 5050 iiii
890 5008 946 5051 et
974 4998 1333 5052 iuclementes
1378 4998 1642 5051 ('onlinuo
1672 4997 1737 5050 atl
1771 5012 1965 5050 omnes
1989 5006 2174 5065 portas
2209 5012 2351 5048 man-

784 5091 912 5141 data
945 5090 1298 5149 direxissent.
1339 5090 1635 5159 diligenter
1660 5091 1911 5143 occlusas
1944 5088 2135 5142 haberi
2164 5088 2367 5157 juben-

790 5192 908 5243 les;
953 5189 1117 5248 atque
1172 5181 1244 5233 ita
1294 5181 1653 5249 inquisitione
1701 5180 1843 5233 facta
1898 5179 1954 5233 in
1986 5179 2264 5249 fugitivos,
2300 5180 2369 5233 ab

789 5287 983 5324 eorum
1037 5288 1159 5323 nem
1189 5289 1255 5325 ne
1311 5289 1507 5325 manus
1556 5272 1976 5327 abstinuissent.
2041 5272 2371 5340 Complures

788 5365 934 5416 enim
959 5366 1247 5432 magistros
1278 5366 1669 5435 ptrieiosque,
1689 5367 1783 5435 qui
1810 5382 1933 5420 cum
1959 5366 2097 5421 duce
2129 5367 2182 5419 in
2207 5365 2370 5420 Circo

791 5455 979 5507 sedere
1030 5456 1361 5524 deprehensi
1406 5467 1611 5517 essent.
1655 5457 1856 5525 partim
1894 5457 2077 5526 gladio
2120 5472 2369 5526 pereme-

792 5557 942 5608 runt,
980 5550 1178 5615 partim
1210 5559 1362 5602 extra
1394 5565 1580 5603 muros
1601 5550 1654 5602 in
1683 5550 1893 5602 furcam
1927 5560 2192 5617 egerunt:
2236 5548 2371 5601 alio-

792 5654 913 5690 rum
947 5641 1136 5692 ocnlos
1162 5639 1499 5703 effoderunt,
1538 5640 1770 5695 succisis
1800 5641 1983 5694 nervis
2003 5641 2141 5693 alios
2174 5640 2368 5693 debili-

796 5738 1003 5793 tarnut,
1033 5730 1171 5784 alios
1196 5733 1251 5785 in
1273 5732 1530 5786 exsilium
1560 5735 1881 5802 ejecerunt;
1913 5733 2072 5793 alios,
2104 5733 2196 5802 qui
2223 5733 2369 5785 milia

793 5836 1125 5889 quemquam
1174 5823 1371 5891 injuria
1420 5823 1761 5877 violaverant
1810 5823 2136 5876 verberibus
2166 5823 2362 5876 all'cce-

2466 4628 2635 4698 πολλῇ
2665 4621 2943 4696 προθυμίᾳ⁴
2966 4620 3103 4690 πρὸς
3132 4618 3330 4679 αὐτοὺς
3358 4614 3719 4683 ἐξεπήδησαν,
3748 4611 3847 4672 τάς
3878 4612 4050 4670 πύλας

2465 4720 2797 4783 ἀνοίξαντες.
2827 4714 2938 4768 Καὶ
2963 4711 3236 4767 κτείνουσι
3266 4707 3367 4778 μὲν
3407 4709 3465 4759 ἐν
3492 4703 3729 4774 πρώτοις
3757 4704 3853 4755 τὸν
3885 4702 4051 4755 αὑτοῦ

2468 4809 2931 4881 πρωοστράτορα
2947 4820 2959 4832 ⁶
2980 4800 3079 4857 εἶθ’
3096 4803 3267 4862 οὕτως
3283 4800 3503 4870 ἐτέρους
3517 4796 3791 4862 πλείονας,
3805 4798 3902 4847 καὶ
3918 4792 4053 4862 μετὰ

2467 4904 2689 4962 τούτους
2719 4901 2991 4959 κάκεῖνον,
3015 4894 3150 4965 μηδὲ
3177 4892 3283 4944 τῶν
3316 4889 3521 4943 λοιπῶν
3543 4888 3887 4956 φεισάμενοι·
3918 4886 4053 4938 ἀλλὰ

2471 4998 2565 5049 καὶ
2598 4994 2819 5055 τούτους
2851 4986 3348 5056 ἀποδιδράσκοντας
3376 4986 3470 5036 καὶ
3530 4978 4055 5050 συμποδιζομένους,

2470 5087 2625 5155 δίκην
2656 5083 2888 5150 στάχυος
2938 5074 3264 5145 ἐξεθὲριζον.
3305 5070 3654 5140 Διεσώθησαν
3691 5068 3733 5119 δ’
3761 5068 3828 5122 ἀν
3880 5084 4055 5127 τινες,

2473 5180 2522 5231 εἰ
2559 5176 2635 5247 μὴ
2655 5176 2705 5228 οἱ
2734 5172 2984 5242 ἀνηλεεῖς
3031 5170 3231 5219 ἐκεῖνοι
3278 5164 3371 5217 καὶ
3412 5160 3753 5229 ἀσπλαγχνοι
3795 5158 3857 5210 τὸ
3894 5160 4056 5225 taxo:

2473 5263 2920 5324 ἀποστείλαντες,
2977 5260 3071 5311 καὶ
3123 5258 3303 5317 πάσας
3364 5254 3463 5316 τὰς
3496 5252 3669 5311 πύλας
3718 5250 3817 5317 τῆς
3852 5249 4056 5307 πόλεως

2473 5357 2903 5427 ἀσφαλισάμενοι
2922 5352 3015 5405 καὶ
3041 5349 3442 5419 σφραγίσαντες
3471 5342 3717 5414 ἀκριϐῶς
3737 5358 3752 5369 ·
3774 5337 4056 5397 εἷθόὖτως

2474 5447 2678 5519 ἀκριϐῆ
2705 5445 2933 5515 ἔρευναν
2966 5440 3077 5493 τῶν
3110 5438 3440 5509 διαδράντων
3465 5437 3817 5504 ποιήσαντες,
3848 5430 4057 5488 οὐδενὸς

2473 5542 2678 5594 τούτων
2708 5537 3016 5605 ἐφείσαντο.
3079 5531 3297 5585 Πολλῶν
3338 5530 3436 5600 μὲν
3484 5523 3577 5580 οὖν
3611 5524 3935 5594 ματίστρων
3969 5523 4055 5573 καὶ

2476 5635 2783 5707 πατρικίων
2814 5631 3089 5701 φανέντων
3117 5625 3550 5694 συγκαθημένων
3581 5621 3658 5690 τῷ
3688 5620 3870 5673 Δοῦκα
3901 5622 3959 5672 ἐν
3986 5616 4058 5683 τῷ

2487 5724 2853 5793 Ἱπποδρόμῳ,
2877 5719 2971 5783 οὓς
3007 5718 3105 5788 μὲν
3126 5714 3464 5787 προσέταξαν
3504 5713 3647 5779 ξίφει
3678 5708 4049 5779 ἀναιρεῖσθαι“

2478 5818 2568 5880 οὖς
2601 5816 2655 5868 δὲ
2690 5812 3009 5883 ἕξωτειχῶν
3045 5807 3459 5881 φουρκίζεσθαι,
3504 5805 3679 5861 ἄλλων
3710 5804 3837 5864 τοὺς
3862 5800 4054 5871 ὀφθαλ-
