4174 6442
175 375 274 439 661

1397 378 1874 442 CONSTANTIN
1885 383 1977 443 US
2034 385 2215 449 DUX.

3330 395 3435 465 66?.

186 488 323 553 μους
350 482 763 553 ιξορύττεσθαι,
796 484 1018 555 ἑτέρους
1048 488 1521 555 νευροκοπεϊσθαι,
1565 491 1759 555 ἄλλους

1876 505 2010 560 ‘unt,
2067 498 2302 552 aliorum
2344 500 2635 557 facultates
2688 502 3059 573 publicarunt.
3131 508 3208 564 Ac
3246 510 3435 567 videre

178 578 545 647 ἑξορίζεσθαι,
612 576 703 630 καὶ
755 577 976 647 ἑτέρους
1019 578 1144 642 τοὺς
1207 580 1375 650 μηδὲν
1428 582 1759 652 ἠδικηκότας

185 667 586 737 μαστίζεσθαι,
636 669 812 723 ἄλλων
870 668 968 731 τάς
1038 670 1366 733 ὑποστάσεις
1404 672 1756 742 δημεύεσθαι.

179 762 290 813 Καὶ
324 754 393 829 ἦν
424 759 554 812 ίδείν
586 758 706 811 τότε
757 758 857 828 τὴν
922 759 1287 826 μεγαλόπολιν
1332 763 1669 832 πάσχουσαν,
1724 764 1759 817 ἀ

176 851 301 903 οὐδὲ
334 851 426 902 ἐπὶ
459 851 722 920 κρατήσει
752 852 846 902 καὶ
885 849 1084 903 ἁλώσει
1140 850 1436 925 βαρϐάρων
1468 855 1760 924 ὑπομείνα-

179 961 285 995 σαν
329 943 417 998 ἄν.

251 1032 317 1083 0'.
358 1034 421 1083 Οἱ
446 1031 539 1084 οὖν
564 1032 849 1094 ἀνελόντες
878 1032 969 1084 τὸν
992 1032 1171 1087 Δοῦκα
1194 1034 1397 1088 καὶτὸν
1424 1037 1541 1089 υίὸν
1570 1039 1756 1106 αὑτοῦ,

177 1126 281 1183 τὰς
320 1122 502 1174 αὐτῶν
529 1122 707 1191 κάρας
729 1124 1121 1193 ἀποτεμόντες,
1147 1126 1225 1195 τῷ
1252 1127 1523 1199 Νικολάῳ,
1554 1131 1585 1199 ἢ
1622 1135 1759 1201 μᾶλ-

180 1212 275 1262 λον
302 1214 497 1276 εἰπεῖν,
528 1212 868 1283 Ἀγρικολάῳ
896 1214 990 1265 καὶ
1022 1216 1133 1278 τοῖς
1162 1217 1258 1268 σὺν
1287 1217 1438 1287 αὑτῷ
1470 1220 1756 1290 ἐκόμισαν.

176 1300 247 1353 οι
286 1301 598 1364 καίταύτας
627 1305 1018 1372 γνωρίσαντες,
1053 1306 1218 1374 τιμὰς
1263 1306 1324 1360 οὐ
1358 1309 1457 1371 τὰς
1492 1312 1761 1380 τυχούσας

178 1392 297 1452 τοῖς
360 1392 650 1459 κομίσασιν
708 1393 955 1462 ἔνειμαν,
997 1395 1092 1446 καὶ
1121 1395 1244 1447 οὐδὲ
1294 1396 1465 1459 οὕτως
1518 1401 1565 1450 οἱ
1602 1402 1763 1454 κακοὶ

179 1483 346 1552 κόρον
376 1483 602 1535 ἔλαϐον·
655 1484 793 1537 ἀλλά
834 1486 1111 1539 κελεύουσι
1154 1488 1232 1559 τῷ
1278 1490 1508 1559 ὑπάρχῳ
1536 1493 1634 1561 τῆς
1668 1495 1764 1546 πό-

177 1571 341 1640 λεως,
374 1574 592 1628 πάντων
626 1575 733 1627 τῶν
751 1577 1148 1647 ἀναιρεθέντων
1176 1580 1243 1632 τὰ
1268 1581 1515 1651 λείψανα,
1536 1585 1760 1654 ῥιφῆναι

177 1667 243 1714 ἰν
277 1665 354 1734 τῷ
376 1666 641 1734 πελάγει·
674 1669 769 1719 καὶ
806 1667 932 1720 οὗτε
968 1670 1042 1732 ὡς
1095 1671 1426 1739 όμοπίστους
1468 1674 1758 1743 ᾤκτειραν,

174 1754 306 1807 οὔτε
352 1756 430 1818 ὡς
483 1758 812 1827 ὁμοφύλους,
858 1761 944 1812 ἵνα
978 1761 1052 1831 μὴ
1088 1762 1232 1829 λέγω
1283 1766 1378 1816 καὶ
1413 1770 1759 1834 προσγενείς,

1862 594 1984 637 erat
2042 600 2290 656 magnam
2350 590 2628 647 civitatem
2689 609 2752 649 ea
2798 604 2927 650 tunc
2978 600 3114 653 mala
3171 602 3433 670 experiri,

1862 690 1986 744 qua
2038 693 2137 732 nec
2200 696 2229 733 a
2271 677 2526 736 Barbaris
2576 693 2733 753 capta
2789 685 3116 757 direptaque
3179 705 3436 759 perpessa

1861 776 2027 820 esset.

1936 1039 1989 1094 9.
2032 1038 2200 1109 Igitur
2230 1040 2322 1109 qui
2342 1042 2540 1096 ducem
2568 1043 2798 1114 ejusque
2826 1044 2996 1100 ﬁlium
3017 1046 3437 1112 interemerant,

1862 1145 2057 1184 eorum
2090 1132 2520 1200 praescindentes
2543 1136 2746 1205 capita,
2781 1136 2846 1190 ad
2878 1137 3184 1201 Nicolaum,
3216 1156 3309 1193 seu
3348 1157 3441 1196 ve—

1866 1222 1983 1277 rius
2019 1225 2389 1292 Agricolaum.
2442 1228 2671 1297 ejusque
2728 1230 3027 1297 complices
3081 1230 3437 1286 detulerunt:

1862 1314 1957 1380 qui
1989 1327 2051 1365 ea
2082 1324 2444 1382 agnoscentes
2468 1356 2483 1377 ,
2526 1331 2633 1369 non
2671 1318 2993 1387 vulgaribus
3018 1319 3325 1375 honoribus
3360 1328 3443 1373 at-

1863 1414 1971 1468 que
2022 1400 2264 1469 prteiniis
2294 1443 2308 1464 ,
2376 1418 2511 1466 eos,
2574 1405 2669 1472 qui
2714 1405 3067 1470 detulerant,
3114 1407 3439 1464 aﬁ'ecerunt.

1861 1488 2111 1560 Cumque
2146 1509 2214 1547 ne
2252 1495 2333 1547 sic
2378 1493 2599 1562 quidem
2633 1495 2826 1563 nefarii
2866 1496 3119 1551 homines
3148 1499 3259 1553 iras
3284 1514 3443 1553 exsa-

1865 1584 2114 1646 tiassent,
2143 1600 2407 1639 caesorum
2436 1587 2699 1641 cadavera
2721 1588 2904 1642 omnia
2931 1589 2984 1642 in
3015 1605 3162 1644 mare
3188 1590 3442 1659 jacienda

1867 1674 2019 1728 urbis
2043 1675 2303 1744 praefecto
2330 1677 2643 1747 injungunt,
2680 1681 2828 1733 nulla
2861 1681 2943 1735 vel
2973 1682 3284 1736 communis
3316 1683 3440 1738 ﬁdei

1864 1762 2100 1825 ratione,
2152 1763 2303 1817 nulla
2333 1766 2553 1833 generis
2599 1766 2975 1830 miseratione,
3020 1784 3085 1822 ac
3115 1784 3189 1823 ne
3226 1768 3445 1824 familiae

176 1850 268 1900 ἵνα
294 1850 400 1901 κᾶν
429 1850 497 1901 τά
529 1851 757 1920 σώματα
788 1852 969 1903 αὐτῶν
1026 1854 1232 1906 ἐάσωσι
1257 1858 1323 1924 τῇ
1355 1858 1477 1927 cui;
1519 1860 1761 1928 παραδοι

1876 1855 2087 1923 quidem
2130 1872 2196 1911 ac
2236 1857 2480 1912 aﬁinium
2518 1860 2752 1929 pietate,
2804 1871 2864 1914 ut
2903 1862 2987 1915 vel
3025 1862 3217 1917 funera
3259 1863 3441 1917 eﬁerri

180 1941 373 2007 θῆναι.
429 1942 570 1994 Ἀλλ’
598 1944 682 2011 ἐφ’
706 1945 942 2012 ἀμάξαις
974 1946 1180 2008 θέντες,
1213 1948 1259 1998 οί
1291 1949 1557 2017 ἀνήμεροι
1577 1951 1762 2021 θῆρες,

176 2033 532 2100 ἡμιτμὴτους
550 2076 564 2097 ,
622 2034 1082 2103 γεγυμνωμένους
1108 2073 1124 2093 .

174 2122 325 2175 οὕτω
379 2124 441 2195 δη
450 2127 612 2194 μὸσια
659 2125 936 2195 σύροντες,

181 2216 437 2271 ἔϐαλλον.

252 2308 304 2360 ι’.
340 2310 480 2362 Φασὶ
508 2308 565 2362 δέ
596 2327 762 2373 τινες,
802 2310 885 2365 δτι
944 2312 1160 2377 πλείους
1204 2315 1312 2366 τῶν
1338 2314 1654 2384 τρισχιλίων
1716 2316 1765 2367 οί

177 2401 368 2464 δόντες
395 2396 535 2472 ἦσαν
569 2403 797 2466 ἑαυτοὺς
854 2404 932 2472 τῷ
982 2405 1220 2476 θανάτῳ,
1253 2410 1309 2459 ὲν
1340 2407 1418 2477 τῷ
1448 2408 1522 2478 μὴ
1555 2409 1764 2461 σπάσα-

178 2494 308 2546 σθαι
341 2494 617 2563 ῥομφαίαν
645 2497 679 2565 ἢ
731 2497 863 2550 ἀλλο
900 2514 953 2549 τι
991 2498 1165 2566 ξίφος,
1191 2499 1279 2552 διὰ
1306 2501 1397 2551 τὸν
1427 2500 1607 2569 ὅρκον.
1635 2501 1767 2571 Περὶ

175 2582 231 2635 δὲ
265 2584 377 2635 τῶν
403 2584 827 2654 κρεμασθέντων
870 2588 927 2638 ὲν
979 2588 1100 2648 ταῖς
1132 2585 1419 2656 φούρκαις.
1463 2587 1637 2639 ἱκανοὶ
1671 2588 1767 2639 καὶ

176 2674 487 2737 ἀξιόπιστοι
514 2677 929 2749 ἐμαρτύρησαν·
1003 2679 1085 2744 ὡς
1106 2676 1272 2731 εἶδον
1307 2678 1609 2742 πολλάκις
1638 2682 1766 2733 καθ’

178 2766 295 2819 ἕνα
329 2766 596 2821 ἕκαστον
638 2771 866 2823 τούτων
892 2769 1126 2837 νύκτωρ
1152 2770 1379 2837 ἀστέρα
1422 2771 1491 2824 ἐκ
1529 2770 1636 2823 τοῦ
1666 2774 1766 2826 οὐ·

176 2859 372 2923 μινοῦ
389 2861 851 2928 κατερχόμενον,
871 2860 967 2914 καί
984 2862 1160 2930 μέχρι
1180 2877 1307 2928 πρω
1316 2864 1409 2928 τας
1426 2862 1763 2917 διάττοντα·

176 2949 521 3013 δεικνύοντος
556 2951 654 3005 τοῦ
673 2953 832 3010 Θεοῦ.
865 2954 946 3008 ὅτι
978 2954 1179 3017 ἀδίκως
1204 2955 1295 3006 τὸν
1331 2955 1585 3007 τοσοῦτον
1612 2958 1770 3023 φόνον

180 3043 263 3102 εἰς
289 3044 419 3105 τοῦς
451 3045 729 3109 ἀναιτίους
756 3046 1086 3116 πεποίηκαν.
1118 3047 1225 3098 Τοῦ
1250 3049 1359 3116 γάρ
1396 3047 1573 3100 Δοῦκα
1616 3052 1769 3102 ἀναι-

1180 2037 1727 2107 μεσολελωὸημένους
1747 2078 1763 2102 ,

1004 2129 1061 2178 ὲν
1108 2127 1182 2197 τῷ
1245 2129 1425 2199 πόντῳ
1469 2126 1557 2183 οἷα
1588 2130 1764 2184 κυνῶν

183 3130 463 3197 ρεθέντος,
504 3132 622 3185 δέον
656 3134 764 3187 τῶν
786 3136 964 3189 ἄλλων
987 3134 1288 3204 φείδεσθαι,
1313 3138 1374 3190 οὐ
1401 3140 1558 3208 χεῖρα
1588 3139 1771 3208 αῐρόν-

1866 1946 2112 2002 sinerent
2152 1964 2217 2003 ac
2263 1950 2522 2019 sepeliri:
2555 1951 2649 2005 sed
2691 1952 2952 2021 plaustris
3002 1954 3282 2024 imposita,
3332 1955 3445 2011 dis-

1865 2044 2037 2096 secta,
2088 2037 2258 2099 nuda,
2283 2038 2495 2100 mutila,
2541 2039 2807 2095 immanes
2845 2041 2950 2096 illae
2996 2042 3158 2107 ferae,
3223 2043 3443 2111 publica

1866 2131 2165 2191 raptantes,
2211 2124 2360 2180 velut
2386 2140 2584 2178 canum
2605 2126 2871 2181 cadavera
2907 2128 2959 2181 in
3001 2144 3152 2183 mare
3188 2130 3444 2199 projicie-

1866 2215 2019 2269 bant.

1938 2308 2024 2361 10.
2072 2309 2237 2364 Porro
2266 2310 2421 2364 aiunt
2448 2311 2631 2380 plures
2657 2313 2834 2367 tribus
2860 2315 3103 2370 millibus
3132 2315 3322 2379 fuisse,
3349 2317 3445 2385 qui

1866 2399 2078 2469 scipsos
2121 2400 2173 2453 in
2211 2413 2441 2455 mortem
2480 2403 2791 2467 tradidere,
2844 2416 3198 2461 sacramento
3241 2407 3446 2471 adacti,

1866 2507 1936 2546 ne
1976 2493 2217 2561 gladium
2264 2495 2636 2563 stringerent,
2683 2505 2780 2550 aut
2828 2500 3001 2551 telum»
3040 2498 3445 2569 intorquerent.

1867 2582 1942 2636 De
1974 2582 2060 2636 his
2088 2599 2220 2637 vero
2244 2584 2337 2652 qui
2369 2586 2420 2639 in
2454 2586 2625 2640 furcis
2649 2588 3055 2657 pependerunt,
3085 2591 3239 2644 multi
3264 2606 3327 2645 ac
3342 2589 3448 2646 ﬁde

1866 2672 2016 2743 digni
2070 2676 2251 2729 testati
2296 2688 2472 2731 sunt:
2519 2680 2707 2733 vidisse
2764 2697 2868 2734 non
2909 2698 3035 2735 raro
3074 2699 3232 2751 super
3252 2696 3451 2735 unum-

1867 2782 2123 2836 quemque
2162 2784 2343 2821 eorum
2378 2770 2589 2823 stellam
2622 2781 2776 2824 noctu
2799 2789 2833 2825 e-
2860 2772 2989 2827 caelo
3022 2774 3333 2835 uenientem,
3369 2783 3452 2827 at-

1869 2874 1970 2927 que
1996 2858 2065 2912 ad
2097 2876 2309 2914 aurora:
2329 2877 2493 2930 usque
2522 2870 2723 2930 tempus
2753 2865 3071 2937 micantem;
3104 2865 3212 2918 Deo
3234 2865 3449 2919 scilicet

1870 2947 2048 3016 palam
2084 2959 2447 3015 monstrante,
2501 2952 2699 3023 injusta
2760 2971 2857 3008 eos
2895 2956 3043 3009 caede
3094 2973 3159 3011 ac
3200 2958 3443 3012 insontes

1872 3036 2119 3094 sublatos
2171 3057 2315 3097 esse.
2363 3043 2579 3097 Etenim
2631 3046 2771 3100 duce
2820 3047 3173 3117 interempto,
3223 3049 3452 3118 reliquis

1874 3130 2211 3199 parcendum
2262 3143 2417 3196 erat,
2470 3136 2563 3202 qui
2606 3152 2709 3189 nec
2748 3152 2968 3189 manum
3018 3139 3296 3202 levarent,
3351 3154 3453 3193 nec

179 3240 315 3281 των.
350 3225 450 3277 οῦκ
474 3226 787 3294 ἐριζόντων,
818 3227 879 3280 οῦ
898 3229 1342 3297 κραυγαζόντων·
1371 3231 1421 3281 οἱ
1449 3230 1506 3283 δὲ
1523 3232 1765 3301 ἀνηλεῶς

1876 3220 2304 3287 contenderent,
2363 3239 2541 3292 neque
2580 3224 2873 3278 clamorem
2940 3224 3206 3279 efferrent
3248 3226 3289 3279 ί.
3383 3228 3454 3279 Al

181 3307 326 3381 αἷμα
352 3314 529 3368 ἀθῶον
562 3316 799 3385 ἐξέχεαν.
828 3317 935 3370 Ψεῦ
969 3320 1067 3388 τῆς
1105 3319 1217 3371 τῶν
1242 3321 1557 3388 δρασάντων
1584 3322 1767 3375 ἀθλιόο

181 3419 374 3472 τητος,
410 3406 502 3457 καὶ
552 3407 676 3459 οὐαὶ
724 3407 908 3471 αὐτοῖς
942 3407 1083 3459 κατά
1110 3407 1209 3478 τὴν
1245 3412 1481 3477 φρικτὴν
1520 3408 1620 3477 τῆς
1653 3409 1772 3480 κρί-

184 3512 329 3556 σεως
389 3497 631 3567 ἡμέραν,
670 3498 752 3551 ὅτι
821 3499 883 3551 τὸ
922 3494 1062 3567 αἷμα
1099 3497 1183 3570 [Ρ.
1214 3499 1341 3569 5991
1389 3500 1499 3551 τῶν
1525 3500 1771 3568 ἀδελφῶν

183 3586 372 3641 αὐτῶν
412 3590 476 3640 ἐκ
523 3589 723 3659 χειρῶν
779 3588 961 3643 αὐτῶν
1028 3590 1321 3662 ὲκζητήσει
1364 3593 1391 3645 ὁ
1439 3592 1660 3662 Κύριος.

262 3778 355 3826 ια’.
392 3771 503 3842 τὴν
537 3773 593 3825 δέ
616 3790 678 3840 γε
699 3771 941 3843 κεφαλὴν
969 3772 1066 3826 τοῦ
1107 3773 1286 3827 Δοῦκα
1323 3774 1524 3837 ίδόντες
1562 3776 1610 3827 οἱ
1654 3775 1771 3845 βδε-

186 3863 465 3934 λυροὶ,ὠς
494 3862 801 3932 φθάσαντες
824 3865 1076 3931 εἴπομεν,
1109 3867 1204 3918 καὶ
1231 3868 1775 3938 καταμωκησάμενοι

187 3956 423 4022 ταύτης,
462 3956 758 4011 ἐκέλευσαν
789 3958 964 4028 κοντῷ
989 3959 1334 4028 ὲμπαρεῖσαν
1356 3960 1442 4013 διὰ
1467 3961 1645 4029 πάσης
1676 3963 1775 4030 τῆς

190 4047 404 4112 πόλεως
449 4043 866 4118 θεατριζεσῦαιο
910 4050 1032 4114 Ira,
1074 4050 1262 4121 φησιν,
1333 4053 1772 4120 αἰσχυνθῶσιν,

190 4141 246 4191 οι
272 4138 371 4191 ἐπ’
391 4139 581 4192 αὐτὸν
609 4141 716 4205 τὰς
746 4141 997 4208 ἐλπίδας
1031 4142 1288 4210 θέμενοι,
1330 4148 1424 4197 καὶ
1473 4149 1646 4211 τέλος,
1683 4152 1777 4203 καὶ

189 4230 403 4301 ταύτην
429 4231 510 4301 τῷ
551 4232 697 4302 βυθῷ
726 4234 819 4286 τοῦ
869 4235 1064 4289 πόντου
1096 4237 1317 4306 δοθῆναι
1346 4239 1443 4291 σὺν
1489 4240 1569 4310 τῷ
1606 4242 1779 4312 λοιπῷ

194 4323 439 4394 σώματι.
466 4327 577 4378 Καὶ
605 4327 766 4381 τοῦτο
798 4327 897 4396 μὲν
926 4327 1167 4400 τοσούτῳ
1196 4332 1384 4401 τρόπῳ
1408 4331 1656 4387 ἀπώλετο
1675 4350 1688 4363 ⁶
1720 4337 1779 4388 τὸ

190 4415 250 4469 δέ
281 4430 349 4484 γε
396 4417 619 4488 πνεῦμα
665 4419 833 4473 αὐτοῦ
863 4420 924 4472 τὸ
961 4422 1292 4490 ἀείμνηστον
1354 4425 1402 4476 οί
1454 4427 1644 4479 κόλποι
1682 4427 1778 4480 τοῦ

1873 3311 1950 3364 illi
2010 3313 2296 3367 enimvero
2329 3314 2551 3369 immani
2579 3316 2786 3369 sawitia
2816 3317 3136 3386 sanguinein
3170 3316 3454 3369 innoxium

1875 3400 2162 3457 fuderunt.
2187 3404 2328 3458 Proh
2366 3405 2585 3458 illorum
2622 3407 2925 3471 miseriam,
2974 3407 3067 3476 qui
3105 3408 3231 3460 talia
3262 3423 3457 3477 perpe—

1875 3504 2091 3549 trarunt
2142 3497 2154 3548 l
2200 3497 2287 3551 Vae
2354 3497 2463 3551 illis
2512 3498 2565 3551 in
2612 3498 2897 3551 tremendo
2960 3498 3154 3567 judicii
3210 3497 3324 3561 die,
3387 3512 3457 3552 eo

1874 3584 2021 3654 quod
2054 3586 2319 3640 Dominus
2347 3588 2667 3657 sanguinem
2699 3587 2930 3643 fratrum
2951 3604 3174 3642 suorum
3212 3588 3457 3656 requiret

1873 3693 1941 3731 ex
1968 3678 2220 3732 manibus
2241 3694 2432 3733 eorum
2456 3682 2499 3730 '.

1948 3767 2035 3821 Η.
2079 3768 2230 3828 Viso.
2265 3777 2324 3821 ut
2369 3784 2493 3822 mox
2520 3768 2860 3833 dicebamus,
2886 3770 3051 3824 Ducis
3069 3772 3267 3839 capite,
3294 3785 3454 3825 exse-

1876 3858 2111 3914 crabiles
2159 3860 2238 3915 illi
2304 3860 2355 3914 ei
2402 3860 2713 3925 illuserunt,
2743 3863 3136 3930 jusseruntquc
3158 3877 3255 3929 per
3289 3869 3457 3913 totam

1877 3952 2072 4005 urbem
2127 3960 2292 4007 conto
2324 3952 2549 4007 inﬁxum
2587 3954 2653 4007 ad
2688 3955 3067 4022 spectaculum
3099 3952 3460 4022 propudiosa—

1877 4058 1985 4111 que
2014 4058 2213 4113 pompa
2249 4044 2593 4099 circumferri
2620 4062 2634 4111 ;
2696 4054 2776 4108 ut,
2804 4044 3044 4109 aiebant,
3076 4045 3462 4112 confunderen-

1881 4143 1989 4199 tur,
2012 4136 2099 4204 qui
2121 4153 2236 4205 spes
2264 4154 2388 4191 sua:
2414 4139 2469 4190 in
2496 4154 2616 4190 eum
2654 4138 3069 4202 collocaverunt,
3115 4154 3179 4192 ac
3219 4137 3459 4205 denique

1880 4227 1936 4281 in
1969 4242 2119 4282 mare
2147 4243 2272 4283 cum
2303 4229 2518 4298 reliquo
2556 4239 2756 4285 trunco
2789 4228 3030 4283 devolvi.
3095 4227 3173 4282 Ac
3232 4226 3458 4295 quidem

1882 4330 2085 4383 corpus
2135 4315 2229 4368 tali
2276 4315 2507 4369 interitu
2543 4318 2747 4384 periit;
2802 4317 2921 4386 ejus
2962 4331 3093 4369 vero
3122 4316 3461 4380 sempiterna

1883 4408 2108 4479 dignum
2142 4410 2405 4463 memoria
2435 4409 2690 4479 spiritum
2760 4408 2993 4463 Abrahae
3019 4408 3173 4461 sinus
3198 4407 3461 4476 suscepit.

207 4507 467 4578 ’Δϐραάμ
496 4510 766 4574 ἐδέξαντο.
801 4513 876 4565 Οὐ
906 4512 1013 4582 γὰρ
1044 4515 1403 4584 τυραννικῶς,
1426 4516 1499 4580 ὡς
1531 4519 1771 4589 εἴπομεν,

1883 4502 2001 4556 Non
2042 4502 2191 4555 enim
2224 4501 2530 4572 tyrannice,
2566 4510 2627 4554 ut
2656 4501 2866 4571 praefati
2899 4514 3109 4565 sumus,
3144 4499 3350 4569 regiam
3380 4499 3464 4552 in-

196 4602 313 4663 τοῖς
355 4600 651 4669 βασιλείοις
688 4604 889 4673 ἐπέϐη·
942 4604 1058 4658 ἀλλ’
1100 4607 1281 4675 ὅρκοις
1315 4611 1778 4678 φρικωδεστάτοις

196 4688 509 4761 θαρρήσας.
548 4693 853 4759 Δυνάμενος
878 4692 935 4747 δὲ
980 4695 1074 4747 καὶ
1116 4696 1301 4759 ὅπλοις
1342 4700 1705 4768 μαχέσασθαι,
1746 4703 1778 4772 ἢ

198 4779 317 4849 πῦρ
340 4781 527 4849 βαλεῖν
555 4782 613 4833 έν
640 4785 752 4843 τοῖς
784 4781 1105 4851 βασιλείοις,
1129 4785 1225 4838 καὶ
1254 4786 1395 4839 οὕτω
1422 4789 1548 4851 τοὺς
1578 4788 1782 4843 ἔσωθεν

196 4871 740 4939 άμὺνασθαι,τοῦτο
774 4873 874 4942 μὲν
918 4875 1019 4926 οὐκ
1053 4875 1331 4944 ἐποίησεν.
1382 4876 1503 4928 Ἐπὶ
1546 4878 1679 4931 Θεὸν
1727 4880 1781 4931 δὲ

197 4964 427 5028 ἀναθεξ
460 4965 677 5037 ἑαυτὸν,
705 4964 795 5018 διά
823 4965 979 5019 τοῦδε
1007 4966 1103 5019 τοῦ
1134 4969 1473 5039 πειρασμοῦ,
1510 4970 1783 5039 βασιλείας

196 5058 454 5128 οὐρανῶν
494 5057 749 5128 ἐπέτυχε.
799 5059 908 5112 Καὶ
947 5060 1009 5112 οὐ
1061 5060 1316 5113 τοσοῦτον
1349 5080 1453 5115 των
1497 5063 1672 5116 ἄλλων
1724 5066 1786 5117 τὸ

201 5148 466 5219 ἔγκλημα
495 5148 603 5202 τῶν
635 5150 705 5203 τά
726 5149 972 5219 βασίλεια
1008 5152 1406 5219 φυλαττόντων,
1440 5155 1564 5208 ὅσον
1592 5156 1685 5209 ἐπὶ
1709 5155 1787 5225 τῷ

203 5242 431 5310 ποιμένι
456 5241 567 5293 τῶν
594 5242 829 5309 λογικῶν
856 5243 1165 5313 προϐάτων,
1189 5245 1265 5315 τῷ
1292 5247 1559 5317 Ἠττιλάῳ
1587 5249 1787 5315 μᾶλλον

200 5336 235 5404 ἦ
282 5334 563 5403 Νικολάῳ.
620 5336 684 5387 Ὣ
732 5335 851 5395 πῶς
891 5336 1160 5401 ἀνέπτυξε
1205 5339 1274 5390 τά
1333 5340 1640 5407 Εὑαγγέλια
1669 5342 1788 5401 ταῖς

206 5428 440 5497 μιαραῖς
482 5425 647 5481 αὐτοῦ
690 5428 846 5498 χερσί
879 5428 892 5479 !
920 5429 1043 5491 Πῶς
1070 5430 1169 5482 οὐκ
1199 5431 1360 5499 ῆκουε
1406 5432 1501 5485 τοῦ
1539 5432 1788 5500 λέγοντος

203 5520 274 5574 δι’
307 5520 511 5585 αὐτῶν,
550 5520 604 5574 Ὀ
624 5521 852 5589 ποιμὴν
881 5525 912 5577 ὀ
947 5522 1157 5588 καλὸς.
1200 5522 1314 5589 τὴν
1342 5523 1557 5593 ψυχὴν·
1603 5524 1789 5577 αὐτοῦ

204 5616 468 5683 τίθησιν·
500 5615 652 5684 ὑπὲρ
692 5617 810 5670 τῶν
865 5616 1176 5686 προϐάτων
1225 5618 1364 5672 Ἀλλ’
1413 5620 1789 5688 ἀντιπράττων

285 5795 301 5825 ⁵
339 5793 526 5847 Matth.
561 5812 652 5850 \n.
699 5797 773 5848 lfl‘
860 5800 877 5829 ⁹
916 5798 1090 5851 ΕτεηιΙι
1152 5814 1223 5853 ιι.
1267 5798 1326 5849 ις

1885 4595 2064 4660 vasit,
2098 4595 2195 4648 sed
2245 4594 2653 4649 borrendorum
2694 4603 3163 4648 sacramentorum
3199 4592 3463 4661 religione

1886 4685 2077 4742 fretus.
2106 4685 2357 4755 Cumque
2395 4686 2590 4741 liceret
2613 4685 2779 4741 etiam
2818 4685 2986 4740 armis
3015 4685 3338 4747 decernere,
3368 4692 3466 4736 aut

1888 4780 2088 4849 palatio
2124 4781 2302 4849 ignem
2329 4781 2573 4850 injicere,
2595 4790 2761 4849 atque
2793 4794 2855 4834 ea
2887 4780 3099 4832 ratione
3123 4793 3216 4831 eos
3250 4775 3465 4838 ulcisci.

1889 4870 1985 4939 qui
2024 4883 2083 4923 se
2123 4869 2219 4923 illo
2268 4885 2393 4923 arce
2441 4869 2763 4933 tuebantur,
2822 4868 3246 4937 haudquaquam
3288 4866 3466 4921 fecit:

1892 4962 1986 5017 sed
2017 4977 2239 5016 causam
2274 4976 2427 5017 suam
2459 4977 2631 5030 seque
2674 4963 2786 5017 Deo
2818 4961 3194 5025 committens,
3223 4975 3322 5029 per
3345 4974 3468 5012 cam

1894 5055 2306 5111 tribulationem
2367 5072 2593 5125 regnum
2648 5057 2916 5111 etelorum
2982 5064 3315 5109 consecutus
3361 5061 3468 5106 est.

1893 5148 2163 5203 Cmterum
2213 5164 2323 5202 non
2383 5158 2491 5202 tam
2530 5148 2598 5202 iis
2639 5146 3022 5216 imputandum
3073 5154 3159 5199 est
3199 5142 3471 5214 quidquid

1897 5240 2043 5295 istud
2106 5248 2191 5295 est
2243 5240 2541 5304 facinoris,
2594 5240 2688 5309 qui
2729 5238 3116 5293 custodiebant
3184 5235 3471 5304 palatium.

1896 5348 2061 5403 quam
2098 5332 2284 5386 ovium
2337 5333 2689 5386 rationaliunt
2729 5332 2967 5401 pastori,
3019 5330 3259 5384 Hettilao
3291 5327 3476 5398 potius

1899 5426 2155 5488 dixerim,
2203 5442 2365 5495 quam
2401 5426 2658 5486 Nicolao;
2708 5424 2884 5493 plebis
2918 5423 3129 5477 scilicet
3164 5420 3304 5475 cladi
3340 5419 3477 5473 labi-

1901 5535 2026 5587 que,
2062 5536 2169 5573 non
2214 5520 2332 5590 ejus
2369 5518 2634 5580 victoriae,
2682 5514 2836 5584 quasi
2862 5532 2929 5569 ex
2960 5513 3198 5568 nominis
3235 5512 3351 5582 ipsa
3390 5525 3479 5563 ra-

1903 5614 2069 5667 tione.
2125 5612 2167 5665 Ο
2208 5611 2483 5682 quomodo
2535 5608 2768 5677 impuris
2816 5607 3069 5661 manibus
3119 5604 3235 5660 suis
3276 5600 3479 5658 evolvit
