4174 6442
164 377 272 436 bii?)
1264 380 1626 441 ANNALES.
1667 406 1730 415 -
1768 381 1912 442 LEO
1954 384 2372 446 ARMENIUS.

3325 393 3438 456 (366

175 492 510 561 Ἀρμενίων·
538 493 630 544 καί
669 491 949 559 ’Λσσύριοι
983 493 1079 561 μὲν
1102 491 1159 556 ἐξ
1209 493 1486 561 ’Λσσύρων
1512 493 1745 562 ἐκλήθη-

1857 495 2348 566 Armeniorumque
2378 513 2569 565 genus.
2607 499 2684 552 Ae
2709 497 2915 569 Assyrii
2948 497 3174 566 quidem
3209 499 3278 552 ab
3337 501 3438 554 As-

164 598 288 641 σαν,
339 578 618 649 Ἀρμένιοι
664 579 720 631 δὲ
748 579 857 632 ἀπὸ
895 579 1180 649 ’Λρμενίου
1207 581 1350 642 τινὸς
1384 579 1526 634 οὕτω
1551 581 1749 634 καλου-

164 673 352 740 μὲνιυ,
393 670 488 723 τοῦ
507 670 617 723 ἀπὸ
655 669 949 741 Ἀρμενίας
980 671 1186 734 πόλεως
1211 671 1508 735 Θετταλίας
1529 674 1753 742 γενομέ-

158 781 276 823 νου.
303 761 360 821 ὃς
401 761 599 815 Ἰάσονι
623 759 1106 830 συνεστράτευσεν.

234 853 304 923 β’.
329 848 504 916 Οὗτος
554 855 584 906 ὁ
642 852 793 906 Λέων
851 853 1104 922 στεφθεὶς
1135 853 1241 906 ὑπὸ
1290 855 1608 927 Νικηφόρον
1648 876 1752 911 πα-

156 945 429 1018 τριάρχου
458 943 792 998 ἐϐεϐαίωσεν
825 943 986 996 αὑτὸν
1018 945 1336 1014 ἐγγράφως,
1373 945 1448 1006 ὡς
1472 946 1754 1018 ὁρθόδοξός

157 1042 281 1091 ἐστι
309 1039 380 1107 τῇ
409 1037 614 1090 πίστει.
660 1035 821 1090 Ἀλλὰ
848 1035 958 1104 γὰρ
985 1034 1086 1088 οὐκ
1125 1035 1318 1088 ἔλαθεν
1348 1035 1426 1106 τῷ
1451 1038 1599 1108 καλῷ
1643 1057 1753 1093 ποια

161 1133 294 1200 μένι
316 1132 344 1184 ὁ
369 1129 534 1193 λύκος
560 1128 640 1200 τῷ
683 1129 865 1198 κωδίῳ
909 1129 1361 1198 ἐγκεκρυμμένος
1384 1147 1397 1160 ·
1443 1131 1520 1195 ὡς
1555 1133 1664 1200 γὰρ
1695 1131 1755 1186 τὸ

154 1225 401 1294 διάδημα
419 1227 486 1294 τῇ
507 1225 678 1294 μιαρᾷ
695 1224 906 1276 ἐκείνου
925 1223 1135 1295 κεφαλῇ
1156 1223 1547 1296 περιτέθεικεν,
1579 1227 1753 1281 ἐδόκει

155 1317 234 1380 ὡς
297 1317 551 1371 ἀκανθῶν
616 1319 712 1370 καὶ
771 1316 1037 1388 τριϐόλων
1084 1318 1480 1387 προστρίψεσιν
1560 1319 1754 1390 ὀδύνης

156 1409 620 1463 ὲπαισθὰνεσθαι.
655 1410 767 1463 Καὶ
807 1409 905 1479 τῆς
960 1410 1226 1479 συνήθους
1253 1411 1458 1475 τάξεως
1489 1412 1756 1464 τελεσθεί-

158 1519 285 1570 σης,
307 1503 403 1554 ἐπὶ
418 1503 480 1554 τὸ
493 1503 755 1556 παλάτιον
773 1505 801 1556 ὁ
819 1503 1099 1573 ἀλιτήριος
1123 1503 1543 1574 εὐφημούμενος
1565 1504 1751 1576 ἀπῄει.

167 1595 261 1656 Ὧς
291 1597 346 1648 δὲ
375 1595 480 1664 πρὸ
505 1595 615 1647 τῶν
643 1595 741 1664 τῆς
761 1595 986 1664 Χαλκῆς
1004 1595 1187 1648 πυλῶν
1206 1598 1264 1648 ἐν
1293 1595 1373 1666 τῷ
1403 1595 1524 1650 κατ’
1553 1599 1753 1667 ἐπιφα-

154 1704 314 1740 νειαν
336 1686 584 1754 κυκλικῷ
613 1688 707 1740 καὶ
742 1685 1010 1758 πορφύρῳ
1031 1687 1554 1758 μαρμάρῳὲγένετο,
1596 1691 1757 1757 εὐχα-

157 1781 442 1850 ριστήριον
483 1780 736 1832 ἀπεδίδου
761 1778 840 1848 τῷ
873 1779 1050 1832 ἐκεῖσε
1072 1779 1308 1848 Χριστοῦ
1334 1781 1427 1833 τοῦ
1446 1780 1578 1834 Θεοῦ
1596 1781 1756 1850 ἡμῶν

154 1873 528 1938 εἰκονίσματι,
592 1873 702 1927 εἴτε
757 1871 958 1943 ἀληθῆ,
1013 1875 1124 1926 εἴτε
1178 1876 1552 1945 προσχήματι.
1581 1875 1748 1928 Ἔνθα

155 1965 534 2018 ἑκδιδύσκεται
564 1965 666 2036 τήν
692 1963 921 2033 ισθῆτα,
973 1965 1041 2036 ἢν
1093 1965 1433 2038 ἐπεϐέϐλητο
1461 1968 1750 2038 ροδοειδέσι

154 2058 351 2126 χρόαις
384 2056 794 2125 ἐκλάμπουσαν,
820 2055 917 2108 καὶ
950 2056 1196 2108 κολόϐιον
1229 2056 1258 2108 ὃ
1281 2058 1750 2128 προσονομάζουσι

155 2149 302 2200 κατὰ
331 2153 394 2199 τδ
423 2147 660 2200 ἔκπαλαι
710 2145 821 2198 τῶν
870 2147 1258 2218 στρατηλατῶν
1294 2149 1536 2218 τηρηθὲν
1587 2150 1707 2211 ἔθος
1734 2167 1746 2180 ·

156 2238 252 2289 καὶ
286 2237 508 2308 Μιχαὴλ
528 2237 608 2307 τῷ
651 2238 707 2301 ἐξ
753 2237 1062 2306 ’Λμοραίιην
1110 2236 1404 2305 ἱπποκόμῳ
1438 2235 1601 2288 αὐτοῦ
1638 2235 1750 2289 ὄντι

155 2329 462 2382 ἐπιδίδωσι.
495 2328 604 2382 Τοῦ
625 2328 680 2381 δὲ
717 2329 920 2398 ταύτην
961 2327 1421 2398 ἀναϐαλλομένου,
1452 2331 1530 2392 εἰς
1560 2329 1750 2383 οἰωνὸν

160 2423 303 2490 μετὰ
333 2423 405 2475 τα
423 2422 629 2475 Λέοντα
672 2421 774 2489 τῆς
809 2419 1104 2490 βασιλικῆς
1127 2420 1434 2482 ἐπιϐἁσεως
1461 2423 1570 2485 τοῖς
1585 2423 1750 2476 εἰδόσι

154 2515 459 2583 λελόγιστο.
491 2510 624 2568 Εἶτα
645 2515 724 2576 είς
761 2515 826 2567 τὰ
846 2514 1116 2583 λεγόμενα
1139 2514 1320 2568 Σκῦλα
1350 2514 1617 2581 ἐλθόντες,
1651 2516 1751 2586 τὴν

157 2609 368 2678 ἐσθῆτα
426 2608 657 2672 Λέοντος
711 2609 967 2664 ἐπιϐάσει
1021 2607 1214 2679 βαρείᾳ
1266 2607 1618 2679 καθύϐρισεν.
1661 2611 1750 2663 Ἐν

158 2700 382 2753 συνέσει
421 2700 480 2753 δὲ
499 2701 691 2753 τούτου
722 2700 874 2753 Λέων
899 2703 1216 2768 γενόμενος,
1240 2699 1607 2771 νεωτερισμόν
1630 2716 1750 2752 τινα

156 2793 422 2861 ππραυτὰ
445 2790 666 2844 ἔσεσθαι
697 2791 845 2860 αύτῷ
900 2790 1204 2845 οἱωνίσατο.

227 2891 302 2952 γ’.
334 2877 516 2937 Ἦκεν
543 2881 639 2936 οὗν
666 2885 747 2946 είς
799 2883 1063 2952 λογισμὸν
1093 2883 1246 2953 αὐτῷ
1285 2883 1413 2954 περὶ
1446 2881 1542 2937 τοῦ
1583 2883 1642 2936 ὲν
1672 2881 1751 2953 τῷ

154 2973 473 3042 Φιλομηλίῳ
509 2972 860 3044 μονάζοντος,
907 2972 964 3034 ὃς
993 2972 1090 3024 ἐπὶ
1117 2971 1213 3025 τοῦ
1254 2971 1550 3040 Βαρδανίου
1596 2968 1750 3026 εἶπεν

155 3068 308 3138 αὖτῷ
333 3068 404 3121 τὰ
441 3066 856 3137 συμϐησόμενα.
917 3065 1132 3119 Στέλλει
1182 3065 1277 3118 οὖν
1308 3063 1458 3136 αὐτῷ
1504 3066 1572 3118 τὰ
1615 3065 1752 3138 πρὸς

155 3159 350 3229 χρείαν
414 3159 536 3212 κατ’
591 3158 760 3227 εὐχὴν
803 3157 1150 3228 ἀναθήματα.
1197 3157 1440 3211 Ἐκεῖνον
1472 3158 1652 3212 τοίνυν
1692 3160 1751 3212 ὲν

152 3255 234 3325 τῷ
277 3254 488 3325 μεταξὺ
527 3253 970 3324 τελευτήσαντος,
997 3252 1200 3324 συνέϐη
1229 3252 1346 3308 ἀντ’
1374 3253 1540 3307 αὑτοῦ
1566 3254 1754 3326 ἕτερον

160 3347 404 3415 μοναχὸν
436 3346 736 3400 Σαϐϐάτιον
779 3345 1095 3416 λεγόμενον,
1138 3345 1197 3408 ὃς
1226 3346 1322 3400 καὶ
1349 3346 1419 3401 τὰ
1441 3347 1535 3401 τοῦ
1559 3347 1755 3418 πρώην

159 3438 406 3508 μοναχοῦ
424 3439 647 3508 ῥήματα
671 3436 905 3505 ἤκουσεν
929 3435 1254 3500 ὲπεισδύνας
1275 3439 1340 3508 τῇ
1365 3435 1530 3490 αὐτοῦ
1557 3439 1751 3509 σκηνῇ,

155 3537 252 3584 καὶ
295 3535 363 3601 τῇ
425 3531 537 3584 τῶν
595 3531 764 3597 ἁγίων
808 3531 1034 3582 εἰκόνων
1071 3531 1442 3601 προσκυνήσει
1498 3531 1755 3584 ἀντικαθ-

157 3624 372 3675 ίστατο.
406 3621 760 3692 Θεασάμενος
781 3620 838 3672 δὲ
894 3621 961 3674 τὰ
1001 3621 1156 3688 παρὰ
1191 3620 1285 3674 τοῦ
1319 3619 1588 3690 βασιλέως
1621 3639 1755 3676 στα-

154 3719 320 3770 λέντα
350 3716 708 3785 ἀποπέμπειν
756 3717 1140 3784 προσεποιεῖτο
1177 3714 1266 3767 διὰ
1316 3715 1376 3766 τὸ
1402 3715 1494 3768 τὸν
1527 3715 1752 3786 βασιλέα

155 3811 492 3881 προσκυνεῖν
546 3809 646 3867 τὰς
683 3806 846 3874 ἁγίας
907 3805 1145 3869 εἰκόνας,
1184 3805 1300 3858 ἀνθ’
1334 3797 1408 3859 ὧν
1440 3807 1534 3858 καὶ
1581 3824 1752 3860 κατα-

160 3903 399 3973 στρέψαι
458 3899 662 3969 Κύριον
723 3899 823 3967 τὴν
867 3897 1033 3950 αὑτοῦ
1075 3897 1354 3968 βασιλείαν
1421 3899 1753 3952 ἐπιστέλλων

156 3993 550 4066 προήγγειλεν.
603 3992 832 4047 Τούτοις
904 3989 1353 4060 φρεναπατηθεὶς
1416 3993 1444 4044 6
1501 3991 1753 4060 βασιλεὺς

159 4087 556 4158 μετακαλεῖται
601 4085 860 4138 Θεόδοτον
903 4083 997 4136 τὸν
1044 4085 1424 4154 Κασσιτηρᾶν,
1470 4085 1617 4146 ὅστις
1659 4085 1754 4138 καὶ

156 4181 294 4252 πρὶν
321 4179 356 4250 ἦ
389 4178 493 4249 τῆς
517 4178 798 4250 βασιλείας
827 4174 1131 4249 δράξασθαι
1169 4176 1261 4230 τὸν
1301 4178 1528 4243 Λέοντα,
1567 4195 1754 4245 γυναιο

159 4278 256 4338 κάς
280 4292 431 4336 τινος
458 4272 677 4344 πνεῦμα
701 4271 958 4335 Πύθωνος
986 4270 1220 4342 ἐχούσης
1239 4271 1476 4334 ἀκούσας
1507 4273 1598 4324 ἐπὶ
1653 4273 1753 4341 τῆς

156 4369 371 4440 ἀγορᾶς
403 4366 816 4437 περιπατούσης
847 4364 937 4417 καὶ
964 4363 1275 4435 κραζούσης
1304 4363 1380 4427 ὡς
1403 4366 1430 4417 ὁ
1455 4364 1566 4416 τῶν
1600 4364 1754 4418 Ἀνα-

157 4459 394 4513 τολικῶν
424 4457 735 4530 στρατηγὸς
769 4456 953 4526 μέλλει
981 4455 1082 4525 τὴν
1105 4455 1198 4509 τοῦ
1232 4455 1450 4526 Μιχαὴλ
1475 4456 1755 4524 βασιλείαν

1856 587 1997 657 syris
2025 595 2308 640 traxerunt
2338 603 2559 649 nomen,
2610 588 2854 643 Armenii
2904 603 3034 642 vero
3057 589 3127 641 ab
3175 591 3439 644 Armenio

1857 678 2095 746 quodam
2154 678 2231 732 sic
2289 677 2476 739 dicto,
2537 677 2794 736 Armenia
2860 677 3160 733 Thessaliae
3232 680 3440 751 oppido

1855 769 2111 832 oriundo,
2149 770 2238 839 qui
2272 769 2459 826 Jasoni
2488 769 2589 824 fuit
2622 770 2991 839 expeditionis
3015 785 3220 824 comes.

1923 858 2090 931 604
2111 860 2166 914 9..
2210 858 2307 914 Hic
2331 860 2444 915 Leo
2465 860 2735 930 augustali
2767 877 2970 916 corona
3023 860 3259 917 donatus
3283 878 3312 916 a
3343 861 3440 917 Ni-

1857 953 2100 1022 cephoro
2154 954 2464 1023 patriarcha
2504 954 2572 1006 ah
2615 968 2793 1023 eoque
2843 953 3226 1024 inauguratus,
3274 964 3439 1010 rectas

1857 1044 2066 1101 ﬁdeise
2097 1047 2365 1100 cultorem
2401 1062 2522 1103 esse
2567 1046 2778 1117 scripto
2831 1047 3115 1117 professus
3170 1056 3277 1102 est.
3329 1046 3444 1101 Nec

1858 1147 2039 1191 tamen
2073 1138 2237 1208 lupus
2265 1139 2423 1193 oriua
2450 1140 2590 1209 pelle
2615 1146 2905 1195 contectus
2930 1139 3134 1194 bonum
3161 1150 3438 1210 pastorem

1856 1229 2038 1283 latuit.
2066 1228 2202 1282 Dum
2227 1230 2375 1284 enim
2401 1232 2694 1284 scelestum
2717 1239 2886 1302 caput
2913 1231 3222 1284 diademate
3245 1231 3440 1302 cingit,

1857 1321 2151 1376 videbatur
2175 1323 2280 1377 sibi
2313 1325 2467 1392 quasi
2502 1325 2784 1392 spinarum
2832 1338 2897 1379 ac
2934 1322 3269 1378 tribulorum
3319 1322 3443 1376 inii-

1859 1418 1943 1473 xis
1967 1418 2174 1473 aculeis
2208 1417 2419 1473 doloris
2439 1433 2603 1480 sensu
2653 1417 2792 1472 allici
2842 1417 3018 1486 iisque
3048 1415 3262 1486 peruri.
3303 1413 3444 1471 Con-

1859 1519 2018 1564 sueto
2051 1509 2489 1580 inaugurationis
2520 1509 2628 1564 ritu
2673 1509 2928 1578 expleto,
2985 1508 3189 1577 populo
3247 1507 3445 1572 faustis

1858 1603 2136 1658 ominibus
2161 1602 2490 1668 deducente,
2523 1601 2694 1656 miser
2713 1600 2780 1656 ad
2805 1600 3070 1671 palatium
3125 1600 3231 1654 iter
3271 1600 3442 1654 habe-

1861 1692 1974 1747 bat.
2008 1693 2078 1749 Ut
2109 1703 2292 1748 autem
2325 1694 2392 1749 ad
2415 1694 2646 1750 (Sitalces
2673 1703 2887 1764 portam
2940 1693 3114 1756 venit,
3161 1706 3274 1762 quo
3322 1693 3444 1748 loco

1863 1785 2126 1854 templum
2149 1785 2451 1841 orbiculari
2497 1784 2670 1856 figura
2721 1785 3112 1856 porphyretico
3170 1799 3443 1840 marmore

1862 1878 2224 1934 incrustatum
2255 1878 2610 1948 splendescit,
2630 1877 2838 1933 Christi
2868 1877 2961 1932 Dei
2994 1875 3168 1931 nostri
3193 1875 3307 1931 illic
3328 1874 3443 1930 eili-

1859 1969 1988 2038 giei,
2013 1985 2108 2024 seu
2135 1985 2291 2024 veras
2313 1985 2410 2024 seu
2436 1969 2620 2039 specie
2654 1977 2818 2024 tenus
2855 1983 2919 2022 ac
2976 1968 3190 2023 ludicro
3233 1968 3441 2030 animo,

1859 2061 2060 2132 gratias
2076 2060 2206 2131 egit.
2238 2061 2315 2114 lbi
2342 2077 2504 2130 quam
2526 2070 2842 2131 prxetextam
2863 2061 3092 2115 indutus
3109 2069 3251 2122 erat,
3268 2059 3444 2113 roseis

1859 2154 2146 2208 coloribus
2180 2153 2506 2219 fulgentem,
2548 2169 2612 2208 ac
2654 2154 2801 2222 quod
2851 2167 3004 2208 more
3035 2151 3264 2223 antiquo
3299 2166 3442 2222 pra:—

1860 2255 2038 2298 torum
2068 2245 2348 2299 colobium
2388 2254 2612 2307 vocant,
2641 2260 2871 2304 exuens.
2906 2259 3007 2298 suo
3035 2253 3148 2298 tum
3187 2241 3440 2313 equisoni

1859 2337 2110 2391 hiiehaeli
2155 2337 2406 2392 Amoraeo
2468 2336 2654 2390 tradit.
2715 2335 2812 2390 illo
2865 2352 2990 2390 mox
3047 2335 3333 2400 induente,
3387 2334 3441 2389 in

1860 2430 2184 2500 prrcsagium
2217 2428 2355 2483 abiit
2411 2442 2524 2482 rem
2567 2426 2874 2481 scientibus
2923 2424 3269 2495 adipiscendi
3319 2434 3445 2495 post

1859 2523 2098 2577 Leonem
2134 2521 2373 2592 imperii.
2407 2520 2539 2575 inde
2564 2520 2615 2574 in
2648 2521 2830 2574 locum
2864 2519 3072 2573 dictum
3111 2517 3268 2588 Seyla
3316 2533 3442 2573 eum

1857 2613 2165 2675 venissent,
2199 2611 2400 2668 acriori
2455 2611 2672 2666 incessu
2720 2609 2923 2666 Leonis
2957 2617 3276 2685 praetextam
3310 2623 3440 2680 pro-

1859 2705 2119 2762 culcavit.
2156 2705 2269 2760 Leo
2295 2721 2354 2759 re
2385 2705 2665 2759 intellecta
2703 2702 3066 2760 rebellionem
3112 2702 3353 2773 aliquam
3386 2700 3444 2755 in

1859 2814 1916 2853 se
1945 2814 2069 2851 mox
2105 2797 2404 2851 excitatum
2437 2796 2502 2850 iri
2544 2796 2802 2866 conjecit.

1927 2887 1982 2941 5.
2019 2887 2180 2941 Venit
2203 2885 2369 2956 igitur
2398 2886 2473 2941 illi
2510 2887 2563 2940 in
2599 2895 2838 2941 mentem
2881 2885 3002 2957 ejus
3037 2882 3314 2948 monachi,
3348 2881 3446 2951 qui

1862 2980 2116 3049 religiosa
2144 2979 2392 3048 palatstra
2424 2979 2477 3031 iu
2510 2978 2838 3033 Philomelio
2883 2992 3172 3040 exercens.
3218 2992 3340 3046 quae
3365 2973 3444 3029 illi

1859 3078 2127 3124 eventura
2151 3078 2358 3132 essent,
2391 3068 2640 3122 Bardane
2671 3068 2923 3138 principe
2947 3065 3280 3121 vaticinatus
3304 3074 3443 3120 erat.

1860 3159 2233 3229 Mittititaque
2262 3159 2374 3213 voti
2407 3175 2594 3220 eausa,
2630 3175 2751 3228 qn.e
2787 3159 2862 3212 illi
2891 3156 3012 3212 usui
3067 3157 3270 3221 forent,
3326 3172 3447 3210 mu-

1859 3268 1990 3307 nera
2017 3252 2294 3322 donaque.
2321 3252 2420 3306 Illo
2446 3252 2731 3306 enimvero
2758 3251 2978 3305 interim
3002 3250 3142 3304 vivis
3165 3257 3444 3319 exempto,

1857 3345 1979 3416 ejus
2009 3343 2133 3398 loco
2160 3343 2466 3398 monachus
2511 3344 2674 3409 alius,
2719 3343 3013 3399 Sabbatius
3056 3343 3299 3406 nomine,
3350 3338 3446 3411 qui

1857 3448 1913 3495 et
1945 3439 2320 3494 antecesseris
2367 3439 2623 3494 monachi
2668 3439 2835 3493 verba
2863 3437 3134 3501 audierat,
3179 3435 3345 3506 605
3390 3435 3446 3490 in

1854 3529 1981 3600 ejus
2020 3528 2214 3583 cellam
2258 3529 2554 3598 locumque
2605 3535 2972 3591 successerat,
3023 3536 3448 3596 sanctarumque

1858 3621 2158 3690 imaginum
2186 3621 2359 3676 cultui
2389 3621 2711 3676 obsistebat.
2758 3622 2807 3675 is
2846 3619 2942 3674 ubi
2989 3619 3342 3688 imperatoris
3374 3616 3442 3672 ad

1856 3727 1916 3768 se
1949 3713 2115 3768 missa
2153 3715 2460 3782 conspexit,
2489 3714 2586 3769 abs
2607 3728 2666 3768 se
2689 3714 2946 3783 ablegare
2970 3726 3034 3766 ac
3073 3711 3332 3766 simulato
3359 3729 3444 3765 re-

1856 3807 2087 3878 pellere,
2111 3806 2260 3874 quod
2294 3808 2411 3876 ipse
2441 3805 2706 3860 nimirum
2735 3806 2910 3860 sacris
2938 3803 3272 3873 imaginibus
3323 3803 3441 3857 cul—

1859 3909 1976 3954 tum
2034 3899 2366 3964 adhiberet;
2427 3883 2789 3968 quamobrem
2831 3900 2997 3954 etiam
3055 3897 3166 3951 Deo
3229 3895 3448 3950 vindico

1855 3992 1975 4061 ejus
2000 3990 2361 4046 evertendqu
2397 3991 2692 4060 imperium
2719 3991 2845 4044 data
2866 3991 3099 4060 epistola
3137 3989 3312 4041 malus
3343 4003 3435 4042 va-

1859 4094 1940 4137 tes
1963 4083 2229 4137 ariolatus
2255 4089 2360 4136 est.
2392 4082 2580 4152 quue
2616 4083 2820 4137 factum
2847 4091 2908 4135 ut
2945 4082 3057 4136 Leo
3099 4095 3291 4134 errore
3348 4079 3442 4138 dc-

1857 4187 2051 4245 ceptus
2089 4191 2154 4230 ac
2179 4175 2534 4230 dementalus
2568 4174 2915 4229 Theodotum
2974 4172 3306 4227 Cassiteram
3350 4186 3447 4231 εον

1858 4275 2127 4322 ccrseret.
2184 4267 2235 4322 ls
2281 4267 2546 4321 nimirum
2599 4267 2710 4336 jam
2774 4276 2904 4320 ante
2963 4265 3221 4334 adeptum
3276 4263 3449 4320 Leoni

1859 4359 2177 4428 imperium,
2212 4359 2402 4413 audita
2430 4358 2663 4412 muliere
2703 4358 2901 4426 spiritu
2936 4357 3242 4426 Pythonico
3269 4355 3446 4414 amata

1860 4449 1914 4502 in
1940 4449 2059 4503 foro
2084 4449 2402 4503 ambulante
2424 4463 2486 4501 ac
2516 4447 2861 4502 vociferante
2911 4446 3028 4500 fore
3075 4454 3137 4500 ut
3194 4445 3448 4502 Orienta-

155 4552 439 4624 δέχεσθαι,
469 4550 560 4603 τὸν
585 4550 788 4603 Λέοντα
808 4548 1252 4618 προσλαϐόμενος
1273 4550 1494 4602 ἄπεισιν
1517 4547 1602 4622 [1³.
1624 4549 1751 4620 405]

1862 4542 1994 4595 lium
2030 4551 2235 4610 przetor
2270 4540 2552 4596 Michaelis
2592 4540 2646 4594 in
2677 4555 2734 4594 se
2786 4539 3078 4608 imperium
3115 4539 3448 4607 susciperet.

157 4645 216 4695 ἐν
243 4643 325 4713 τῷ
351 4641 449 4695 τοῦ
482 4639 664 4710 Ἀγίου
688 4639 903 4692 Παύλου
919 4637 1032 4707 ναῷ
1060 4639 1119 4691 ὲν
1137 4637 1213 4708 τῷ
1251 4640 1746 4711 Ὀρφανοτροφείῳ,

161 4736 254 4787 καὶ
277 4733 561 4803 συνθήκας
596 4731 734 4803 πρὸς
765 4731 1030 4802 ἀλλήλους
1079 4731 1327 4802 φυλακῆς
1369 4734 1747 4804 ποιησάμενοι,

159 4827 388 4896 Θαρῤεἶν
412 4825 548 4897 1:96;
578 4824 742 4879 αὐτόν
767 4841 781 4854 °
835 4826 918 4878 ὅτι
976 4829 1086 4879 Mor.
1141 4825 1273 4893 περὶ
1329 4825 1446 4880 σοῦ
1479 4827 1548 4879 ἐκ
1589 4828 1754 4894 θείας

159 4916 433 4982 ὁράσεως
463 4914 880 4984 προέγνωσται
919 4915 1000 4984 ὡς
1041 4916 1153 4982 τῆς
1177 4917 1505 4982 βασιλείας
1543 4915 1754 4985 τάχιον

157 5005 472 5072 ἐπιτεύξῃ.
503 5003 707 5058 Τοῦτον
747 5004 840 5058 οὖν
889 5006 981 5057 τὸν
1011 5006 1268 5058 Θεόδοτον
1301 5009 1752 5078 μετακαλεσάμε-

159 5116 246 5163 νος
279 5097 556 5150 δείκνυσιν
579 5096 728 5166 αύτῷ
750 5097 818 5155 τὰ
851 5098 1238 5169 ἀπεσταλμένα
1262 5116 1275 5128 ·
1317 5099 1375 5163 ὃς
1403 5099 1498 5152 τοῦ
1512 5101 1752 5155 τοιούτου

161 5189 370 5244 σκοποῦ
413 5188 754 5260 δραξάμενος
787 5188 865 5259 τῷ
897 5189 1052 5261 κακῷ
1109 5191 1277 5244 κακὸν
1311 5191 1620 5257 πλεονάζει,
1659 5196 1752 5250 καὶ

159 5284 462 5351 περίτι-ως
499 5281 736 5351 μονακοῦ
767 5283 870 5353 τὴν
914 5284 1133 5351 οἴκησιν
1176 5286 1514 5354 κεκτημένου
1557 5286 1752 5349 ἐντοῖς

159 5371 486 5443 Μαυριανοῦ
516 5371 697 5452 πείθει
721 5374 853 5443 παρ’
873 5373 1042 5426 αὐτοῦ
1068 5375 1411 5444 ἐνεργεῖσθαι
1445 5376 1748 5445 παράδοξα,

157 5467 349 5534 ἕτερον
379 5465 546 5516 αὐτὸν
580 5465 934 5536 ἐπιφημίζων
977 5465 1154 5536 μέγαν
1207 5467 1514 5522 Ἀντώνιον.
1565 5469 1750 5523 Ταῦτα

159 5559 233 5624 τις)
270 5555 490 5623 βασιλεῖ
519 5556 854 5625 ὑποθέμενος
892 5559 1080 5612 ἄπεισι
1122 5559 1260 5630 πρὸς
1308 5558 1399 5610 τὸν
1453 5560 1748 5629 μοναστὴν,

161 5653 251 5702 καὶ
287 5648 902 5719 πεπλαστουργημένως
933 5652 1056 5704 τάδε
1085 5654 1270 5721 φησὶν,
1301 5652 1377 5716 ὡς
1401 5653 1474 5720 Τῇ
1489 5654 1748 5722 ἐπιούσῃ

162 5743 332 5796 nutri
367 5741 767 5806 τὸνβασιλέα
812 5746 1045 5797 εὐτελεῖ
1097 5748 1505 5814 καταστήματι
1561 5764 1748 5815 πρησ-

160 5839 306 5890 ο;ἰ,’ω
344 5852 467 5901 σοι,
526 5835 600 5889 ἓν
650 5836 980 5904 {tragicam
1025 5842 1119 5893 καὶ
1169 5839 1377 5911 τάχιον
1431 5843 1749 5909 301-510;};-

1857 4633 2050 4687 emlem
2076 4649 2263 4688 secum
2296 4633 2481 4687 Leone
2527 4642 2816 4703 assumpto
2841 4631 2907 4684 ad
2952 4631 3125 4685 sancti
3170 4630 3321 4684 Pauli
3355 4629 3450 4683 de-

1858 4727 2103 4789 lubrum,
2134 4727 2281 4795 quod
2312 4726 2364 4779 in
2397 4725 2884 4795 Orplianotrophio
2917 4733 3022 4788 est,
3065 4732 3442 4786 concesserat,

1856 4819 2085 4888 datur/uc
2124 4830 2169 4872 et
2195 4829 2409 4888 arcepm
2435 4819 2622 4870 arcani
2651 4819 2856 4887 tegendi
2887 4817 2991 4883 fide
3023 4818 3201 4870 divina
3225 4817 3323 4870 sibi
3365 4818 3446 4870 vi-

1855 4912 1998 4964 sione
2028 4921 2374 4964 monstratum
2397 4919 2702 4972 asseverat,
2737 4910 2850 4977 fore
2883 4918 2936 4962 ut
2967 4907 3059 4987 ille
3088 4908 3227 4962 brevi
3277 4907 3446 4977 impe-

1856 5007 1934 5057 rio
1957 5005 2232 5073 potiretur.
2276 5003 2434 5057 llunc
2460 5019 2591 5074 ergo
2615 5003 2725 5057 Leo
2753 5002 3100 5056 Theodotum
3121 5017 3442 5065 accersens,

1855 5116 1993 5168 quas
2033 5116 2061 5152 a
2088 5099 2358 5154 monacho
2401 5098 2614 5153 litteras
2653 5107 2966 5166 acceperat,
3024 5095 3286 5151 ostendit.
3348 5094 3447 5151 Illo

1855 5191 2071 5247 consilii
2115 5191 2452 5259 ejuscemodi
2485 5198 2707 5259 arrepto
2758 5188 3063 5260 proposito,
3126 5187 3447 5258 maluqu

1857 5284 2001 5336 malo
2023 5281 2332 5343 eumulans.
2362 5281 2594 5336 alterius
2615 5296 2840 5351 quoque
2886 5280 3271 5334 commeminit
3324 5294 3475 5348 mos

1856 5376 2040 5440 nachi,
2065 5375 2118 5429 in
2156 5375 2425 5430 Mauriani
2454 5375 2670 5429 aedibus
2699 5374 2996 5429 stationem
3029 5375 3304 5429 habentis.
3360 5372 3444 5432 Al)

1854 5484 1922 5522 eo
1955 5468 2200 5522 inaudita
2231 5469 2438 5538 patrari
2467 5467 2724 5532 amrmat,
2750 5475 2807 5521 et
2851 5483 2974 5536 qum.
3008 5482 3230 5522 omnem
3279 5465 3440 5522 fidem

1855 5562 2148 5623 excedant,
2206 5562 2441 5615 alterum
2495 5550 2751 5631 maguum
2817 5560 3117 5615 Antonium
3162 5557 3440 5628 praeconio

1857 5657 2148 5710 venditans
2171 5654 2669 5726 atqu-teelebrans.
2723 5655 2852 5707 lieni
2903 5654 2982 5707 sic
3027 5653 3230 5707 habere
3269 5652 3438 5705 Leoni

1860 5749 2193 5818 persuadet;
2243 5759 2468 5815 tumque,
2526 5747 2592 5798 aii
2632 5747 2960 5801 monachum
3005 5745 3235 5802 veniens
3292 5745 3437 5799 malo

1860 5845 1969 5896 lucc
1994 5841 2176 5898 animo
2212 5843 2356 5896 iniit:
2392 5838 2693 5909 [uqum‘nti
2726 5849 2870 5892 nocte
2894 5840 3182 5893 imucrator
3212 5835 3300 5892 vili
3337 5837 3431 5890 ’ως
