4174 6442
783 411 893 476 675
2027 415 2168 476 SYM
2181 415 2405 476 EONIS
2444 417 2816 479 MAGISTRI
3947 423 4051 488 676

783 532 914 586 mati
949 529 1214 592 latebant,
1250 539 1402 582 retro
1439 527 1671 583 insecuti
1722 537 1888 590 sunt;
1922 527 2214 598 missisque
2262 529 2355 598 spi-

2478 548 2578 600 μος
2625 534 2716 584 καὶ
2752 532 3160 598 σκανδαλισθεὶς
3209 533 3547 604 ἀνεπήδησεν
3573 549 3588 565 ⁸
3621 539 3714 588 καὶ
3754 536 3894 605 έχων
3919 540 4060 591 ἐτοι-

783 627 923 679 culis
953 639 1076 677 cum
1104 639 1162 678 se
1206 639 1329 677 eum
1360 623 1678 678 vulnerasse
1705 632 1985 692 putarent,
2021 623 2109 676 ille
2143 624 2208 678 ad
2239 638 2355 677 suos

2479 641 2580 692 μον
2619 625 2710 678 τὸν
2766 625 2950 690 ἵππον,
3017 624 3367 698 σηκώσαντες
3414 626 3578 680 αὑτὸν
3623 629 3674 680 oi
3717 631 3835 699 μετ’
3870 632 4062 695 αὑτοῦ,

785 717 1074 770 incolumis
1124 715 1318 769 evasit.
1362 715 1466 768 Alii
1520 723 1632 767 tres
1673 714 1817 783 capti
1871 722 2000 768 sunt
2024 713 2092 767 ab
2151 713 2217 767 iis
2272 715 2355 782 qui

2476 715 2918 770 ἐκασαλίκευσεν.
2959 719 3070 772 Kal
3117 717 3422 791 ἀνέκραξεν
3451 721 3479 773 ό
3522 719 3652 783 λαὸς
3685 722 3795 775 ἀπὸ
3825 722 3922 776 τοῦ
3949 724 4059 775 τείε

777 810 945 881 614
980 810 1034 862 in
1062 809 1226 862 lintre
1259 817 1437 862 erant.
1468 808 1540 861 Ex
1573 807 1640 861 iis
1673 807 1954 877 logotheta
1996 808 2180 861 statim
2209 807 2355 876 jugu-

2474 825 2642 878 χους·
2690 810 2750 861 Ὀ
2801 811 3063 878 σταυρὸς
3105 812 3415 880 ἐνίκησεν.
3476 815 3588 866 Kal
3643 815 3806 879 αὐτὸς
3854 818 4064 887 ἡρξατο

781 905 941 962 latus,
974 900 1373 954 Constantinus
1411 902 1641 970 ejusque
1686 898 1830 953 ﬁlius
1877 899 1988 954 vivi
2017 899 2161 968 capti
2213 909 2355 952 sunt.

2475 900 2722 969 φεύγειν.
2775 903 2886 954 Καὶ
2929 903 3240 967 ἐξελθόντες
3301 906 3350 957 οί
3407 906 3809 976 ἐνωπλισμένοι
3857 911 3924 962 ἐκ
3953 911 4063 964 τιῖιν

777 994 1044 1062 δωμάτων
1077 981 1404 1057 κατεδίωξαν
1447 993 1624 1046 ὀπίσω
1658 993 1752 1045 τοῦ
1784 993 2066 1063 Κρούμου,
2097 993 2188 1045 καὶ
2228 991 2605 1056 ἀπολύσαντες
2628 995 2808 1047 αὐτῶν
2835 997 2902 1049 τά
2953 997 3105 1066 βέλη,
3173 997 3250 1058 ὡς
3311 998 3594 1067 ᾠήθησαν,
3659 1002 3740 1052 ὃτι
3808 1001 4064 1072 ἐπλήγω-

779 1102 879 1137 σαν
910 1086 1093 1142 αὑτὸν.
1126 1085 1291 1148 αὐτὸς
1327 1085 1384 1137 δέ
1417 1085 1726 1155 μονώτατος
1754 1085 1955 1155 ἔφυγεν
1984 1089 2064 1148 εἰς
2093 1087 2186 1137 τὸν
2230 1085 2358 1136 λαὸν
2397 1086 2584 1140 αὑτοῦ.
2621 1088 2683 1138 Οἱ
2709 1089 2765 1139 δὲ
2797 1088 2945 1141 ἄλλοι
2979 1091 3130 1157 τρεῖς
3167 1090 3513 1158 ἐπιάσθησαν
3548 1091 3654 1142 ὑπὸ
3716 1091 3827 1144 τῶν
3888 1093 4064 1144 όντων

776 1182 836 1233 ἐν
883 1181 962 1249 τῷ
1025 1181 1312 1252 χελανδίῳ.
1373 1183 1483 1236 Kal
1537 1184 1566 1237 ὁ
1621 1183 1722 1253 μὲν
1774 1182 2064 1253 λογοθέτης
2103 1185 2361 1253 παραυτά
2396 1186 2635 1255 ἐσφάγη.
2695 1186 3102 1250 Κωνσταντῖνος
3135 1187 3192 1240 δὲ
3239 1187 3334 1241 καὶ
3395 1189 3424 1241 ὁ
3458 1188 3575 1250 υίὸς
3607 1187 3776 1242 αὑτοῦ
3855 1189 4065 1252 ζῶντες

775 1272 1136 1340 ἐπιάσθησαν.
3071 1333 3074 1336 η

844 1367 894 1418 9.
925 1365 1043 1420 Jam
1081 1366 1264 1434 itaque
1284 1366 1372 1421 his
1416 1367 1488 1420 ita
1521 1367 1690 1437 gestis
1723 1367 1912 1421 furore
1942 1383 2208 1422 accensus
2233 1367 2355 1422 Cru-

2545 1365 2610 1418 0'.
2655 1366 2859 1420 Λοιπὸν
2936 1360 3033 1418 οὖν
3080 1365 3286 1418 τούτων
3341 1366 3652 1434 γενομένων
3695 1365 3975 1434 θυμωθεὶς
4033 1366 4062 1416 6

775 1474 897 1511 mus
929 1459 1112 1511 omnia
1155 1459 1274 1512 loca
1330 1460 1384 1512 in
1427 1460 1730 1514 crastinum
1769 1461 1877 1530 igni
1935 1461 2192 1529 ferroque
2241 1476 2355 1514 suo:

2474 1460 2728 1530 Κροῦμος
2756 1459 3009 1512 ἐκέλευσε
3039 1461 3105 1528 τῇ
3136 1459 3400 1527 ἐπαύριον
3443 1458 3746 1528 ἐμπυρίσαι
3767 1457 3865 1510 καὶ
3883 1473 4061 1510 κατα-

774 1559 988 1601 vastare
1017 1551 1295 1618 przecepit.
1329 1549 1634 1619 Cmptoque
1667 1551 1923 1604 incendio
1952 1551 2212 1605 ecclesias
2253 1565 2355 1603 om-

2473 1552 2702 1620 στρέψαι
2745 1553 2924 1604 πάντα
2971 1551 3167 1603 τόπον·
3223 1551 3319 1602 xal
3371 1551 3673 1620 ἀρξάμενοι
3726 1547 4062 1618 ἐμπυρίζειν

774 1657 872 1695 ncs
909 1651 1060 1696 trans
1111 1645 1262 1695 urbis
1294 1653 1538 1711 portum,
1580 1660 1804 1711 magnas
1850 1660 1981 1697 sane
2012 1659 2075 1696 ac
2126 1643 2355 1711 superbe

2470 1645 2823 1694 κατέκαυσαν
2853 1640 3038 1702 πάσας
3096 1641 3195 1703 τὰς
3243 1640 3541 1709 ἐκκλησίας
3597 1641 3695 1703 τὰς
3752 1641 4060 1711 ἀντίπεραν

770 1747 960 1800 opere,
1010 1748 1149 1801 quas
1185 1734 1340 1786 lrene
1365 1742 1420 1786 et
1451 1734 1797 1800 Nicephorus
1834 1743 1998 1802 atque
2029 1733 2256 1787 Michael
2280 1733 2355 1786 in-

2470 1730 2568 1797 τῆς
2604 1729 2830 1791 πόλεως,
2861 1727 3103 1798 μεγάλας
3134 1728 3323 1791 οὖσας,
3351 1729 3420 1790 ἀς
3465 1729 3813 1780 ἀνεκαίνισαν
3847 1729 4056 1797 Εἰρήνη

773 1833 1193 1886 stauraveraut,
1241 1827 1576 1879 monasteria
1607 1826 1735 1879 item
1765 1835 1821 1879 et
1860 1826 2060 1894 palatia
2109 1826 2355 1894 aedesque

2470 1821 2564 1871 καὶ
2591 1819 2904 1889 Νικηφόρος
2939 1820 3034 1871 καὶ
3095 1817 3317 1889 Μιχαὴλ
3345 1835 3360 1850 ο
3412 1819 3614 1887 ὁμοίως
3667 1822 3760 1872 καὶ
3786 1820 3853 1872 τὰ
3885 1837 4055 1887 μονα-

773 1916 912 1970 alias
959 1931 1022 1968 ac
1069 1915 1388 1969 suburbana
1432 1915 1543 1985 igni
1591 1916 1971 1970 devastarunt.
2024 1916 2105 1969 Ad
2153 1916 2210 1969 S.
2248 1916 2362 1969 Ma-

770 2019 1013 2062 mantem
1053 2009 1261 2078 pariter
1311 2010 1588 2078 progressi
1641 2009 1750 2072 his,
1796 2025 1918 2078 quae
1953 2011 2027 2062 ibi
2069 2019 2216 2074 sunt,
2268 2025 2362 2079 pa-

771 2103 918 2156 latiis
960 2103 1235 2173 regiisque
1267 2117 1330 2156 ac
1365 2106 1538 2157 sacris
1585 2103 1859 2156 cubiculis
1893 2097 2071 2172 ignem
2109 2103 2359 2172 subjece-

770 2203 921 2256 runt,
975 2209 1038 2246 ac
1095 2196 1384 2248 columnas
1445 2195 1854 2265 confregerunt.
1912 2195 2127 2248 l’lumbi
2189 2195 2361 2248 moles

768 2286 1019 2354 circique
1084 2289 1352 2340 ambitum
1423 2298 1685 2342 ornantes
1741 2297 1954 2341 statuas
1994 2287 2357 2341 sustulerunt.

766 2375 1026 2447 Captivos
1073 2395 1266 2432 omnes
1317 2380 1681 2449 jngularunt;
1718 2379 1974 2433 similiter
2007 2394 2230 2447 quoque
2263 2394 2358 2447 pe-

769 2486 899 2524 cora
929 2479 1306 2539 peremerunt.
1343 2471 1482 2524 llinc
1517 2471 1669 2526 Steni
1690 2471 1872 2526 littora
1903 2471 2358 2540 superioremque

777 2577 929 2616 oram
1000 2572 1359 2634 peragrantes
1410 2564 1621 2618 navalia
1681 2565 1865 2618 omnia
1928 2563 2356 2626 succenderunt,

767 2662 1092 2732 ingentique
1132 2663 1294 2732 potiti
1345 2663 1524 2732 praeda
1558 2660 1846 2725 abierunt;
1885 2661 2187 2729 dextraque
2219 2660 2356 2714 civi-

768 2756 898 2807 tatis
937 2764 1093 2823 parte
1127 2765 1394 2823 occupata
1444 2754 1511 2808 ad
1565 2753 1870 2816 Orientem,
1902 2768 2024 2821 quae
2045 2762 2174 2806 sunt
2203 2763 2355 2806 extra

764 2845 1015 2917 Chryscn
1069 2857 1282 2916 portam
1323 2847 1391 2900 ad
1432 2846 1651 2917 Rigium
1690 2860 1865 2913 usque
1910 2845 2355 2898 combusserunt.

768 2939 969 3008 Athyra
1004 2955 1129 2992 cum
1163 2940 1469 3003 venissent,
1511 2939 1658 3007 quod
1692 2938 1805 2991 illic
1829 2945 1915 2991 est
1948 2938 2235 3007 oppidum,
2264 2953 2354 2989 ra-

769 3029 812 3081 ri
853 3045 1074 3098 quoque
1112 3029 1297 3099 operis
1348 3039 1592 3099 pontem,
1629 3029 1918 3098 ipsumque
1962 3028 2120 3097 longe
2160 3027 2357 3081 ﬁrmis-

769 3124 998 3186 simum,
1045 3133 1391 3176 everterunt.
1437 3122 1746 3193 Selybriam
1783 3121 2013 3190 profecti
2067 3122 2187 3192 ejus
2250 3121 2356 3175 loci
2385 3138 2427 3196 ε

765 3211 1032 3280 oppidum
1071 3213 1190 3265 solo
1241 3221 1620 3280 asquaverunt,
1657 3213 2032 3280 ecclesiasque
2061 3223 2118 3265 et
2166 3212 2361 3266 domos

766 3303 1157 3357 incenderunt.
1205 3303 1417 3357 Exinde
1471 3305 1710 3358 Daonem
1764 3302 2026 3372 oppidum
2087 3303 2356 3364 demoliti,

765 3393 1083 3448 lleracleam
1134 3410 1260 3449 cum
1318 3395 1603 3450 venissent
1653 3409 1757 3450 nec
1817 3395 2096 3448 civitatem
2145 3393 2356 3463 ingredi

765 3486 1097 3552 potuissent,
1143 3487 1338 3541 domos
1365 3501 1560 3541 omnes
1591 3486 1658 3540 ad
1691 3487 1846 3540 littus
1873 3487 2098 3556 positas,
2126 3495 2183 3540 et
2235 3500 2357 3554 quae

763 3576 888 3629 urbi
921 3578 1314 3632 circumvieina
1344 3587 1473 3632 sunt
1509 3577 1713 3648 przedia
1755 3579 2004 3647 locaque,
2037 3577 2360 3632 combusse-

764 3677 916 3723 runt.
950 3667 1148 3724 Postea
1182 3669 1536 3725 Rha-destum
1568 3670 1873 3733 venientes,
1904 3671 2008 3724 hoc
2033 3670 2196 3741 615
2227 3685 2356 3740 quo-

761 3774 869 3828 que
916 3760 1184 3831 oppidum
1245 3761 1520 3827 demoliti,
1559 3773 1792 3817 cunctas
1843 3763 1896 3817 in
1964 3777 2032 3817 eo
2088 3764 2234 3817 ardes
2292 3777 2356 3816 ac

761 3851 1027 3908 ecclesias
1087 3853 1480 3918 incenderunt,
1542 3855 1881 3923 multamque
1943 3853 2018 3908 ibi
2068 3854 2354 3910 hominum

762 3945 981 4000 turbam
1025 3947 1391 4002 sustulerunt;
1424 3947 1652 4003 Panium
1683 3962 1807 4002 cum
1854 3947 2158 4011 venissent,
2192 3947 2352 4018 oppi-

761 4035 894 4090 dum
948 4038 1224 4091 munitum
1278 4039 1616 4094 invenerunt
1644 4039 1971 4110 ingentique
2002 4049 2180 4092 tutum
2219 4054 2356 4110 pras-

762 4129 907 4182 sidio
968 4131 1247 4194 militum;
1301 4130 1617 4201 frustraque
1651 4131 1773 4202 ejus
1827 4131 2055 4184 tentatis
2105 4131 2350 4195 mueniis,

760 4220 1097 4276 suburbanis
1143 4223 1402 4276 omnibus
1447 4222 1561 4293 igni
1605 4222 1862 4294 ferroque
1905 4224 2150 4287 vastatis,
2197 4223 2354 4277 inde—

757 4327 868 4380 que
919 4312 1157 4382 Asprum
1210 4329 1428 4377 versus,
1476 4315 1624 4383 quod
1690 4317 1870 4386 ipsum
1924 4317 2187 4385 oppidum
2241 4326 2350 4383 est,

761 4403 867 4457 iter
889 4403 1212 4474 dirigentes,
1241 4421 1310 4459 eo
1339 4421 1563 4475 quoque
1601 4407 1834 4476 aliisque
1883 4409 2137 4477 pluribus
2193 4407 2350 4477 oppi-

2470 1911 2670 1982 στήρια
2729 1912 2825 1962 καὶ
2873 1910 2944 1962 τά
2995 1910 3236 1964 παλάτια
3298 1911 3393 1963 καὶ
3448 1912 3574 1974 τοὺς
3611 1910 3796 1972 οἴκους
3829 1911 3929 1962 καὶ
3988 1913 4057 1960 τά

2470 2003 2796 2071 προάστεια.
2850 2002 2960 2054 Kal
3010 2001 3263 2063 ἐλθόντες
3313 2003 3392 2064 είς
3434 2001 3528 2053 τὸν
3562 2001 3751 2067 ’Λγιον
3778 1999 4058 2068 Μάμαντα

2468 2086 2795 2160 ἐνεπύρισαν
2843 2091 2914 2144 τὰ
2977 2093 3156 2143 ἐκεῖσε
3191 2090 3435 2144 παλάτια
3458 2090 3704 2151 καὶτοὺς
3735 2088 4056 2156 βασιλικοὺς

2469 2183 2754 2246 κοιτῶνας,
2801 2183 2894 2236 καὶ
2947 2185 3074 2246 τοὺς
3133 2184 3319 2245 κίονας
3378 2182 3746 2242 κατέκλασαν,
3785 2182 3879 2232 καὶ
3924 2182 4056 2238 τοὺς

2470 2276 2754 2344 μολίϐδους
2777 2277 2989 2345 ἐπῆραν
3014 2276 3109 2328 καὶ
3131 2276 3200 2328 τὰ
3214 2275 3383 2338 ζὼδια
3418 2273 3514 2328 τοῦ
3539 2275 3926 2344 ίπποδρομίου,
3958 2275 4057 2326 καὶ

2469 2369 2650 2421 πᾶσαν
2680 2367 2783 2431 τὴν
2815 2367 3193 2435 αἰχμαλωσίαν
3229 2367 3602 2432 κατέσφαξαν,
3625 2366 3826 2435 ὁμοίως
3858 2365 3957 2417 καὶ
3986 2368 4056 2417 τά

2467 2463 2661 2529 κτήνη.
2694 2460 2803 2512 Kal
2829 2458 3128 2521 διελθόντες
3158 2458 3259 2528 τὴν
3295 2458 3749 2530 παραθαλασσίαν
3777 2457 3874 2511 τοῦ
3916 2459 4054 2510 Στε-

2466 2551 2557 2604 νοῦ
2603 2554 2695 2606 καὶ
2746 2555 2845 2623 τὴν
2880 2553 2992 2606 ἀνω
3025 2551 3203 2604 πάντα
3235 2551 3303 2604 τὰ
3354 2553 3628 2621 ἐμπορεῖα
3669 2551 4050 2610 κατέκαυσαν,

2465 2647 2559 2698 καὶ
2589 2646 2822 2715 ἄραντες
2848 2644 3022 2698 σκῦλα
3059 2645 3231 2697 πολλά
3257 2643 3483 2715 ᾤχοντο.
3519 2645 3631 2698 Kal
3665 2647 3971 2708 πιάσαντες
3991 2649 4056 2697 τὸ

2464 2737 2638 2803 δεξιὸν
2665 2737 2832 2807 μέρος
2858 2722 2957 2805 τῆς
2991 2737 3200 2794 πόλεως
3219 2737 3356 2807 πρὸς
3382 2737 3671 2801 ἀνατολὰς,
3694 2739 4053 2791 κατέκαυσαν

2463 2831 2531 2884 τὰ
2565 2830 2776 2894 ἔξωθεν
2798 2830 2899 2898 τῆς
2929 2831 3150 2900 Χρυσῆς
3181 2829 3388 2899 πόρτης
3416 2830 3520 2893 ἕως
3545 2829 3640 2882 τοῦ
3682 2830 3908 2897 Ῥιγίου.
3942 2831 4056 2883 Kal

2464 2926 2711 2989 ἐλθόντες
2737 2927 2816 2988 είς
2837 2926 2926 2978 τὸν
2970 2925 3176 2996 Ἀθύρα
3233 2924 3610 2994 κατέστρεψαν
3648 2925 3710 2976 τὸ
3740 2926 3922 2976 ἐκεῖσε
3952 2926 4054 2977 κά-

2468 3035 2631 3089 στρον
2682 3019 2801 3070 καὶ·
2827 3018 2928 3089 τὴν
2964 3017 3210 3088 γέφυραν
3247 3015 3561 3087 παράξενον
3589 3012 3756 3069 οὖσαν
3779 3017 3878 3068 καὶ
3909 3018 4055 3068 πάνυ

2464 3111 2836 3183 ὀχυρωτάτην.
2871 3112 2982 3167 Kal
3011 3112 3258 3176 ἐλθόντες
3301 3114 3382 3174 είς
3418 3110 3724 3180 Σηλυϐρίαν
3747 3113 4058 3181 κατέστρε-

2459 3206 2567 3274 ψαν
2627 3205 2688 3258 τὸ
2740 3205 2932 3257 αὐτόθι
2990 3205 3230 3274 κάστρον
3281 3203 3385 3266 ἕως
3417 3203 3513 3257 τοῦ
3542 3204 3795 3272 ἐδάφους,
3825 3205 3926 3256 καὶ
3953 3206 4056 3265 τὰς

2461 3295 2760 3366 ἐκκλησίας
2808 3295 2905 3348 καὶ
2959 3295 3088 3355 τοὺς
3132 3294 3318 3356 οἴκους
3372 3293 3722 3365 ἐνεπύρισαν.
3758 3295 3870 3347 Kal
3914 3295 4054 3363 μετὰ

2459 3386 2618 3439 τοῦτο
2668 3387 2728 3438 τὺ
2769 3387 2994 3456 Δαὼνην
3048 3386 3284 3453 κάστρον
3360 3385 3606 3454 ὑπάρχον
3649 3386 4050 3456 κατέστρεψαν.

2461 3482 2570 3534 Kal
2604 3480 2850 3543 ἐλθόντες
2875 3480 2956 3541 είς
2982 3479 3080 3547 τὴν
3122 3479 3280 3531 πόλιν
3315 3477 3669 3549 Ἡρακλείας,
3702 3480 3776 3549 μὴ
3808 3480 4051 3549 δυνάμε-

2460 3590 2540 3627 νοι
2567 3574 2646 3636 είς
2680 3572 2851 3643 αὐτὴν
2880 3572 3076 3633 ἐλθεῖν,
3117 3570 3448 3641 ἐνεπύρισαν
3478 3572 3657 3625 πάντα
3681 3572 3748 3624 τὰ
3768 3575 4047 3642 οἰκήματα

2458 3667 2528 3721 τὰ
2565 3667 2692 3719 ὄντα
2725 3668 2802 3729 είς
2830 3665 2922 3718 τὸν
2947 3664 3141 3734 λιμένα
3171 3666 3266 3718 καὶ
3295 3664 3362 3718 τά
3409 3665 3572 3732 πέριξ
3605 3664 3705 3734 τῆς
3738 3665 3914 3733 αὐτῆς
3950 3667 4045 3719 πός

2457 3759 2614 3822 λεως.
2648 3758 2757 3811 Kal
2798 3757 2937 3828 μετά
2957 3757 3117 3810 τοῦτο
3158 3755 3405 3820 ἐλθόντες
3457 3756 3537 3818 είς
3584 3755 3892 3810 Ῥαιδεστδν
3920 3776 4050 3812 κατ-

2459 3849 2725 3921 έστρεψαν
2749 3849 2842 3902 καὶ
2876 3847 3033 3902 τοῦτο
3061 3847 3121 3900 τὸ
3145 3849 3400 3918 κάστρον,
3435 3849 3842 3918 ἐμπυρίσαντες
3869 3852 4048 3905 πάντα

2457 3943 2524 3994 τὰ
2551 3944 2609 3995 ἐν
2637 3940 2788 4011 αύτῷ
2816 3941 3095 4011 οἰκήματα
3153 3941 3243 3994 καὶ
3283 3943 3382 4001 τὰς
3421 3940 3716 4012 ἐκκλησίας
3747 3944 3844 3994 καὶ
3874 3960 4046 3996 κατα·

2459 4033 2761 4102 σφάξαντες
2787 4032 2974 4086 αὐτόθι
3005 4033 3133 4086 λαὸν
3187 4032 3375 4086 πολύν.
3428 4033 3538 4086 Kal
3578 4032 3824 4097 ἐλθόντες
3870 4037 3955 4096 εις
3990 4039 4049 4089 τὺ

2459 4127 2658 4179 Πάνιον
2683 4125 2922 4195 κάστρον
2957 4118 3117 4193 εὖρον
3163 4124 3296 4178 αὐτὸ
3340 4127 3766 4194 ἡσφαλισμένον,
3795 4128 3995 4196 ἔχοντα
4027 4132 4044 4158 τ

2456 4217 2584 4269 λαὸν
2618 4217 2786 4269 πολύν
2808 4233 2821 4246 ·
2855 4218 2951 4270 καὶ
2977 4217 3144 4287 μηδὲν
3171 4215 3491 4287 ἰσχύσαντες
3522 4218 3601 4280 είς
3640 4216 3792 4280 αὐτὸ,
3834 4221 3904 4271 τὰ
3943 4223 4045 4287 ἔξω

2455 4311 2634 4363 πάντα
2675 4309 3080 4379 ἐμπυρίσαντες
3135 4309 3229 4362 καὶ
3272 4309 3750 4378 καταστρέψαντες
3807 4311 4044 4378 άνῆὶθσν

2455 4404 2533 4464 εἰς
2561 4403 2653 4454 τὸν
2687 4403 2952 4473 Ἀσπρον,
2997 4403 3234 4472 κάστρον
3265 4400 3324 4454 ὃν
3343 4402 3437 4454 καὶ
3480 4403 3639 4467 αὐτὸ,
3677 4400 3760 4474 [Ρ.
3795 4403 3927 4476 409]
3953 4408 4043 4457 καὶ

757 4492 844 4546 dis
889 4495 1104 4548 eversis
1135 4504 1301 4563 atque
1339 4494 1604 4556 incensis.
1634 4495 1838 4550 abhinc
1878 4497 2110 4566 digressi
2152 4497 2344 4550 decem

2459 4494 2927 4564 καταστρέψαντες
2988 4495 3081 4545 καὶ
3115 4491 3274 4545 τοῦτο
3337 4493 3429 4544 καὶ
3469 4495 3900 4564 ἐμπυρίσαντες,
3943 4499 4041 4549 καὶ

760 4585 988 4639 circiter
1029 4586 1148 4640 dies
1193 4586 1332 4641 Gani
1381 4599 1597 4642 montes
1658 4589 1956 4642 intrarunt.
1994 4589 2109 4642 Illic
2138 4589 2360 4643 latentis

765 4675 1077 4744 plebecula:
1125 4676 1469 4731 innumeram
1503 4678 1650 4731 nacti
1690 4679 2100 4732 multitudinem
2131 4686 2359 4732 cuncta-

755 4781 864 4834 que
898 4766 1012 4821 fere
1039 4767 1288 4822 Thraciae
1322 4783 1547 4838 pecora,
1581 4769 1902 4824 hominibus
1937 4771 2059 4824 neci
2113 4770 2352 4824 traditis.

756 4871 956 4924 pecora
1001 4872 1319 4928 puerosque
1345 4873 1410 4912 ac
1441 4858 1701 4914 mulieres
1732 4859 1941 4930 ingenti
1977 4861 2138 4915 turba
2175 4861 2352 4929 capti—

757 4964 856 5003 vos
887 4949 941 5002 in
978 4949 1284 5020 Bulgariam
1327 4951 1552 5008 misere.
1573 4953 1804 5021 Jamque
1834 4952 1975 5006 adeo
2001 4954 2069 5006 ad
2099 4952 2354 5006 Hexami-

753 5040 890 5095 lium
934 5056 1158 5112 quoque
1191 5051 1542 5098 transeuntes
1598 5044 1852 5115 Abydum
1900 5060 2077 5114 usque
2119 5044 2338 5099 descen-

752 5134 995 5193 derunt;
1028 5135 1281 5206 ﬂexoque
1315 5137 1517 5191 itinere
1553 5138 1762 5192 Ebrum
1809 5138 2050 5192 assecuti
2084 5152 2150 5192 ac
2181 5152 2350 5206 supe-

751 5227 953 5280 riorem
994 5228 1072 5281 illi
1103 5230 1408 5298 regionem,
1439 5230 1641 5300 oppida
1671 5231 1858 5286 omnia
1906 5232 2111 5301 majora
2140 5233 2347 5300 pariter

748 5325 808 5370 et
832 5318 1044 5373 minora
1074 5319 1490 5390 Adrianopolim
1544 5337 1718 5391 usque
1755 5331 2100 5378 everterunt.
2145 5323 2341 5377 Adria-

753 5410 996 5478 nopolim
1044 5419 1229 5466 autem
1260 5415 1530 5468 munitam
1555 5429 1683 5468 cum
1722 5415 2088 5478 invenissent,
2146 5417 2340 5470 urbem

750 5502 1125 5570 obsederunt;
1163 5515 1551 5575 protractaque
1595 5506 1716 5562 dies
1774 5523 1883 5562 non
1935 5521 2140 5578 paucos
2190 5509 2340 5563 obsi-

755 5595 943 5659 dione,
999 5612 1126 5651 cum
1176 5598 1340 5666 potiri
1375 5600 1601 5655 civitate
1633 5615 1743 5654 non
1776 5611 2023 5670 possent,
2053 5601 2341 5656 instructis

754 5687 1025 5743 machinis
1058 5705 1183 5746 eam
1216 5705 1536 5762 oppugnare
1578 5701 1888 5763 cmperunt.
1924 5694 1992 5750 Et
2033 5709 2168 5750 vero
2187 5695 2338 5751 cives

2461 4586 2624 4654 ἐτερα
2645 4585 2873 4638 πλεῖστα
2906 4585 3138 4655 κάστρα,
3174 4583 3444 4654 κατῆλθον
3477 4583 3683 4637 ἐκεῖθεν
3715 4585 3781 4637 δι’
3814 4587 4040 4658 ἡμερῶν

2458 4679 2609 4739 δέκα,
2626 4679 2720 4731 καὶ
2735 4677 2983 4747 εἰσῆλθον
3006 4678 3084 4739 εἰς
3097 4676 3166 4730 τὰ
3193 4677 3294 4746 ὅρη
3325 4675 3419 4728 τοῦ
3444 4677 3644 4729 Γάνου·
3663 4679 3760 4730 καὶ
3786 4679 4037 4749 εὑρόντες

2457 4777 2636 4828 ἐκεῖσε
2667 4773 2797 4826 λαὸν
2853 4773 3023 4825 πολὺν
3059 4771 3438 4842 κρυπτόμενον
3474 4771 3569 4825 καὶ
3632 4773 3822 4842 σχεδὸν
3859 4775 4034 4826 πάντα

2455 4866 2523 4919 τὰ
2548 4868 2721 4935 κτήνη
2747 4867 2845 4934 τῆς
2879 4864 3122 4936 θρᾲκης,
3149 4861 3502 4932 κατέσφαξαν
3523 4863 3649 4925 τοὺς
3686 4862 4030 4933 ἀνθρώπους,

2455 4963 2549 5013 καὶ
2580 4960 2650 5012 τά
2693 4960 2862 5030 κτήνη
2908 4958 3040 5011 ὄντα
3095 4960 3175 5019 εἰς
3232 4956 3436 5026 πλῆθος
3490 4957 4033 5027 αἰχμαλωτεύσαντες

2454 5031 2780 5104 ἀπέστειλαν
2807 5052 2885 5113 είς
2908 5050 3266 5118 Βουλγαρίαν,
3297 5049 3391 5102 καὶ
3419 5049 3817 5114 γυναικόπαιδα
3845 5049 4030 5107 ⁴πολλά.

2453 5144 2562 5197 Kal
2597 5143 2786 5196 λοιπὸν
2813 5142 3056 5212 ἀπῆλθον
3079 5142 3173 5194 καὶ
3220 5143 3298 5204 είς
3335 5141 3398 5193 τὸ
3440 5139 3758 5210 Ἑξαμίλην,
3777 5144 3874 5195 καὶ
3900 5160 4029 5196 κατ-

2452 5237 2616 5305 ῆλθον
2645 5238 2750 5300 ’έως
2788 5234 3040 5300 Ἄϐυδον,
3075 5234 3170 5286 καὶ
3217 5232 3545 5302 ἀνέκαμψαν
3579 5233 3673 5284 ἐπὶ
3703 5233 3798 5285 τὸν
3835 5234 4029 5304 Ἐὗρον

2449 5328 2544 5381 καὶ
2563 5326 2663 5396 τὴν
2680 5326 2815 5392 ἀνω,
2849 5325 2944 5378 καὶ
2975 5325 3152 5378 πάντα
3183 5323 3256 5377 τὰ
3283 5323 3495 5392 κάστρα
3526 5323 3908 5394 κατέστρεψαν
3927 5327 4029 5378 ἀπὸ

2451 5418 2650 5488 μικροῦ
2681 5419 2786 5481 ῑως
2821 5418 3063 5487 μεγάλου
3089 5419 3195 5479 ἐως
3237 5417 3338 5484 τῆς
3377 5416 3896 5488 Ἀδριανουπόλεως.
3925 5419 4026 5471 Kal

2443 5511 2701 5581 εὑρόντες
2752 5511 2854 5581 τὴν
2900 5508 3352 5581 Ἀδριανούπολιν
3402 5509 3847 5579 κραταιουμένην
3893 5526 4025 5578 παρ-

2446 5602 2732 5657 εκάθισαν.
2763 5603 2872 5657 Kal
2906 5603 3240 5673 ποιήσαντες
3262 5599 3478 5671 ἡμέρας
3510 5599 3715 5663 πολλὰς
3747 5601 3846 5656 καὶ
3869 5600 4024 5671 μηδὲν

2446 5695 2768 5766 ἰσχύσαντες
2845 5696 2955 5751 ἀπὸ
3001 5693 3098 5751 τοῦ
3155 5691 3561 5766 περικαθισμοῦ
3637 5689 3685 5761 ³,
3737 5694 4022 5766 στήσαντες

2032 5789 2265 5847 unus
2316 5774 2724 5851 LECTIONES.

830 5877 980 5948 ἰχον
1001 5894 1062 5933 τε
1095 5878 1118 5932 ἲ
1190 5879 1212 5912 ⁸
1235 5880 1702 5954 Μρακαθισμοῦῖ
