4174 6442
129 418 205 477 m
1237 404 1603 465 .mxms.
1649 427 1714 436 —-
1758 404 1901 463 LEO
1942 406 2359 469 sumamus.

3248 410 3355 470 6⁸78

130 528 409 596 parram“
466 524 769 591 ἐπολέμουν
813 521 872 573 τὸ
916 522 1173 589 κάστρον.
1222 518 1329 571 Καὶ
1364 517 1428 585 δὴ
1482 532 1675 567 atauo-

1785 514 1832 568 in
1867 515 2145 585 angustias
2174 520 2369 571 coacti.
2400 532 2524 570 cum
2560 517 2708 571 nulla
2741 517 2928 571 attxilii
2962 532 3088 586 spes
3123 532 3353 582 usquam

129 619 302 679 θίντις,
324 617 406 685 μὴ
432 616 644 682 ἔχοντες
679 609 931 680 βοήθειάν
960 610 1124 662 πουεν
1156 608 1250 661 καὶ
1296 605 1669 673 ἀποθνήσκον-

126 728 194 771 τες
216 709 300 760 τοῦ
336 705 521 778 λιμοῦ,
554 704 883 774 παρέδωκαν
911 699 1156 762 ἑαυτούς.
1195 699 1301 752 Καὶ
1343 697 1596 757 λαϐόντες
1626 696 1673 747 οἱ

131 802 395 869 Βούλγαροι
422 799 518 869 τὴν
538 794 919 867 αἰχμαλωσίαν
950 795 1132 845 πᾶσαν
1162 793 1241 853 είς
1270 788 1475 858 πλῆθος
1511 784 1677 842 οὖσαν

129 894 488 962 ἀναρίθμητον,
520 894 614 945 καὶ
644 892 826 942 πᾶσαν
852 886 949 957 τὴν
979 883 1289 955 ἀποσκευὴν
1322 882 1522 945 αὐτῶν,
1544 899 1674 951 μετ-

129 987 307 1055 ῴκισαν
356 985 551 1045 αὐτοὺς
596 984 674 1046 εἰς
707 980 1047 1050 Βουλγαρίαν
1085 977 1294 1030 ἐκεῖθεν
1323 976 1417 1029 τοῦ
1460 976 1675 1043 Ἴστρου

127 1076 366 1145 ποταμοῦ.
404 1074 513 1127 Καὶ
545 1072 749 1125 τούτων
781 1070 1081 1139 γινομένων
1106 1070 1135 1120 ὁ
1167 1069 1316 1122 Λέων
1348 1067 1445 1135 τῆς
1469 1066 1675 1127 πόλεως

126 1169 205 1221 οὐκ
252 1167 493 1236 ἐξῆλθεν,
557 1165 671 1217 ἀλλ’
701 1165 922 1233 ἐκράτει
953 1163 1052 1231 τῆς
1104 1160 1382 1233 βασιλείας
1420 1176 1674 1229 τυραννι-

129 1261 237 1323 κῶς.
264 1262 375 1313 Καὶ
403 1259 589 1312 λοιπὸν
614 1258 936 1329 φθασάντων
963 1261 1071 1310 τῶν
1101 1255 1304 1326 ἑορτῶν
1332 1252 1558 1321 ἔστεψεν
1585 1251 1677 1303 τὸν

128 1355 224 1404 υἱὸν
245 1350 409 1405 αὑτοῦ
440 1352 635 1421 μικρὸν
663 1350 791 1402 ὄντα
824 1350 915 1401 καὶ
948 1345 1422 1415 ἐπονομαζόμενον
1450 1342 1675 1411 Σαμϐάο

127 1462 226 1510 την,
261 1442 531 1511 ἐψεύσατο
554 1444 574 1473 ⁸
604 1440 779 1507 λέγων
803 1441 883 1493 ὃτι
929 1439 1337 1500 Κωνσταντῖνος
1389 1436 1634 1489 καλεῖται
1657 1449 1673 1466 ο

128 1535 208 1586 καὶ
235 1532 605 1603 σωρεύσαντες
630 1533 719 1584 τὸν
759 1550 827 1585 πε
838 1531 1138 1603 ρισωθέντα
1166 1530 1292 1582 λαὸν
1324 1530 1387 1582 ἐκ
1414 1528 1525 1580 τῶν
1558 1526 1675 1579 δια-

126 1626 283 1693 φόρων
310 1624 541 1688 πόλεων,
573 1624 861 1695 ἐρόγευσεν
904 1624 1124 1685 αὐτοὺς,
1194 1623 1429 1693 ποιήσας
1478 1620 1677 1681 αὐτοὺς

124 1718 417 1786 εὐφημῆσαι
463 1716 672 1770 Λέοντα
718 1714 813 1768 καὶ
868 1715 1297 1773 Κωνσταντῖνον.
1341 1710 1673 1782 μιμούμενος

125 1808 228 1868 τοὺς
252 1806 441 1873 πρώην
466 1806 889 1876 βασιλεύσαντας
918 1806 1122 1860 Λέοντα
1144 1806 1239 1860 καὶ
1270 1789 1673 1858 Κῶνσταντϊνον

122 1900 229 1959 τοὺς
264 1895 562 1965 Ἰσαύρους.
591 1891 668 1950 ὧν
690 1898 785 1951 καὶ
815 1897 913 1968 τὴν
939 1897 1148 1967 αἰρεσιν
1164 1895 1522 1955 ἀνενεώσατο,
1549 1894 1670 1963 βου-

124 1987 318 2054 )’ἓμενος
355 1986 520 2057 ζῆσαι
548 1988 643 2058 ἐτη
669 1988 860 2052 πολλὰ,
891 1990 966 2050 ὡς
984 1990 1073 2041 καῖ
1095 1986 1270 2049 αὐτοὶ,
1301 1984 1398 2039 καὶ
1426 1984 1674 2052 γενέσθαι

121 2080 447 2149 περιφημοςο
488 2074 695 2142 οὗτινος
732 2078 829 2148 τὴν
873 2078 1066 2150 βουλὴν
1105 2080 1133 2134 ό
1158 2078 1288 2141 Θεὸς
1319 2076 1673 2147 κατῄσχυνεν,

124 2172 271 2241 arida;
299 2175 426 2238 τοὺς
460 2172 682 2243 χρόνους
706 2172 891 2227 αὐτοῦ.

182 2441 228 2486 ε’.
261 2436 370 2487 Καὶ
404 2436 468 2505 δὴ
489 2435 675 2489 λοιπὸν
701 2435 987 2503 γεγονότος
1015 2435 1187 2488 εύδῖου
1218 2436 1259 2467 ¹⁰
1282 2436 1375 2489 τοῦ
1419 2437 1579 2505 ἀέρος
1603 2436 1679 2506 τῷ

122 2527 354 2595 χειμῶνι,
389 2528 483 2578 καὶ
517 2528 627 2579 τῶν
657 2526 919 2594 ποταμῶν
951 2526 1025 2596 μὴ
1056 2527 1290 2595 ἐχόντων
1323 2526 1470 2597 ὓδωρ
1520 2526 1674 2589 πολὺ,

122 2618 325 2686 ἐξῆλθον
375 2619 425 2671 οἱ
478 2617 774 2688 Βούλγαροι
831 2618 1069 2687 χιλιάδες
1111 2616 1175 2679 λ’,
1213 2616 1550 2688 ὁλοσίδηρον
1585 2620 1678 2672 καὶ

119 2709 347 2772 ἐλθόντες
402 2711 507 2771 ἕως
563 2710 1008 2777 ’Λρκαδιούπολιν
1068 2709 1163 2762 καὶ
1207 2712 1544 2781 περάσαντες
1587 2712 1679 2764 τὸν

127 2800 317 2865 Ῥιγίαν
352 2799 623 2867 (ποταμὸς
667 2798 723 2851 δὲ
756 2798 929 2860 οὕτως
961 2799 1108 2850 ἐστὶν
1137 2798 1472 2867 λεγόμενος),
1512 2791 1678 2867 ηὗρον

118 2889 229 2940 λαὸν
252 2889 425 2943 πολὺν
473 2890 567 2942 καὶ
617 2888 1051 2960 ᾐχμαλώτευσαν
1085 2888 1269 2943 αὐτόν.
1312 2890 1420 2942 Καὶ
1450 2889 1555 2959 πρὸ
1585 2887 1678 2941 τοῦ

120 2982 342 3049 περᾶσαι
360 2982 558 3042 αὐτοὺς
581 2982 681 3051 τὴν
703 2980 1077 3051 αἰχμαλωσίαν
1102 2982 1316 3049 ἐγένετο
1338 2982 1491 3044 ὑετὸς
1514 2980 1681 3044 πολὺς

119 3072 315 3141 ἡμέρας
346 3072 516 3137 ὀκτὼ,
574 3075 670 3123 καὶ
714 3072 980 3139 ὁγκωθεὶς
1011 3074 1039 3125 ό
1085 3072 1331 3142 ποταμὸς
1360 3072 1577 3139 ἐγένετο
1604 3072 1679 3135 ὡς

1778 608 2067 675 aﬂ‘ulgeret
2096 608 2322 677 ιΙιτιιιμιε·
2372 609 2545 663 iantes
2573 620 2946 669 consumeret,
2984 611 3235 664 hostibus
3262 609 3357 663 de-

1777 696 2044 749 ditionem
2073 697 2273 751 fecere.
2300 698 2513 767 Bnlgari
2544 698 2776 767 captivis
2806 700 3065 754 omnibus
3094 699 3355 768 acceptis,

1779 798 1926 842 tanta
1963 789 2318 843 multitudine
2359 801 2418 844 ut
2451 802 2505 843 ct
2542 806 2833 845 nmnerum
2882 793 3147 854 vinceret,
3175 792 3355 846 omni-

1776 894 1883 946 que
1911 880 2130 934 illormn
2164 880 2378 949 direpta
2406 882 2755 949 supellectili,
2784 882 2837 935 in
2870 882 3177 951 Bulgariam
3207 892 3356 935 trans

1779 968 1975 1023 lstrum
2034 970 2233 1024 ﬂumen
2293 974 2481 1041 procul
2530 974 2911 1041 deportarunt.
2967 973 3177 1026 Interea
3224 974 3352 1035 Leo,

1780 1070 2037 1132 tantaque
2091 1065 2264 1118 hostis
2315 1067 2679 1134 grassatione,
2739 1082 2839 1120 nec
2895 1067 3031 1119 urbe
3080 1080 3355 1135 egressus,

1775 1155 1940 1225 616
1994 1157 2275 1226 Iyranniec
2322 1158 2613 1226 imperium
2669 1159 2905 1212 tenebat.
2954 1157 3204 1226 Cumque
3245 1158 3357 1225 jam

1778 1247 1915 1301 festa
1984 1248 2266 1302 venissent
2313 1250 2807 1318 Natalitiorumque
2859 1251 3139 1311 solemnis,
3184 1250 3358 1303 lilium

1777 1356 1935 1395 suum
1990 1342 2170 1394 adhuc
2222 1343 2478 1409 pusillum
2526 1344 2859 1397 Sammatem
2904 1344 3146 1407 nomine,
3192 1358 3356 1411 quem

1777 1432 1913 1487 falso
1961 1432 2383 1488 Constantinum
2429 1436 2614 1489 vocari
2669 1437 2872 1497 aiebat,
2924 1451 3126 1489 corona
3176 1437 3361 1504 Augu-

1776 1523 1898 1578 stali
1930 1524 2193 1588 donavit;
2230 1526 2586 1595 collectisque
2614 1536 2696 1580 ‘ex
2728 1527 2962 1581 diversis
3003 1526 3233 1581 uri-ibus
3264 1526 3360 1595 qui

1776 1616 1916 1670 cladi
1944 1618 2263 1685 superstites
2302 1628 2487 1671 essent
2541 1619 2858 1687 manipulis,
2898 1628 3117 1687 erogata
3161 1617 3245 1671 eis
3272 1634 3362 1686 pe—

1775 1710 1960 1773 cunia,
2015 1710 2211 1763 faustis
2266 1712 2760 1765 acclamationibus
2818 1710 3072 1778 votisque
3118 1710 3360 1763 Leonem

1776 1818 1839 1856 ac
1870 1802 2292 1856 Constantinum
2319 1803 2574 1871 prosequi
2602 1804 2784 1872 jussit,
2834 1803 2955 1856 illos
2983 1801 3228 1854 imitatus
3266 1800 3362 1869 qui

1778 1909 1954 1963 nuper
2002 1895 2293 1963 imperium
2320 1896 2643 1963 gessissent,
2686 1896 2922 1949 Leonem
2968 1892 3359 1949 etConstami-

1777 2000 1908 2037 num
1960 1984 2195 2048 Isauros,
2239 2002 2474 2056 quorum
2528 1987 2694 2040 etiam
2741 1987 2967 2041 hxeresis
3027 1987 3364 2040 instaurator

1778 2075 1903 2141 fuit,
1949 2076 2079 2131 dum
2116 2079 2267 2133 velut
2317 2078 2417 2142 illi,
2457 2080 2736 2149 longaevos
2770 2079 2875 2134 sibi
2934 2077 3150 2146 imperii
3191 2092 3365 2132 amns

1778 2180 2098 2236 auguratus,
2156 2172 2432 2242 ingentem
2506 2172 2745 2228 nominis
2802 2172 3105 2226 claritatem
3150 2169 3362 2235 ambit,

1780 2263 1936 2331 cujus
1962 2271 2142 2317 tamen
2181 2265 2326 2319 Deus
2361 2265 2655 2320 consilium
2704 2265 2759 2318 in
2814 2273 3105 2334 angustum
3158 2261 3367 2316 coactis

1782 2354 1952 2422 ipsius
2000 2356 2161 2409 anuis
2210 2357 2481 2411 confudit.

1853 2446 1940 2501 10.
1964 2446 2233 2501 Caeterum
2250 2447 2390 2502 sudo
2410 2448 2606 2502 hiemis
2626 2456 2947 2516 tempestate
2965 2461 3110 2511 aere,
3128 2446 3365 2512 hincque

1779 2536 1917 2591 adeo
1949 2536 2313 2591 ﬂuviatilibus
2346 2541 2505 2607 aquis
2532 2538 2966 2598 subsidentibus,
3000 2537 3141 2591 facta
3173 2537 3365 2606 Bulga-

1781 2643 1969 2682 rorum
2006 2629 2072 2681 ad
2105 2629 2326 2699 triginta
2355 2630 2526 2683 millia
2563 2630 3042 2698 cataphractorum
3067 2629 3320 2683 excursio
3348 2644 3363 2692 ;

1779 2719 2174 2789 venientesque
2208 2720 2637 2789 ArcadiOpolim,
2672 2736 2735 2775 ac
2763 2732 3023 2790 superato
3051 2720 3208 2789 ltigio
3240 2720 3362 2789 (hoc

1780 2810 2039 2864 nimirum
2092 2810 2240 2864 ﬂuvii
2292 2814 2513 2879 nomen)
2552 2814 2831 2867 inventam
2877 2812 3153 2882 ingentem
3185 2811 3366 2865 homi-

1782 2909 1912 2957 nu’m
1961 2904 2371 2958 multitudinem
2406 2905 2509 2959 sub
2549 2906 2739 2975 jugqu
2783 2905 3070 2959 miserunt.
3123 2902 3366 2957 Necdum

1786 3011 1915 3049 vero
1960 2996 2303 3050 transmissis
2353 2998 2606 3065 captivis,
2663 2997 2868 3066 ingenti
2920 2989 3182 3050 imbrium
3216 2994 3271 3048 vi
3309 2994 3364 3047 in

1784 3085 1904 3140 dies
1943 3096 2069 3141 octo
2097 3088 2177 3141 sic
2216 3086 2459 3141 ﬂuminis
2500 3104 2654 3157 aqua:
2688 3088 3093 3148 intumuerunt,
3124 3087 3372 3137 utmaris

118 3164 369 3219 θάλασσα.
402 3166 513 3219 Καὶ
544 3164 619 3234 μὴ
648 3165 939 3233 δυνάμενοι
964 3166 1324 3234 ἁντιπερᾶσαι
1358 3162 1441 3236 [Ρ.
1474 3163 1601 3237 MO]
1630 3166 1678 3218 οἱ

1785 3194 1953 3248 prope
1986 3179 2296 3247 vastitatem
2337 3196 2556 3248 aequare
2585 3180 2928 3231 viderentur.
2961 3177 3209 3244 Cumque
3242 3175 3369 3227 inde

120 3256 406 3325 Βούλγαροι
433 3257 652 3325 ἔμειναν
670 3256 774 3325 ἠμέ
785 3272 883 3327 ρας
907 3255 990 3318 ιε’,
1012 3257 1339 3325 κατέχοντες
1360 3257 1459 3327 τὴν
1508 3259 1676 3327 αίχμ-

114 3345 365 3399 αλωσίαν.
406 3349 516 3400 Καὶ
556 3347 892 3417 μηνύσαντες
919 3350 1011 3401 τὸν
1048 3349 1249 3401 Λέοντα
1270 3349 1364 3401 τοῦ
1393 3350 1677 3419 βοηθῆσαι,

114 3439 167 3489 ού
198 3441 525 3509 προσέσχεν,
549 3440 670 3492 ούδὲ
691 3441 789 3510 τῆς
816 3441 1020 3502 πόλεως
1068 3440 1310 3512 ἐξῆλθεν,
1339 3442 1460 3495 οὐδὲ
1487 3442 1680 3506 ἄλλους

114 3531 253 3593 τινας
284 3533 615 3585 ἀπέστειλεν
672 3534 807 3599 πρὸς
864 3532 1141 3604 βοήθειαν.
1174 3535 1285 3589 Καὶ
1328 3535 1513 3588 λοιπὸν
1534 3552 1681 3601 γενο-

114 3622 273 3691 μένης
311 3624 498 3686 εὐδίας
531 3626 627 3677 καὶ
658 3624 751 3677 τοῦ
770 3625 1020 3694 ποταμοῦ
1044 3625 1459 3690 ὲλαττωθέντος,
1484 3626 1681 3688 αὐτοὺς

112 3714 222 3775 τοὺς
250 3715 641 3785 αίχμαλὼτους
698 3716 1121 3786 παρεσκεύασαν
1168 3719 1333 3788 κόψαι
1382 3705 1546 3790 Ευλὴν
1586 3719 1683 3771 καὶ

113 3808 324 3875 ποιῆσαι
381 3808 654 3877 γέφυραν,
703 3812 799 3861 καὶ⁹
843 3808 1016 3872 οὕτως
1061 3809 1338 3880 ἐπέρασαν
1396 3810 1535 3880 μετὰ
1582 3813 1681 3878 τῆς

108 3899 487 3967 αἰχμαλωσίας
516 3900 686 3953 ὄντων
738 3901 873 3969 όμοῦ
932 3900 1140 3972 ἀνδρῶν
1164 3902 1256 3954 καὶ
1289 3901 1565 3969 γυναικῶν
1588 3902 1682 3954 καὶ

108 3991 328 4044 παιδίων
395 3993 635 4061 χιλιάδες
669 3991 732 4046 ν’.
781 3994 1049 4055 Λαϐόντες
1095 3995 1189 4046 καὶ
1237 3996 1417 4048 πάντα
1464 3994 1531 4047 τά
1573 3995 1678 4046 ὑπ-

107 4080 334 4148 άρχοντα
385 4083 593 4143 αὐτῶν,
650 4082 1042 4153 ’Λρμενιατικά
1118 4086 1682 4156 οτραγλομαλωτάρια

108 4175 192 4223 καὶ
213 4174 580 4242 νακοτάπητα
611 4174 859 4245 ἀνώτερα
920 4178 1016 4229 καὶ
1061 4178 1357 4247 ἱματισμὸν
1391 4178 1559 4231 πολὺν
1590 4182 1683 4232 καὶ

107 4265 463 4333 χαλκώματα,
509 4266 826 4335 ὲφόρτωσαν
868 4268 1047 4321 πάντα
1079 4270 1156 4331 είς
1192 4270 1289 4332 τάς
1318 4271 1554 4339 ἀμάξας,
1590 4274 1683 4324 καὶ

108 4356 352 4419 λαϐόντες
384 4359 572 4415 πάσας
584 4358 681 4422 τὰς
700 4361 900 4427 ἀγέλας
921 4362 1122 4426 αὐτῶν,
1145 4362 1273 4433 βόας
1299 4365 1393 4417 καὶ
1413 4366 1681 4436 πρόϐατα,

106 4448 349 4515 εἰσῆλθον
390 4452 476 4509 εἰς
514 4449 873 4517 Βουλοίαρίαν.
907 4453 1015 4505 Καὶ
1054 4456 1082 4506 ό
1116 4455 1318 4517 ἀδίκως
1360 4455 1685 4524 βασιλεύσας

1784 3270 2051 3339 permeari
2099 3286 2205 3323 non
2260 3279 2465 3338 posset.
2514 3271 2633 3324 dies
2679 3269 2995 3339 quindecim
3051 3267 3107 3321 in
3158 3268 3374 3322 stativis

1785 3362 2032 3431 captivos
2093 3372 2407 3418 tenuerunt.
2461 3364 2665 3432 llogata
2723 3363 2831 3415 illis
2875 3362 3077 3415 frustra
3111 3375 3143 3414 a
3187 3358 3371 3414 Leone

1786 3453 2022 3508 auxilia:
2052 3470 2176 3507 nam
2222 3470 2323 3508 nec
2376 3455 2618 3508 animum
2653 3452 2909 3517 attendit,
2948 3466 3049 3506 nec
3094 3450 3228 3504 urbe
3258 3450 3371 3515 ipse

1789 3543 2010 3612 prodiit,
2065 3560 2166 3598 nec
2204 3545 2298 3615 qui
2351 3544 2634 3614 suppetias
2687 3543 3005 3599 irent‘ullos
3032 3542 3172 3597 alios
3197 3541 3370 3594 misit.

1787 3635 2020 3705 Jamque
2082 3637 2219 3690 adeo
2280 3636 2424 3691 facto
2477 3650 2674 3690 sereno
2720 3646 2886 3704 atque
2937 3634 3162 3687 ﬂumine
3231 3631 3371 3685 intra

1788 3727 2004 3781 alveum
2031 3743 2366 3798 compresso,
2394 3729 2653 3798 ipsosmet
2679 3728 2924 3797 captivos
2955 3726 3100 3795 ligna
3159 3723 3373 3779 casdere

1788 3833 1853 3872 ac
1916 3829 2138 3888 pontem
2189 3830 2403 3876 struere
2449 3819 2966 3891 coegerunt;617
2999 3818 3164 3887 inque
3225 3816 3376 3871 hunc

1790 3910 2012 3965 modum
2069 3928 2193 3966 cum
2250 3913 2491 3979 iisdem,
2548 3913 2616 3968 ad
2686 3912 3080 3983 quinquaginta
3151 3908 3373 3964 circiter

1790 4004 1961 4057 millia
1988 4046 2001 4068 ,
2032 4005 2302 4071 virorum,
2342 4008 2635 4061 mulierum
2673 4022 2736 4061 ac
2780 4020 3100 4076 puerorum.
3155 4016 3373 4055 amnem

1791 4094 2250 4161 transmiserunt;
2315 4111 2646 4166 omnemque
2716 4111 2909 4153 eorum
2974 4093 3374 4151 substantiam,

1791 4185 2142 4241 Armeniacas
2168 4198 2345 4243 vestes
2374 4191 2664 4258 stragulas,
2701 4188 3048 4259 grandesque
3075 4202 3173 4241 acu
3200 4188 3375 4256 pictos

1795 4286 2004 4345 tapetes
2051 4293 2116 4332 ac
2150 4280 2604 4335 vestimentorum
2658 4281 2888 4334 multam
2951 4280 3371 4349 supellcctilem.

1792 4386 2028 4439 vasaque
2075 4386 2247 4434 aenea,
2305 4384 2500 4427 cuncta
2548 4374 2805 4428 curribus
2856 4373 3147 4442 imposita;
3184 4387 3377 4424 omnes

1792 4463 2031 4533 denique
2064 4480 2257 4534 greges
2297 4476 2353 4521 et
2382 4475 2648 4529 armenta,
2680 4466 2960 4535 bovesque
2989 4475 3043 4520 et
3066 4480 3215 4526 oves,
3242 4480 3376 4516 con-

109 4541 238 4591 κατά
304 4539 718 4609 παραχώρησιν
766 4542 902 4595 Θεοῦ
961 4543 1084 4597 οὔτε
1134 4546 1298 4610 αὐτὸς
1339 4546 1563 4616 ἐξῆλθεν
1586 4549 1686 4614 τῆς

1791 4566 2091 4621 vexerunt;
2126 4557 2339 4627 hacque
2376 4558 2529 4613 dilati
2575 4560 2755 4627 praeda
2787 4558 2840 4612 in
2872 4556 3182 4627 Bulgariam
3213 4556 3377 4608 intra-

106 4632 305 4693 πόλεως
330 4633 481 4700 πρὸς
520 4633 769 4703 βοήοειαν
794 4638 893 4705 τῆς
926 4637 1323 4707 αἰχμαλωσίας,
1352 4640 1476 4694 οὔτε
1496 4641 1687 4705 ἄλλους

106 4725 296 4777 ἀπέστε
309 4725 350 4776 ι)
364 4743 451 4779 εν.

167 4906 256 4952 ια’.
287 4899 506 4952 Λοιπὸν
528 4894 622 4953 οὖν
655 4900 796 4969 μετὰ
812 4902 987 4956 ταῦτα
1015 4904 1294 4976 ἀνηγγέλη
1318 4906 1496 4961 αύτῶν
1528 4910 1567 4940 ¹¹
1600 4909 1689 4963 λε-

106 4990 323 5057 γόντων,
356 4992 448 5044 ὅτι
483 4993 514 5043 ὁ
544 4991 801 5061 Κροῦμος
827 4996 1185 5063 ἐστράτευσεν
1218 4997 1347 5051 λαὸν
1371 4999 1537 5055 πολὺν
1567 5019 1693 5055 συν-

104 5082 363 5151 ἀθροίσας
388 5083 498 5137 καὶ
530 5087 660 5145 τοὺς
701 5084 951 5158 ’Δϐάρεις
980 5089 1075 5141 καὶ
1110 5088 1291 5152 πάσας
1322 5093 1421 5156 τάς
1456 5094 1690 5149 Σκλαϐι-

104 5172 211 5234 νίας
236 5191 250 5205 ο
280 5174 431 5245 πρὸς
455 5174 519 5226 δὲ
539 5174 749 5238 τούτοις
776 5180 1182 5248 παρασκευάζει
1204 5180 1481 5254 διαφόρων
1505 5185 1694 5241 ἑλεπό-

104 5262 227 5314 ὶλων
286 5264 517 5335 ὄργανά
563 5282 622 5318 τε
677 5268 772 5320 καὶ
828 5270 1199 5340 μηχανήματα
1245 5273 1341 5326 καὶ
1376 5277 1693 5345 μαγγανικά

104 5355 639 5425 παμμεγεθέστατα,
669 5358 950 5427 τριϐόλους
976 5370 1070 5415 καὶ
1102 5364 1461 5434 πετροϐόλους
1478 5368 1572 5422 καὶ
1602 5386 1695 5437 χε-

104 5444 263 5511 λώνας
288 5452 389 5503 καὶ
416 5448 667 5519 ὑψηλοὺς
691 5450 984 5521 κλίμακας,
1007 5457 1244 5527 σφαίρας
1265 5474 1321 5511 τε
1348 5459 1442 5512 καὶ
1466 5461 1696 5531 μοχλοὺς

104 5540 187 5594 καὶ
214 5542 457 5614 δρυγας,
494 5543 688 5613 κριούς
717 5561 777 5597 τε
804 5548 899 5599 καὶ
924 5546 1301 5617 βελοστάσεις,
1333 5553 1609 5624 πυροϐόλα
1630 5572 1691 5609 τε

103 5639 185 5689 καὶ.
212 5638 481 5694 λιθοϐόλα
521 5641 618 5692 καὶ
647 5641 933 5711 σκορπίδια
958 5643 1039 5707 είς
1058 5643 1120 5698 τὸ
1153 5642 1408 5713 βαλέσθαι
1445 5646 1572 5721 βέλη
1598 5654 1694 5707 καὶ

1795 4658 1942 4703 runt.
1982 4648 2091 4703 Nec
2116 4649 2211 4718 qui
2254 4649 2350 4703 Dei
2389 4650 2725 4719 indulgentia
2777 4648 2963 4717 inique
3000 4657 3215 4716 sceptra
3260 4662 3376 4699 mo-

1793 4739 2112 4804 derabatur,
2142 4750 2238 4795 aut
2273 4743 2390 4811 ipse
2431 4756 2592 4811 opem
2624 4743 2837 4798 laturus
2864 4741 3094 4810 captivis
3122 4753 3377 4809 egressus

1793 4843 1899 4896 est,
1936 4845 2029 4887 aut
2054 4833 2148 4903 qui
2201 4834 2409 4889 ferrent
2438 4836 2574 4890 alios
2604 4836 2746 4890 ullos
2775 4834 3091 4889 destinavit.

1869 4927 1953 4980 ll.
1986 4926 2102 4980 .lam
2140 4925 2307 4996 igitur
2359 4928 2604 4996 perlatus
2636 4926 2703 4980 ad
2737 4925 2977 4979 Leonem
3021 4939 3244 4991 _rumor,
3288 4924 3376 4978 in-

1796 5026 2014 5088 gentem
2046 5015 2313 5072 Crumum
2342 5017 2582 5072 conﬂare
2607 5019 2940 5080 exercitum,
2983 5020 3296 5085 Avaresque
3322 5025 3377 5068 et

1800 5107 2184 5162 Sclabiuorum
2212 5108 2403 5177 copias
2438 5121 2631 5162 onmes
2658 5107 2964 5176 adlegisse;
2998 5107 3064 5159 ad
3116 5108 3251 5170 luce,
3288 5105 3376 5159 in-

1798 5209 2106 5255 strumcnta
2133 5211 2301 5271 atque
2343 5201 2623 5255 machinas
2645 5208 3029 5268 tormentaque
3059 5212 3379 5268 expugnau-

1798 5288 1886 5344 dis
1910 5290 2144 5345 urbibus
2180 5300 2494 5361 comparata
2546 5290 2728 5345 omnis
2757 5288 2974 5359 generis
3022 5298 3257 5351 struere,
3288 5287 3375 5341 in-

1798 5380 1980 5451 gentia
2005 5397 2136 5435 sane
2167 5381 2258 5436 illa
2284 5400 2299 5445 ;
2333 5383 2675 5452 tribulosque
2706 5397 2803 5437 seu
2845 5381 3082 5435 murices
3104 5389 3160 5434 et
3203 5386 3378 5433 testu-

1798 5471 1981 5536 dines,
2007 5473 2147 5528 altas
2177 5474 2376 5539 scalas,
2398 5473 2613 5545 globos,
2640 5484 2846 5537 vectes,
2891 5474 3105 5542 ligones
3133 5485 3375 5539 vasaque

1796 5564 2052 5629 fossoria,
2103 5565 2328 5630 arietes,
2381 5565 2629 5629 balistas,
2661 5565 2817 5637 ignea
2846 5564 3049 5636 jacula,
3086 5562 3374 5634 petrarias,

1796 5658 2120 5729 scorpiones
2156 5659 2441 5717 mittendis
2482 5659 2685 5732 iaculis
2723 5674 2787 5715 ac
2832 5657 3073 5725 fundas;
3105 5653 3376 5728 quidquid

1377 5737 1614 5799 γΑιιιΑε
1660 5745 2072 5806 LECTIONES.

163 5828 181 5859 '
206 5830 263 5882 ὃν
286 5829 614 5901 ἐψεύσατοτ
690 5831 898 5889 ιἐὐδία
930 5833 988 5893 Ρ.
1072 5840 1111 5871 ¹¹
1144 5840 1343 5913 αύτῷῖ
