  <div class='ocr_page' id='page_1' title='image "/cluster/home/n/w/nwhite01/storage/ocr_20150623/109/nnc1.0046979867/349.png"; bbox 0 0 4174 6442; ppageno 0'>
   <div class='ocr_carea' id='block_1_1' title="bbox 720 410 821 476">
    <p class='ocr_par' dir='ltr' id='par_1_1' title="bbox 720 410 821 476">
     <span class='ocr_line' id='line_1_1' title="bbox 720 410 821 476; baseline 0.02 -4"><span class='ocrx_word' id='word_1_1' title='bbox 720 410 821 476; x_wconf 78' lang='lat'><strong>683</strong></span> 
     </span>
    </p>
   </div>
   <div class='ocr_carea' id='block_1_2' title="bbox 1946 401 2723 461">
    <p class='ocr_par' dir='ltr' id='par_1_2' title="bbox 1946 401 2723 461">
     <span class='ocr_line' id='line_1_2' title="bbox 1946 401 2723 461; baseline -0.003 0"><span class='ocrx_word' id='word_1_2' title='bbox 1946 401 2321 461; x_wconf 72' lang='lat' dir='ltr'><strong>SYMEOXIS</strong></span> <span class='ocrx_word' id='word_1_3' title='bbox 2355 402 2723 460; x_wconf 67' lang='lat' dir='ltr'><strong>MAGISTRI</strong></span> 
     </span>
    </p>
   </div>
   <div class='ocr_carea' id='block_1_3' title="bbox 3864 402 3974 463">
    <p class='ocr_par' dir='ltr' id='par_1_3' title="bbox 3864 402 3974 463">
     <span class='ocr_line' id='line_1_3' title="bbox 3864 402 3974 463; baseline 0.027 -3"><span class='ocrx_word' id='word_1_4' title='bbox 3864 402 3974 463; x_wconf 72' lang='grc'><strong>684</strong></span> 
     </span>
    </p>
   </div>
   <div class='ocr_carea' id='block_1_4' title="bbox 718 509 2304 587">
    <p class='ocr_par' dir='ltr' id='par_1_4' title="bbox 718 510 2284 587">
     <span class='ocr_line' id='line_1_4' title="bbox 718 510 2284 587; baseline -0.008 -12"><span class='ocrx_word' id='word_1_5' title='bbox 718 523 856 575; x_wconf 84' lang='lat' dir='ltr'><strong>dens</strong></span> <span class='ocrx_word' id='word_1_6' title='bbox 894 521 1043 573; x_wconf 90' lang='lat' dir='ltr'><strong>nullo</strong></span> <span class='ocrx_word' id='word_1_7' title='bbox 1076 516 1294 587; x_wconf 74' lang='lat' dir='ltr'><strong>negotio</strong></span> <span class='ocrx_word' id='word_1_8' title='bbox 1336 516 1389 568; x_wconf 90' lang='lat' dir='ltr'><strong>in</strong></span> <span class='ocrx_word' id='word_1_9' title='bbox 1438 522 1761 583; x_wconf 77' lang='lat' dir='ltr'><strong>potestatem</strong></span> <span class='ocrx_word' id='word_1_10' title='bbox 1808 512 2056 580; x_wconf 78' lang='lat' dir='ltr'><strong>redegit;</strong></span> <span class='ocrx_word' id='word_1_11' title='bbox 2091 510 2284 580; x_wconf 76' lang='lat' dir='ltr'><strong>pracci-</strong></span> 
     </span>
    </p>
   </div>
   <div class='ocr_carea' id='block_1_5' title="bbox 2406 509 3971 587">
    <p class='ocr_par' dir='ltr' id='par_1_5' title="bbox 2406 509 3971 581">
     <span class='ocr_line' id='line_1_5' title="bbox 2406 509 3971 581; baseline 0.001 -18"><span class='ocrx_word' id='word_1_12' title='bbox 2406 511 2477 563; x_wconf 70' lang='grc' dir='ltr'><strong>τὸν</strong></span> <span class='ocrx_word' id='word_1_13' title='bbox 2508 509 2815 579; x_wconf 72' lang='grc' dir='ltr'><strong>ἐξώρμησε,</strong></span> <span class='ocrx_word' id='word_1_14' title='bbox 2851 511 2940 562; x_wconf 68' lang='grc' dir='ltr'><strong>καὶ</strong></span> <span class='ocrx_word' id='word_1_15' title='bbox 2967 510 3030 580; x_wconf 81' lang='grc' dir='ltr'>δὴ</span> <span class='ocrx_word' id='word_1_16' title='bbox 3064 509 3438 581; x_wconf 70' lang='grc' dir='ltr'><strong>παρακαθίσας</strong></span> <span class='ocrx_word' id='word_1_17' title='bbox 3470 509 3671 578; x_wconf 77' lang='grc' dir='ltr'>βραχύν</span> <span class='ocrx_word' id='word_1_18' title='bbox 3696 526 3817 561; x_wconf 83' lang='grc' dir='ltr'>τινα</span> <span class='ocrx_word' id='word_1_19' title='bbox 3848 529 3971 563; x_wconf 73' lang='grc' dir='ltr'>και-</span> 
     </span>
    </p>
   </div>
   <div class='ocr_carea' id='block_1_6' title="bbox 717 601 2292 680">
    <p class='ocr_par' dir='ltr' id='par_1_6' title="bbox 717 601 2292 680">
     <span class='ocr_line' id='line_1_6' title="bbox 717 601 2292 680; baseline -0.008 -15"><span class='ocrx_word' id='word_1_20' title='bbox 717 612 902 680; x_wconf 89' lang='lat' dir='ltr'><strong>sisque</strong></span> <span class='ocrx_word' id='word_1_21' title='bbox 932 606 1188 662; x_wconf 89' lang='lat' dir='ltr'><strong>manibus</strong></span> <span class='ocrx_word' id='word_1_22' title='bbox 1210 616 1374 674; x_wconf 86' lang='lat' dir='ltr'><strong>alque</strong></span> <span class='ocrx_word' id='word_1_23' title='bbox 1399 604 1652 673; x_wconf 80' lang='lat' dir='ltr'><strong>pedibus,</strong></span> <span class='ocrx_word' id='word_1_24' title='bbox 1672 617 1737 655; x_wconf 90' lang='lat' dir='ltr'><strong>ac</strong></span> <span class='ocrx_word' id='word_1_25' title='bbox 1764 610 1877 656; x_wconf 90' lang='lat' dir='ltr'><strong>tum</strong></span> <span class='ocrx_word' id='word_1_26' title='bbox 1902 601 2027 669; x_wconf 89' lang='lat' dir='ltr'><strong>palo</strong></span> <span class='ocrx_word' id='word_1_27' title='bbox 2052 601 2292 667; x_wconf 71' lang='lat' dir='ltr'><strong>alligens,</strong></span> 
     </span>
    </p>
   </div>
   <div class='ocr_carea' id='block_1_7' title="bbox 718 691 1975 761">
    <p class='ocr_par' dir='ltr' id='par_1_7' title="bbox 718 691 1975 761">
     <span class='ocr_line' id='line_1_7' title="bbox 718 691 1975 761; baseline -0.006 -9"><span class='ocrx_word' id='word_1_28' title='bbox 718 700 875 753; x_wconf 86' lang='lat' dir='ltr'><strong>civile</strong></span> <span class='ocrx_word' id='word_1_29' title='bbox 913 697 1079 753; x_wconf 86' lang='lat' dir='ltr'><strong>trium</strong></span> <span class='ocrx_word' id='word_1_30' title='bbox 1110 711 1381 751; x_wconf 88' lang='lat' dir='ltr'><strong>annorum</strong></span> <span class='ocrx_word' id='word_1_31' title='bbox 1411 695 1612 749; x_wconf 89' lang='lat' dir='ltr'><strong>bellum</strong></span> <span class='ocrx_word' id='word_1_32' title='bbox 1644 691 1975 761; x_wconf 79' lang='lat' dir='ltr'><strong>conSOpivit.</strong></span> 
     </span>
    </p>
   </div>
   <div class='ocr_carea' id='block_1_8' title="bbox 788 956 2296 1027">
    <p class='ocr_par' dir='ltr' id='par_1_8' title="bbox 788 956 2296 1027">
     <span class='ocr_line' id='line_1_8' title="bbox 788 956 2296 1027; baseline -0.007 -11"><span class='ocrx_word' id='word_1_33' title='bbox 788 965 840 1016; x_wconf 79' lang='lat'><strong>3.</strong></span> <span class='ocrx_word' id='word_1_34' title='bbox 881 963 1029 1018; x_wconf 82' lang='lat' dir='ltr'><strong>Inter</strong></span> <span class='ocrx_word' id='word_1_35' title='bbox 1058 963 1160 1015; x_wconf 88' lang='lat' dir='ltr'><strong>hos</strong></span> <span class='ocrx_word' id='word_1_36' title='bbox 1216 958 1507 1023; x_wconf 87' lang='lat' dir='ltr'><strong>tumultus,</strong></span> <span class='ocrx_word' id='word_1_37' title='bbox 1565 958 1822 1027; x_wconf 84' lang='lat' dir='ltr'><strong>hisceque</strong></span> <span class='ocrx_word' id='word_1_38' title='bbox 1856 958 2005 1010; x_wconf 87' lang='lat' dir='ltr'><strong>curis</strong></span> <span class='ocrx_word' id='word_1_39' title='bbox 2059 956 2296 1009; x_wconf 82' lang='lat' dir='ltr'><strong>distento</strong></span> 
     </span>
    </p>
   </div>
   <div class='ocr_carea' id='block_1_9' title="bbox 721 1047 2296 1120">
    <p class='ocr_par' dir='ltr' id='par_1_9' title="bbox 721 1047 2296 1120">
     <span class='ocr_line' id='line_1_9' title="bbox 721 1047 2296 1120; baseline -0.006 -12"><span class='ocrx_word' id='word_1_40' title='bbox 721 1055 1007 1116; x_wconf 80' lang='lat' dir='ltr'><strong>Michacle,</strong></span> <span class='ocrx_word' id='word_1_41' title='bbox 1028 1054 1215 1113; x_wconf 90' lang='lat' dir='ltr'><strong>Creta,</strong></span> <span class='ocrx_word' id='word_1_42' title='bbox 1240 1050 1427 1106; x_wconf 82' lang='lat' dir='ltr'><strong>Sicilia</strong></span> <span class='ocrx_word' id='word_1_43' title='bbox 1457 1059 1512 1103; x_wconf 85' lang='lat' dir='ltr'><strong>et</strong></span> <span class='ocrx_word' id='word_1_44' title='bbox 1538 1049 1799 1120; x_wconf 75' lang='lat' dir='ltr'><strong>Cyclades</strong></span> <span class='ocrx_word' id='word_1_45' title='bbox 1827 1049 1896 1102; x_wconf 91' lang='lat' dir='ltr'><strong>ah</strong></span> <span class='ocrx_word' id='word_1_46' title='bbox 1928 1048 2159 1117; x_wconf 74' lang='lat' dir='ltr'><strong>imperio</strong></span> <span class='ocrx_word' id='word_1_47' title='bbox 2186 1047 2296 1099; x_wconf 78' lang='lat' dir='ltr'><strong>llo-</strong></span> 
     </span>
    </p>
   </div>
   <div class='ocr_carea' id='block_1_10' title="bbox 722 1139 2295 1201">
    <p class='ocr_par' dir='ltr' id='par_1_10' title="bbox 722 1139 2295 1201">
     <span class='ocr_line' id='line_1_10' title="bbox 722 1139 2295 1201; baseline -0.006 -2"><span class='ocrx_word' id='word_1_48' title='bbox 722 1162 885 1201; x_wconf 86' lang='lat' dir='ltr'><strong>mano</strong></span> <span class='ocrx_word' id='word_1_49' title='bbox 943 1145 1012 1198; x_wconf 92' lang='lat' dir='ltr'><strong>ab</strong></span> <span class='ocrx_word' id='word_1_50' title='bbox 1068 1144 1215 1198; x_wconf 79' lang='lat' dir='ltr'><strong>Afris</strong></span> <span class='ocrx_word' id='word_1_51' title='bbox 1256 1153 1312 1197; x_wconf 90' lang='lat' dir='ltr'><strong>et</strong></span> <span class='ocrx_word' id='word_1_52' title='bbox 1351 1141 1624 1196; x_wconf 82' lang='lat' dir='ltr'><strong>Arabibus</strong></span> <span class='ocrx_word' id='word_1_53' title='bbox 1674 1139 1919 1193; x_wconf 77' lang='lat' dir='ltr'><strong>rescissa:</strong></span> <span class='ocrx_word' id='word_1_54' title='bbox 1967 1147 2115 1197; x_wconf 86' lang='lat' dir='ltr'><strong>sunt.</strong></span> <span class='ocrx_word' id='word_1_55' title='bbox 2170 1151 2295 1190; x_wconf 89' lang='lat' dir='ltr'><strong>cum</strong></span> 
     </span>
    </p>
   </div>
   <div class='ocr_carea' id='block_1_11' title="bbox 715 1231 2293 1308">
    <p class='ocr_par' dir='ltr' id='par_1_11' title="bbox 715 1231 2293 1308">
     <span class='ocr_line' id='line_1_11' title="bbox 715 1231 2293 1308; baseline -0.004 -16"><span class='ocrx_word' id='word_1_56' title='bbox 715 1240 825 1308; x_wconf 82' lang='lat' dir='ltr'><strong>jam</strong></span> <span class='ocrx_word' id='word_1_57' title='bbox 861 1254 924 1291; x_wconf 79' lang='lat' dir='ltr'><strong>ex</strong></span> <span class='ocrx_word' id='word_1_58' title='bbox 952 1238 1139 1308; x_wconf 88' lang='lat' dir='ltr'><strong>populi</strong></span> <span class='ocrx_word' id='word_1_59' title='bbox 1170 1237 1411 1307; x_wconf 77' lang='lat' dir='ltr'><strong>peccatis</strong></span> <span class='ocrx_word' id='word_1_60' title='bbox 1436 1249 1499 1288; x_wconf 87' lang='lat' dir='ltr'><strong>ac</strong></span> <span class='ocrx_word' id='word_1_61' title='bbox 1531 1234 1842 1303; x_wconf 86' lang='lat' dir='ltr'><strong>principum</strong></span> <span class='ocrx_word' id='word_1_62' title='bbox 1877 1232 2161 1300; x_wconf 73' lang='lat' dir='ltr'><strong>impietate</strong></span> <span class='ocrx_word' id='word_1_63' title='bbox 2196 1231 2293 1285; x_wconf 83' lang='lat' dir='ltr'><strong>dc—</strong></span> 
     </span>
    </p>
   </div>
   <div class='ocr_carea' id='block_1_12' title="bbox 721 1327 2295 1402">
    <p class='ocr_par' dir='ltr' id='par_1_12' title="bbox 721 1327 2295 1402">
     <span class='ocr_line' id='line_1_12' title="bbox 721 1327 2295 1402; baseline -0.004 -16"><span class='ocrx_word' id='word_1_64' title='bbox 721 1333 888 1387; x_wconf 73' lang='lat' dir='ltr'><strong>lectio</strong></span> <span class='ocrx_word' id='word_1_65' title='bbox 919 1333 1203 1387; x_wconf 85' lang='lat' dir='ltr'><strong>habuisset</strong></span> <span class='ocrx_word' id='word_1_66' title='bbox 1231 1331 1393 1402; x_wconf 80' lang='lat'><strong>622</strong></span> <span class='ocrx_word' id='word_1_67' title='bbox 1424 1330 1733 1384; x_wconf 82' lang='lat' dir='ltr'><strong>exordium.</strong></span> <span class='ocrx_word' id='word_1_68' title='bbox 1776 1327 1867 1382; x_wconf 86' lang='lat' dir='ltr'><strong>Sic</strong></span> <span class='ocrx_word' id='word_1_69' title='bbox 1902 1338 2084 1381; x_wconf 88' lang='lat' dir='ltr'><strong>autem</strong></span> <span class='ocrx_word' id='word_1_70' title='bbox 2117 1342 2173 1382; x_wconf 85' lang='lat' dir='ltr'><strong>se</strong></span> <span class='ocrx_word' id='word_1_71' title='bbox 2207 1343 2295 1380; x_wconf 85' lang='lat' dir='ltr'><strong>re-</strong></span> 
     </span>
    </p>
   </div>
   <div class='ocr_carea' id='block_1_13' title="bbox 723 1420 2294 1490">
    <p class='ocr_par' dir='ltr' id='par_1_13' title="bbox 723 1420 2294 1490">
     <span class='ocr_line' id='line_1_13' title="bbox 723 1420 2294 1490; baseline -0.003 -15"><span class='ocrx_word' id='word_1_72' title='bbox 723 1424 827 1477; x_wconf 90' lang='lat' dir='ltr'><strong>bus</strong></span> <span class='ocrx_word' id='word_1_73' title='bbox 861 1424 1211 1486; x_wconf 79' lang='lat' dir='ltr'><strong>habentibus,</strong></span> <span class='ocrx_word' id='word_1_74' title='bbox 1247 1422 1518 1477; x_wconf 88' lang='lat' dir='ltr'><strong>acccrsito</strong></span> <span class='ocrx_word' id='word_1_75' title='bbox 1545 1422 1848 1490; x_wconf 86' lang='lat' dir='ltr'><strong>imperator</strong></span> <span class='ocrx_word' id='word_1_76' title='bbox 1879 1421 2085 1475; x_wconf 70' lang='lat' dir='ltr'><strong>lrenazo</strong></span> <span class='ocrx_word' id='word_1_77' title='bbox 2123 1420 2294 1489; x_wconf 76' lang='lat' dir='ltr'><strong>magi-</strong></span> 
     </span>
    </p>
   </div>
   <div class='ocr_carea' id='block_1_14' title="bbox 722 1512 2294 1585">
    <p class='ocr_par' dir='ltr' id='par_1_14' title="bbox 722 1512 2294 1585">
     <span class='ocr_line' id='line_1_14' title="bbox 722 1512 2294 1585; baseline -0.003 -18"><span class='ocrx_word' id='word_1_78' title='bbox 722 1524 857 1577; x_wconf 85' lang='lat' dir='ltr'><strong>stro,</strong></span> <span class='ocrx_word' id='word_1_79' title='bbox 886 1515 959 1568; x_wconf 90' lang='lat' dir='ltr'><strong>ait</strong></span> <span class='ocrx_word' id='word_1_80' title='bbox 992 1514 1106 1567; x_wconf 84' lang='lat' dir='ltr'><strong>illi:</strong></span> <span class='ocrx_word' id='word_1_81' title='bbox 1139 1512 1495 1585; x_wconf 83' lang='lat' dir='ltr'><strong>Congratulor</strong></span> <span class='ocrx_word' id='word_1_82' title='bbox 1528 1514 1640 1575; x_wconf 94' lang='lat' dir='ltr'><strong>tibi,</strong></span> <span class='ocrx_word' id='word_1_83' title='bbox 1683 1514 1954 1581; x_wconf 75' lang='lat' dir='ltr'><strong>magister,</strong></span> <span class='ocrx_word' id='word_1_84' title='bbox 1988 1512 2125 1581; x_wconf 87' lang='lat' dir='ltr'><strong>quod</strong></span> <span class='ocrx_word' id='word_1_85' title='bbox 2162 1512 2294 1564; x_wconf 81' lang='lat' dir='ltr'><strong>Sici-</strong></span> 
     </span>
    </p>
   </div>
   <div class='ocr_carea' id='block_1_15' title="bbox 727 1598 2295 1674">
    <p class='ocr_par' dir='ltr' id='par_1_15' title="bbox 727 1598 2295 1674">
     <span class='ocr_line' id='line_1_15' title="bbox 727 1598 2295 1674; baseline -0.004 -16"><span class='ocrx_word' id='word_1_86' title='bbox 727 1607 801 1659; x_wconf 88' lang='lat' dir='ltr'><strong>lia</strong></span> <span class='ocrx_word' id='word_1_87' title='bbox 834 1605 1132 1659; x_wconf 81' lang='lat' dir='ltr'><strong>rebellavit.</strong></span> <span class='ocrx_word' id='word_1_88' title='bbox 1162 1604 1242 1658; x_wconf 80' lang='lat' dir='ltr'><strong>Ad</strong></span> <span class='ocrx_word' id='word_1_89' title='bbox 1275 1619 1437 1674; x_wconf 87' lang='lat' dir='ltr'><strong>quem</strong></span> <span class='ocrx_word' id='word_1_90' title='bbox 1465 1605 1553 1657; x_wconf 90' lang='lat' dir='ltr'><strong>ille</strong></span> <span class='ocrx_word' id='word_1_91' title='bbox 1580 1620 1591 1654; x_wconf 92' lang='lat'><strong>:</strong></span> <span class='ocrx_word' id='word_1_92' title='bbox 1630 1598 1824 1655; x_wconf 80' lang='lat' dir='ltr'><strong>Procul</strong></span> <span class='ocrx_word' id='word_1_93' title='bbox 1853 1608 1949 1664; x_wconf 88' lang='lat' dir='ltr'><strong>est,</strong></span> <span class='ocrx_word' id='word_1_94' title='bbox 1982 1602 2210 1663; x_wconf 86' lang='lat' dir='ltr'><strong>domine,</strong></span> <span class='ocrx_word' id='word_1_95' title='bbox 2239 1608 2295 1651; x_wconf 87' lang='lat' dir='ltr'><strong>ut</strong></span> 
     </span>
    </p>
   </div>
   <div class='ocr_carea' id='block_1_16' title="bbox 720 1693 2297 1765">
    <p class='ocr_par' dir='ltr' id='par_1_16' title="bbox 720 1693 2297 1765">
     <span class='ocr_line' id='line_1_16' title="bbox 720 1693 2297 1765; baseline -0.004 -14"><span class='ocrx_word' id='word_1_96' title='bbox 720 1697 1101 1765; x_wconf 75' lang='lat' dir='ltr'><strong>gratulandum</strong></span> <span class='ocrx_word' id='word_1_97' title='bbox 1125 1698 1191 1751; x_wconf 90' lang='lat' dir='ltr'><strong>sit</strong></span> <span class='ocrx_word' id='word_1_98' title='bbox 1215 1712 1272 1749; x_wconf 92' lang='lat' dir='ltr'><strong>eo</strong></span> <span class='ocrx_word' id='word_1_99' title='bbox 1306 1698 1515 1747; x_wconf 83' lang='lat' dir='ltr'><strong>nomine</strong></span> <span class='ocrx_word' id='word_1_100' title='bbox 1536 1710 1554 1761; x_wconf 86' lang='lat'><strong>,&#39;</strong></span> <span class='ocrx_word' id='word_1_101' title='bbox 1574 1708 1983 1762; x_wconf 78' lang='lat' dir='ltr'><strong>conversusque</strong></span> <span class='ocrx_word' id='word_1_102' title='bbox 2011 1693 2077 1746; x_wconf 86' lang='lat' dir='ltr'><strong>ad</strong></span> <span class='ocrx_word' id='word_1_103' title='bbox 2106 1708 2297 1761; x_wconf 83' lang='lat' dir='ltr'><strong>quem-</strong></span> 
     </span>
    </p>
   </div>
   <div class='ocr_carea' id='block_1_17' title="bbox 718 1786 1307 1857">
    <p class='ocr_par' dir='ltr' id='par_1_17' title="bbox 718 1786 1307 1857">
     <span class='ocr_line' id='line_1_17' title="bbox 718 1786 1307 1857; baseline -0.003 -16"><span class='ocrx_word' id='word_1_104' title='bbox 718 1788 843 1842; x_wconf 86' lang='lat' dir='ltr'><strong>dam</strong></span> <span class='ocrx_word' id='word_1_105' title='bbox 872 1803 1163 1857; x_wconf 88' lang='lat' dir='ltr'><strong>procerum</strong></span> <span class='ocrx_word' id='word_1_106' title='bbox 1196 1786 1307 1840; x_wconf 85' lang='lat' dir='ltr'><strong>ait:</strong></span> 
     </span>
    </p>
   </div>
   <div class='ocr_carea' id='block_1_18' title="bbox 827 1877 1929 1942">
    <p class='ocr_par' dir='ltr' id='par_1_18' title="bbox 827 1877 1929 1942">
     <span class='ocr_line' id='line_1_18' title="bbox 827 1877 1929 1942; baseline -0.001 -10"><span class='ocrx_word' id='word_1_107' title='bbox 827 1879 935 1932; x_wconf 83' lang='lat' dir='ltr'><strong>Hoc</strong></span> <span class='ocrx_word' id='word_1_108' title='bbox 956 1877 1465 1933; x_wconf 87' lang='lat' dir='ltr'><strong>initium-malorum</strong></span> <span class='ocrx_word' id='word_1_109' title='bbox 1506 1877 1685 1933; x_wconf 78' lang='lat' dir='ltr'><strong>telluri</strong></span> <span class='ocrx_word' id='word_1_110' title='bbox 1714 1881 1929 1942; x_wconf 87' lang='lat' dir='ltr'><strong>accidet,</strong></span> 
     </span>
    </p>
   </div>
   <div class='ocr_carea' id='block_1_19' title="bbox 826 1949 1985 2019">
    <p class='ocr_par' dir='ltr' id='par_1_19' title="bbox 826 1949 1985 2019">
     <span class='ocr_line' id='line_1_19' title="bbox 826 1949 1985 2019; baseline -0.003 -16"><span class='ocrx_word' id='word_1_111' title='bbox 826 1949 1018 2003; x_wconf 82' lang='lat' dir='ltr'><strong>Rerum</strong></span> <span class='ocrx_word' id='word_1_112' title='bbox 1050 1951 1278 2018; x_wconf 83' lang='lat' dir='ltr'><strong>potietur</strong></span> <span class='ocrx_word' id='word_1_113' title='bbox 1311 1967 1428 2002; x_wconf 87' lang='lat' dir='ltr'><strong>cum</strong></span> <span class='ocrx_word' id='word_1_114' title='bbox 1452 1949 1772 2019; x_wconf 83' lang='lat' dir='ltr'><strong>Babylonius</strong></span> <span class='ocrx_word' id='word_1_115' title='bbox 1806 1950 1985 2010; x_wconf 84' lang='lat' dir='ltr'><strong>draco,</strong></span> 
     </span>
    </p>
   </div>
   <div class='ocr_carea' id='block_1_20' title="bbox 824 2020 2008 2090">
    <p class='ocr_par' dir='ltr' id='par_1_20' title="bbox 824 2020 2008 2090">
     <span class='ocr_line' id='line_1_20' title="bbox 824 2020 2008 2090; baseline -0.003 -18"><span class='ocrx_word' id='word_1_116' title='bbox 824 2020 1045 2090; x_wconf 65' lang='lat' dir='ltr'><strong>Linguae</strong></span> <span class='ocrx_word' id='word_1_117' title='bbox 1074 2021 1339 2089; x_wconf 82' lang='lat' dir='ltr'><strong>impedita:</strong></span> <span class='ocrx_word' id='word_1_118' title='bbox 1371 2027 1419 2072; x_wconf 87' lang='lat' dir='ltr'><strong>et</strong></span> <span class='ocrx_word' id='word_1_119' title='bbox 1454 2022 1574 2073; x_wconf 82' lang='lat' dir='ltr'><strong>auri</strong></span> <span class='ocrx_word' id='word_1_120' title='bbox 1597 2021 2008 2073; x_wconf 77' lang='lat' dir='ltr'><strong>sitientissimus.</strong></span> 
     </span>
    </p>
   </div>
   <div class='ocr_carea' id='block_1_21' title="bbox 787 2108 2293 2181">
    <p class='ocr_par' dir='ltr' id='par_1_21' title="bbox 787 2108 2293 2181">
     <span class='ocr_line' id='line_1_21' title="bbox 787 2108 2293 2181; baseline -0.002 -18"><span class='ocrx_word' id='word_1_121' title='bbox 787 2111 839 2163; x_wconf 80' lang='grc'><strong>4.</strong></span> <span class='ocrx_word' id='word_1_122' title='bbox 874 2111 1245 2181; x_wconf 72' lang='lat' dir='ltr'><strong>Agarenorum</strong></span> <span class='ocrx_word' id='word_1_123' title='bbox 1272 2110 1419 2165; x_wconf 87' lang='lat' dir='ltr'><strong>enim</strong></span> <span class='ocrx_word' id='word_1_124' title='bbox 1448 2110 1557 2163; x_wconf 87' lang='lat' dir='ltr'><strong>dux</strong></span> <span class='ocrx_word' id='word_1_125' title='bbox 1583 2111 1850 2179; x_wconf 86' lang='lat' dir='ltr'><strong>Apocbat,</strong></span> <span class='ocrx_word' id='word_1_126' title='bbox 1882 2109 1950 2163; x_wconf 86' lang='lat' dir='ltr'><strong>ad</strong></span> <span class='ocrx_word' id='word_1_127' title='bbox 1972 2108 2147 2163; x_wconf 74' lang='lat' dir='ltr'><strong>Creue</strong></span> <span class='ocrx_word' id='word_1_128' title='bbox 2170 2123 2293 2177; x_wconf 88' lang='lat' dir='ltr'><strong>pro-</strong></span> 
     </span>
    </p>
   </div>
   <div class='ocr_carea' id='block_1_22' title="bbox 719 2202 2294 2273">
    <p class='ocr_par' dir='ltr' id='par_1_22' title="bbox 719 2202 2294 2273">
     <span class='ocr_line' id='line_1_22' title="bbox 719 2202 2294 2273; baseline -0.001 -16"><span class='ocrx_word' id='word_1_129' title='bbox 719 2204 1079 2269; x_wconf 85' lang='lat' dir='ltr'><strong>montorium,</strong></span> <span class='ocrx_word' id='word_1_130' title='bbox 1110 2205 1197 2257; x_wconf 92' lang='lat' dir='ltr'><strong>cui</strong></span> <span class='ocrx_word' id='word_1_131' title='bbox 1231 2202 1445 2258; x_wconf 77' lang='lat' dir='ltr'><strong>Charax</strong></span> <span class='ocrx_word' id='word_1_132' title='bbox 1481 2218 1705 2264; x_wconf 87' lang='lat' dir='ltr'><strong>nomen,</strong></span> <span class='ocrx_word' id='word_1_133' title='bbox 1734 2204 1960 2273; x_wconf 76' lang='lat' dir='ltr'><strong>appulsa</strong></span> <span class='ocrx_word' id='word_1_134' title='bbox 1992 2203 2163 2258; x_wconf 87' lang='lat' dir='ltr'><strong>classe</strong></span> <span class='ocrx_word' id='word_1_135' title='bbox 2202 2217 2294 2255; x_wconf 90' lang='lat' dir='ltr'><strong>ca-</strong></span> 
     </span>
    </p>
   </div>
   <div class='ocr_carea' id='block_1_23' title="bbox 721 2294 2294 2365">
    <p class='ocr_par' dir='ltr' id='par_1_23' title="bbox 721 2294 2294 2365">
     <span class='ocr_line' id='line_1_23' title="bbox 721 2294 2294 2365; baseline 0.003 -18"><span class='ocrx_word' id='word_1_136' title='bbox 721 2303 832 2348; x_wconf 86' lang='lat' dir='ltr'><strong>stra</strong></span> <span class='ocrx_word' id='word_1_137' title='bbox 860 2294 1066 2364; x_wconf 90' lang='lat' dir='ltr'><strong>posuit,</strong></span> <span class='ocrx_word' id='word_1_138' title='bbox 1088 2295 1293 2365; x_wconf 85' lang='lat' dir='ltr'><strong>jubens</strong></span> <span class='ocrx_word' id='word_1_139' title='bbox 1328 2304 1388 2350; x_wconf 90' lang='lat' dir='ltr'><strong>ut</strong></span> <span class='ocrx_word' id='word_1_140' title='bbox 1420 2295 1631 2350; x_wconf 87' lang='lat' dir='ltr'><strong>relictis</strong></span> <span class='ocrx_word' id='word_1_141' title='bbox 1664 2297 1918 2359; x_wconf 86' lang='lat' dir='ltr'><strong>navibus,</strong></span> <span class='ocrx_word' id='word_1_142' title='bbox 1951 2311 2092 2365; x_wconf 89' lang='lat' dir='ltr'><strong>quos</strong></span> <span class='ocrx_word' id='word_1_143' title='bbox 2120 2296 2294 2351; x_wconf 85' lang='lat' dir='ltr'><strong>duxe-</strong></span> 
     </span>
    </p>
   </div>
   <div class='ocr_carea' id='block_1_24' title="bbox 723 2388 2296 2460">
    <p class='ocr_par' dir='ltr' id='par_1_24' title="bbox 723 2388 2296 2460">
     <span class='ocr_line' id='line_1_24' title="bbox 723 2388 2296 2460; baseline -0.001 -15"><span class='ocrx_word' id='word_1_144' title='bbox 723 2400 808 2445; x_wconf 84' lang='lat' dir='ltr'><strong>rat</strong></span> <span class='ocrx_word' id='word_1_145' title='bbox 831 2388 1056 2450; x_wconf 87' lang='lat' dir='ltr'><strong>milites,</strong></span> <span class='ocrx_word' id='word_1_146' title='bbox 1092 2404 1285 2444; x_wconf 88' lang='lat' dir='ltr'><strong>omnes</strong></span> <span class='ocrx_word' id='word_1_147' title='bbox 1328 2391 1604 2459; x_wconf 80' lang='lat' dir='ltr'><strong>regionem</strong></span> <span class='ocrx_word' id='word_1_148' title='bbox 1650 2389 1952 2457; x_wconf 73' lang='lat' dir='ltr'><strong>praedatum</strong></span> <span class='ocrx_word' id='word_1_149' title='bbox 1987 2388 2296 2460; x_wconf 91' lang='lat' dir='ltr'><strong>direptum-</strong></span> 
     </span>
    </p>
   </div>
   <div class='ocr_carea' id='block_1_25' title="bbox 720 2480 2299 2550">
    <p class='ocr_par' dir='ltr' id='par_1_25' title="bbox 720 2480 2299 2550">
     <span class='ocr_line' id='line_1_25' title="bbox 720 2480 2299 2550; baseline -0.001 -16"><span class='ocrx_word' id='word_1_150' title='bbox 720 2497 828 2550; x_wconf 88' lang='lat' dir='ltr'><strong>que</strong></span> <span class='ocrx_word' id='word_1_151' title='bbox 860 2481 1022 2535; x_wconf 87' lang='lat' dir='ltr'><strong>irent.</strong></span> <span class='ocrx_word' id='word_1_152' title='bbox 1068 2480 1255 2550; x_wconf 87' lang='lat' dir='ltr'><strong>Copiis</strong></span> <span class='ocrx_word' id='word_1_153' title='bbox 1297 2489 1481 2535; x_wconf 86' lang='lat' dir='ltr'><strong>autem</strong></span> <span class='ocrx_word' id='word_1_154' title='bbox 1514 2481 1567 2534; x_wconf 89' lang='lat' dir='ltr'><strong>in</strong></span> <span class='ocrx_word' id='word_1_155' title='bbox 1619 2480 1830 2550; x_wconf 70' lang='lat' dir='ltr'><strong>praedas</strong></span> <span class='ocrx_word' id='word_1_156' title='bbox 1864 2480 2054 2536; x_wconf 81' lang='lat' dir='ltr'><strong>ell&#39;usis</strong></span> <span class='ocrx_word' id='word_1_157' title='bbox 2103 2495 2299 2535; x_wconf 88' lang='lat' dir='ltr'><strong>eorum</strong></span> 
     </span>
    </p>
   </div>
   <div class='ocr_carea' id='block_1_26' title="bbox 722 2573 2298 2645">
    <p class='ocr_par' dir='ltr' id='par_1_26' title="bbox 722 2573 2298 2645">
     <span class='ocr_line' id='line_1_26' title="bbox 722 2573 2298 2645; baseline -0.002 -17"><span class='ocrx_word' id='word_1_158' title='bbox 722 2590 892 2629; x_wconf 86' lang='lat' dir='ltr'><strong>naves</strong></span> <span class='ocrx_word' id='word_1_159' title='bbox 916 2574 1182 2629; x_wconf 84' lang='lat' dir='ltr'><strong>succendi</strong></span> <span class='ocrx_word' id='word_1_160' title='bbox 1234 2574 1419 2645; x_wconf 83' lang='lat' dir='ltr'><strong>jussit.</strong></span> <span class='ocrx_word' id='word_1_161' title='bbox 1444 2573 1616 2644; x_wconf 84' lang='lat' dir='ltr'><strong>Cujus</strong></span> <span class='ocrx_word' id='word_1_162' title='bbox 1650 2574 1726 2627; x_wconf 90' lang='lat' dir='ltr'><strong>rei</strong></span> <span class='ocrx_word' id='word_1_163' title='bbox 1754 2589 1920 2628; x_wconf 83' lang='lat' dir='ltr'><strong>causa</strong></span> <span class='ocrx_word' id='word_1_164' title='bbox 1946 2588 2298 2627; x_wconf 53' lang='lat' dir='ltr'><strong>murmurari.</strong></span> 
     </span>
    </p>
   </div>
   <div class='ocr_carea' id='block_1_27' title="bbox 723 2665 2300 2734">
    <p class='ocr_par' dir='ltr' id='par_1_27' title="bbox 723 2665 2300 2734">
     <span class='ocr_line' id='line_1_27' title="bbox 723 2665 2300 2734; baseline -0.002 -16"><span class='ocrx_word' id='word_1_165' title='bbox 723 2666 891 2731; x_wconf 88' lang='lat' dir='ltr'><strong>tibus,</strong></span> <span class='ocrx_word' id='word_1_166' title='bbox 910 2666 1014 2719; x_wconf 86' lang='lat' dir='ltr'><strong>ait:</strong></span> <span class='ocrx_word' id='word_1_167' title='bbox 1041 2665 1136 2718; x_wconf 83' lang='lat' dir='ltr'><strong>Vos</strong></span> <span class='ocrx_word' id='word_1_168' title='bbox 1167 2667 1269 2734; x_wconf 85' lang='lat' dir='ltr'><strong>ipsi</strong></span> <span class='ocrx_word' id='word_1_169' title='bbox 1297 2666 1703 2729; x_wconf 81' lang='lat' dir='ltr'><strong>nudiustertius,</strong></span> <span class='ocrx_word' id='word_1_170' title='bbox 1726 2681 1755 2717; x_wconf 95' lang='grc' dir='ltr'><strong>ο</strong></span> <span class='ocrx_word' id='word_1_171' title='bbox 1785 2665 1883 2717; x_wconf 85' lang='lat' dir='ltr'><strong>viri</strong></span> <span class='ocrx_word' id='word_1_172' title='bbox 1906 2673 2300 2718; x_wconf 81' lang='lat' dir='ltr'><strong>murmurantes</strong></span> 
     </span>
    </p>
   </div>
   <div class='ocr_carea' id='block_1_28' title="bbox 721 2756 2301 2825">
    <p class='ocr_par' dir='ltr' id='par_1_28' title="bbox 721 2756 2301 2825">
     <span class='ocr_line' id='line_1_28' title="bbox 721 2756 2301 2825; baseline -0.001 -16"><span class='ocrx_word' id='word_1_173' title='bbox 721 2756 987 2809; x_wconf 79' lang='lat' dir='ltr'><strong>coloniam</strong></span> <span class='ocrx_word' id='word_1_174' title='bbox 1038 2756 1228 2810; x_wconf 83' lang='lat' dir='ltr'><strong>ducere</strong></span> <span class='ocrx_word' id='word_1_175' title='bbox 1258 2756 1593 2825; x_wconf 78' lang='lat' dir='ltr'><strong>quwrebatis.</strong></span> <span class='ocrx_word' id='word_1_176' title='bbox 1629 2756 1693 2810; x_wconf 84' lang='lat' dir='ltr'><strong>In</strong></span> <span class='ocrx_word' id='word_1_177' title='bbox 1754 2772 1874 2809; x_wconf 86' lang='lat' dir='ltr'><strong>eam</strong></span> <span class='ocrx_word' id='word_1_178' title='bbox 1925 2771 2033 2808; x_wconf 83' lang='lat' dir='ltr'><strong>rem</strong></span> <span class='ocrx_word' id='word_1_179' title='bbox 2075 2772 2162 2808; x_wconf 79' lang='lat' dir='ltr'><strong>vos</strong></span> <span class='ocrx_word' id='word_1_180' title='bbox 2208 2771 2301 2824; x_wconf 83' lang='lat' dir='ltr'><strong>ego</strong></span> 
     </span>
    </p>
   </div>
   <div class='ocr_carea' id='block_1_29' title="bbox 722 2846 2301 2916">
    <p class='ocr_par' dir='ltr' id='par_1_29' title="bbox 722 2846 2301 2916">
     <span class='ocr_line' id='line_1_29' title="bbox 722 2846 2301 2916; baseline -0.001 -16"><span class='ocrx_word' id='word_1_181' title='bbox 722 2849 821 2900; x_wconf 73' lang='lat' dir='ltr'><strong>huc</strong></span> <span class='ocrx_word' id='word_1_182' title='bbox 854 2848 955 2900; x_wconf 83' lang='lat' dir='ltr'><strong>loci</strong></span> <span class='ocrx_word' id='word_1_183' title='bbox 987 2847 1207 2911; x_wconf 66' lang='lat' dir='ltr'><strong>adduxi,</strong></span> <span class='ocrx_word' id='word_1_184' title='bbox 1256 2849 1347 2901; x_wconf 86' lang='lat' dir='ltr'><strong>ubi</strong></span> <span class='ocrx_word' id='word_1_185' title='bbox 1402 2847 1558 2901; x_wconf 88' lang='lat' dir='ltr'><strong>tellus</strong></span> <span class='ocrx_word' id='word_1_186' title='bbox 1589 2846 1724 2899; x_wconf 89' lang='lat' dir='ltr'><strong>lacte</strong></span> <span class='ocrx_word' id='word_1_187' title='bbox 1755 2864 1818 2899; x_wconf 86' lang='lat' dir='ltr'><strong>ac</strong></span> <span class='ocrx_word' id='word_1_188' title='bbox 1861 2846 2015 2899; x_wconf 78' lang='lat' dir='ltr'><strong>melle</strong></span> <span class='ocrx_word' id='word_1_189' title='bbox 2064 2847 2200 2916; x_wconf 77' lang='lat' dir='ltr'><strong>ﬂuit.</strong></span> <span class='ocrx_word' id='word_1_190' title='bbox 2233 2848 2301 2899; x_wconf 83' lang='lat' dir='ltr'><strong>At</strong></span> 
     </span>
    </p>
   </div>
   <div class='ocr_carea' id='block_1_30' title="bbox 725 2936 2303 3006">
    <p class='ocr_par' dir='ltr' id='par_1_30' title="bbox 725 2936 2303 3006">
     <span class='ocr_line' id='line_1_30' title="bbox 725 2936 2303 3006; baseline -0.003 -15"><span class='ocrx_word' id='word_1_191' title='bbox 725 2936 804 2991; x_wconf 83' lang='lat' dir='ltr'><strong>illi</strong></span> <span class='ocrx_word' id='word_1_192' title='bbox 833 2955 845 2991; x_wconf 72' lang='grc' dir='ltr'><strong>ε</strong></span> <span class='ocrx_word' id='word_1_193' title='bbox 885 2936 1106 2992; x_wconf 88' lang='lat' dir='ltr'><strong>Ubinam</strong></span> <span class='ocrx_word' id='word_1_194' title='bbox 1146 2954 1265 2991; x_wconf 78' lang='lat' dir='ltr'><strong>vero</strong></span> <span class='ocrx_word' id='word_1_195' title='bbox 1292 2937 1480 2991; x_wconf 88' lang='lat' dir='ltr'><strong>liberos</strong></span> <span class='ocrx_word' id='word_1_196' title='bbox 1523 2947 1729 2991; x_wconf 89' lang='lat' dir='ltr'><strong>nostros</strong></span> <span class='ocrx_word' id='word_1_197' title='bbox 1756 2953 2046 3006; x_wconf 75' lang='lat' dir='ltr'><strong>uxoresque</strong></span> <span class='ocrx_word' id='word_1_198' title='bbox 2075 2937 2303 2989; x_wconf 78' lang='lat' dir='ltr'><strong>invenie-</strong></span> 
     </span>
    </p>
   </div>
   <div class='ocr_carea' id='block_1_31' title="bbox 724 3026 2302 3099">
    <p class='ocr_par' dir='ltr' id='par_1_31' title="bbox 724 3026 2302 3099">
     <span class='ocr_line' id='line_1_31' title="bbox 724 3026 2302 3099; baseline 0.001 -20"><span class='ocrx_word' id='word_1_199' title='bbox 724 3042 842 3080; x_wconf 78' lang='lat' dir='ltr'><strong>mus</strong></span> <span class='ocrx_word' id='word_1_200' title='bbox 861 3027 887 3079; x_wconf 69' lang='grc' dir='ltr'><strong><em>Ρ</em></strong></span> <span class='ocrx_word' id='word_1_201' title='bbox 913 3027 1125 3094; x_wconf 86' lang='lat' dir='ltr'><strong>Quibus</strong></span> <span class='ocrx_word' id='word_1_202' title='bbox 1153 3028 1245 3083; x_wconf 90' lang='lat' dir='ltr'><strong>ille</strong></span> <span class='ocrx_word' id='word_1_203' title='bbox 1273 3046 1285 3081; x_wconf 93' lang='lat'><strong>:</strong></span> <span class='ocrx_word' id='word_1_204' title='bbox 1323 3026 1480 3082; x_wconf 82' lang='lat' dir='ltr'><strong>Scitis</strong></span> <span class='ocrx_word' id='word_1_205' title='bbox 1508 3028 1740 3099; x_wconf 89' lang='lat' dir='ltr'><strong>plurima</strong></span> <span class='ocrx_word' id='word_1_206' title='bbox 1785 3044 1873 3083; x_wconf 83' lang='lat' dir='ltr'><strong>vos</strong></span> <span class='ocrx_word' id='word_1_207' title='bbox 1899 3028 2072 3097; x_wconf 86' lang='lat' dir='ltr'><strong>spolia</strong></span> <span class='ocrx_word' id='word_1_208' title='bbox 2106 3045 2169 3081; x_wconf 87' lang='lat' dir='ltr'><strong>ac</strong></span> <span class='ocrx_word' id='word_1_209' title='bbox 2210 3044 2302 3081; x_wconf 83' lang='lat' dir='ltr'><strong>ca-</strong></span> 
     </span>
    </p>
   </div>
   <div class='ocr_carea' id='block_1_32' title="bbox 725 3120 2303 3192">
    <p class='ocr_par' dir='ltr' id='par_1_32' title="bbox 725 3120 2303 3192">
     <span class='ocr_line' id='line_1_32' title="bbox 725 3120 2303 3192; baseline 0 -18"><span class='ocrx_word' id='word_1_210' title='bbox 725 3122 893 3189; x_wconf 81' lang='lat' dir='ltr'><strong>ptivos</strong></span> <span class='ocrx_word' id='word_1_211' title='bbox 921 3121 1123 3174; x_wconf 82' lang='lat' dir='ltr'><strong>tulisse.</strong></span> <span class='ocrx_word' id='word_1_212' title='bbox 1145 3121 1228 3176; x_wconf 72' lang='lat' dir='ltr'><strong>Ex</strong></span> <span class='ocrx_word' id='word_1_213' title='bbox 1256 3120 1363 3176; x_wconf 86' lang='lat' dir='ltr'><strong>illis</strong></span> <span class='ocrx_word' id='word_1_214' title='bbox 1389 3122 1632 3176; x_wconf 86' lang='lat' dir='ltr'><strong>mulieres</strong></span> <span class='ocrx_word' id='word_1_215' title='bbox 1676 3124 1732 3176; x_wconf 87' lang='lat' dir='ltr'><strong>in</strong></span> <span class='ocrx_word' id='word_1_216' title='bbox 1774 3139 1994 3192; x_wconf 85' lang='lat' dir='ltr'><strong>sponsas</strong></span> <span class='ocrx_word' id='word_1_217' title='bbox 2033 3122 2171 3176; x_wconf 74' lang='lat' dir='ltr'><strong>vobis</strong></span> <span class='ocrx_word' id='word_1_218' title='bbox 2204 3122 2303 3175; x_wconf 83' lang='lat' dir='ltr'><strong>ad-</strong></span> 
     </span>
    </p>
   </div>
   <div class='ocr_carea' id='block_1_33' title="bbox 721 3212 2021 3282">
    <p class='ocr_par' dir='ltr' id='par_1_33' title="bbox 721 3212 2021 3282">
     <span class='ocr_line' id='line_1_33' title="bbox 721 3212 2021 3282; baseline 0.003 -19"><span class='ocrx_word' id='word_1_219' title='bbox 721 3212 947 3282; x_wconf 84' lang='lat' dir='ltr'><strong>jungite.</strong></span> <span class='ocrx_word' id='word_1_220' title='bbox 1030 3214 1243 3267; x_wconf 86' lang='lat' dir='ltr'><strong>Placuit</strong></span> <span class='ocrx_word' id='word_1_221' title='bbox 1326 3214 1585 3270; x_wconf 83' lang='lat' dir='ltr'><strong>omnibus</strong></span> <span class='ocrx_word' id='word_1_222' title='bbox 1660 3214 2021 3279; x_wconf 89' lang='lat' dir='ltr'><strong>consilium;</strong></span> 
     </span>
    </p>
   </div>
   <div class='ocr_carea' id='block_1_34' title="bbox 726 3304 2302 3375">
    <p class='ocr_par' dir='ltr' id='par_1_34' title="bbox 726 3304 2302 3375">
     <span class='ocr_line' id='line_1_34' title="bbox 726 3304 2302 3375; baseline 0 -19"><span class='ocrx_word' id='word_1_223' title='bbox 726 3318 835 3372; x_wconf 86' lang='lat' dir='ltr'><strong>que</strong></span> <span class='ocrx_word' id='word_1_224' title='bbox 883 3305 1311 3375; x_wconf 87' lang='lat' dir='ltr'><strong>circumquaque</strong></span> <span class='ocrx_word' id='word_1_225' title='bbox 1363 3307 1507 3360; x_wconf 81' lang='lat' dir='ltr'><strong>vallo</strong></span> <span class='ocrx_word' id='word_1_226' title='bbox 1557 3306 1738 3361; x_wconf 92' lang='lat' dir='ltr'><strong>locum</strong></span> <span class='ocrx_word' id='word_1_227' title='bbox 1790 3305 2148 3360; x_wconf 83' lang='lat' dir='ltr'><strong>munierunt:</strong></span> <span class='ocrx_word' id='word_1_228' title='bbox 2204 3304 2302 3373; x_wconf 84' lang='grc' dir='ltr'><strong>χά-</strong></span> 
     </span>
    </p>
   </div>
   <div class='ocr_carea' id='block_1_35' title="bbox 731 3391 2303 3465">
    <p class='ocr_par' dir='ltr' id='par_1_35' title="bbox 731 3391 2303 3465">
     <span class='ocr_line' id='line_1_35' title="bbox 731 3391 2303 3465; baseline 0.004 -21"><span class='ocrx_word' id='word_1_229' title='bbox 731 3408 873 3460; x_wconf 79' lang='grc' dir='ltr'>ρακα</span> <span class='ocrx_word' id='word_1_230' title='bbox 902 3391 1075 3448; x_wconf 71' lang='lat' dir='ltr'><strong>Graeci</strong></span> <span class='ocrx_word' id='word_1_231' title='bbox 1114 3394 1331 3451; x_wconf 90' lang='lat' dir='ltr'><strong>dicunt.</strong></span> <span class='ocrx_word' id='word_1_232' title='bbox 1364 3396 1441 3450; x_wconf 85' lang='lat' dir='ltr'><strong>Ex</strong></span> <span class='ocrx_word' id='word_1_233' title='bbox 1469 3411 1580 3465; x_wconf 93' lang='lat' dir='ltr'><strong>quo</strong></span> <span class='ocrx_word' id='word_1_234' title='bbox 1610 3396 1817 3451; x_wconf 82' lang='lat' dir='ltr'><strong>factum</strong></span> <span class='ocrx_word' id='word_1_235' title='bbox 1847 3405 1933 3451; x_wconf 85' lang='lat' dir='ltr'><strong>est</strong></span> <span class='ocrx_word' id='word_1_236' title='bbox 1966 3406 2025 3450; x_wconf 94' lang='lat' dir='ltr'><strong>ut</strong></span> <span class='ocrx_word' id='word_1_237' title='bbox 2060 3405 2115 3451; x_wconf 92' lang='lat' dir='ltr'><strong>et</strong></span> <span class='ocrx_word' id='word_1_238' title='bbox 2146 3396 2303 3450; x_wconf 88' lang='lat' dir='ltr'><strong>locus</strong></span> 
     </span>
    </p>
   </div>
   <div class='ocr_carea' id='block_1_36' title="bbox 728 3482 2305 3542">
    <p class='ocr_par' dir='ltr' id='par_1_36' title="bbox 728 3482 2305 3542">
     <span class='ocr_line' id='line_1_36' title="bbox 728 3482 2305 3542; baseline 0.004 -8"><span class='ocrx_word' id='word_1_239' title='bbox 728 3482 998 3537; x_wconf 87' lang='lat' dir='ltr'><strong>hactenus</strong></span> <span class='ocrx_word' id='word_1_240' title='bbox 1019 3483 1233 3539; x_wconf 88' lang='lat' dir='ltr'><strong>Charax</strong></span> <span class='ocrx_word' id='word_1_241' title='bbox 1266 3487 1606 3542; x_wconf 89' lang='lat' dir='ltr'><strong>nominetur.</strong></span> <span class='ocrx_word' id='word_1_242' title='bbox 1631 3488 1824 3542; x_wconf 86' lang='lat' dir='ltr'><strong>Postea</strong></span> <span class='ocrx_word' id='word_1_243' title='bbox 1850 3503 1979 3542; x_wconf 88' lang='lat' dir='ltr'><strong>vero</strong></span> <span class='ocrx_word' id='word_1_244' title='bbox 2003 3487 2305 3541; x_wconf 89' lang='lat' dir='ltr'><strong>monachus</strong></span> 
     </span>
    </p>
   </div>
   <div class='ocr_carea' id='block_1_37' title="bbox 729 3573 2303 3648">
    <p class='ocr_par' dir='ltr' id='par_1_37' title="bbox 729 3573 2303 3648">
     <span class='ocr_line' id='line_1_37' title="bbox 729 3573 2303 3648; baseline 0.002 -22"><span class='ocrx_word' id='word_1_245' title='bbox 729 3573 953 3642; x_wconf 86' lang='lat' dir='ltr'><strong>quidam</strong></span> <span class='ocrx_word' id='word_1_246' title='bbox 990 3573 1045 3627; x_wconf 91' lang='lat' dir='ltr'><strong>in</strong></span> <span class='ocrx_word' id='word_1_247' title='bbox 1098 3575 1333 3630; x_wconf 88' lang='lat' dir='ltr'><strong>insulam</strong></span> <span class='ocrx_word' id='word_1_248' title='bbox 1379 3577 1641 3633; x_wconf 82' lang='lat' dir='ltr'><strong>devectus</strong></span> <span class='ocrx_word' id='word_1_249' title='bbox 1685 3576 1807 3633; x_wconf 79' lang='lat' dir='ltr'><strong>iniit</strong></span> <span class='ocrx_word' id='word_1_250' title='bbox 1843 3579 1989 3633; x_wconf 86' lang='lat' dir='ltr'><strong>illis:</strong></span> <span class='ocrx_word' id='word_1_251' title='bbox 2037 3577 2303 3648; x_wconf 86' lang='lat' dir='ltr'><strong>Siquidem</strong></span> 
     </span>
    </p>
   </div>
   <div class='ocr_carea' id='block_1_38' title="bbox 728 3664 2305 3741">
    <p class='ocr_par' dir='ltr' id='par_1_38' title="bbox 728 3664 2305 3741">
     <span class='ocr_line' id='line_1_38' title="bbox 728 3664 2305 3741; baseline 0.003 -24"><span class='ocrx_word' id='word_1_252' title='bbox 728 3665 823 3717; x_wconf 79' lang='lat' dir='ltr'><strong>hoc</strong></span> <span class='ocrx_word' id='word_1_253' title='bbox 869 3664 1011 3719; x_wconf 76' lang='lat' dir='ltr'><strong>vobis</strong></span> <span class='ocrx_word' id='word_1_254' title='bbox 1065 3668 1405 3723; x_wconf 86' lang='lat' dir='ltr'><strong>constitutum</strong></span> <span class='ocrx_word' id='word_1_255' title='bbox 1455 3682 1551 3734; x_wconf 86' lang='lat' dir='ltr'><strong>est,</strong></span> <span class='ocrx_word' id='word_1_256' title='bbox 1592 3673 1770 3741; x_wconf 85' lang='lat' dir='ltr'><strong>sicque</strong></span> <span class='ocrx_word' id='word_1_257' title='bbox 1817 3674 2007 3726; x_wconf 83' lang='lat' dir='ltr'><strong>animis</strong></span> <span class='ocrx_word' id='word_1_258' title='bbox 2048 3672 2190 3724; x_wconf 83' lang='lat' dir='ltr'><strong>sedet</strong></span> <span class='ocrx_word' id='word_1_259' title='bbox 2249 3682 2305 3722; x_wconf 85' lang='lat' dir='ltr'><strong>ut</strong></span> 
     </span>
    </p>
   </div>
   <div class='ocr_carea' id='block_1_39' title="bbox 729 3753 2302 3834">
    <p class='ocr_par' dir='ltr' id='par_1_39' title="bbox 729 3753 2302 3834">
     <span class='ocr_line' id='line_1_39' title="bbox 729 3753 2302 3834; baseline 0.006 -27"><span class='ocrx_word' id='word_1_260' title='bbox 729 3753 879 3824; x_wconf 85' lang='lat' dir='ltr'><strong>plene</strong></span> <span class='ocrx_word' id='word_1_261' title='bbox 907 3756 1081 3811; x_wconf 86' lang='lat' dir='ltr'><strong>insula</strong></span> <span class='ocrx_word' id='word_1_262' title='bbox 1108 3760 1407 3827; x_wconf 86' lang='lat' dir='ltr'><strong>patiamini,</strong></span> <span class='ocrx_word' id='word_1_263' title='bbox 1437 3764 1563 3816; x_wconf 82' lang='lat' dir='ltr'><strong>mihi</strong></span> <span class='ocrx_word' id='word_1_264' title='bbox 1585 3780 1672 3817; x_wconf 81' lang='lat' dir='ltr'><strong>vos</strong></span> <span class='ocrx_word' id='word_1_265' title='bbox 1696 3765 2049 3834; x_wconf 81' lang='lat' dir='ltr'><strong>adjungimini</strong></span> <span class='ocrx_word' id='word_1_266' title='bbox 2072 3766 2302 3827; x_wconf 79' lang='lat' dir='ltr'><strong>comites,</strong></span> 
     </span>
    </p>
   </div>
   <div class='ocr_carea' id='block_1_40' title="bbox 729 3846 2304 3925">
    <p class='ocr_par' dir='ltr' id='par_1_40' title="bbox 729 3846 2304 3925">
     <span class='ocr_line' id='line_1_40' title="bbox 729 3846 2304 3925; baseline 0.006 -27"><span class='ocrx_word' id='word_1_267' title='bbox 729 3862 792 3899; x_wconf 86' lang='lat' dir='ltr'><strong>ac</strong></span> <span class='ocrx_word' id='word_1_268' title='bbox 843 3846 927 3899; x_wconf 86' lang='lat' dir='ltr'><strong>ubi</strong></span> <span class='ocrx_word' id='word_1_269' title='bbox 986 3847 1157 3902; x_wconf 83' lang='lat' dir='ltr'><strong>locum</strong></span> <span class='ocrx_word' id='word_1_270' title='bbox 1205 3854 1534 3907; x_wconf 71' lang='lat' dir='ltr'><strong>exstruendie</strong></span> <span class='ocrx_word' id='word_1_271' title='bbox 1576 3854 1737 3925; x_wconf 75' lang='lat'><strong>623</strong></span> <span class='ocrx_word' id='word_1_272' title='bbox 1786 3855 1931 3908; x_wconf 84' lang='lat' dir='ltr'><strong>urbis</strong></span> <span class='ocrx_word' id='word_1_273' title='bbox 1978 3856 2304 3909; x_wconf 83' lang='lat' dir='ltr'><strong>commodum</strong></span> 
     </span>
    </p>
   </div>
   <div class='ocr_carea' id='block_1_41' title="bbox 730 3939 2305 4017">
    <p class='ocr_par' dir='ltr' id='par_1_41' title="bbox 730 3939 2305 4017">
     <span class='ocr_line' id='line_1_41' title="bbox 730 3939 2305 4017; baseline 0.006 -27"><span class='ocrx_word' id='word_1_274' title='bbox 730 3945 1119 4001; x_wconf 79' lang='lat' dir='ltr'><strong>monstravero,</strong></span> <span class='ocrx_word' id='word_1_275' title='bbox 1168 3939 1239 3993; x_wconf 86' lang='lat' dir='ltr'><strong>ibi</strong></span> <span class='ocrx_word' id='word_1_276' title='bbox 1277 3941 1556 4010; x_wconf 72' lang='lat' dir='ltr'><strong>wdiﬁcate,</strong></span> <span class='ocrx_word' id='word_1_277' title='bbox 1594 3946 1732 3999; x_wconf 81' lang='lat' dir='ltr'><strong>unde</strong></span> <span class='ocrx_word' id='word_1_278' title='bbox 1773 3947 2052 4017; x_wconf 82' lang='lat' dir='ltr'><strong>imperium</strong></span> <span class='ocrx_word' id='word_1_279' title='bbox 2076 3958 2305 4001; x_wconf 84' lang='lat' dir='ltr'><strong>oestrum</strong></span> 
     </span>
    </p>
   </div>
   <div class='ocr_carea' id='block_1_42' title="bbox 732 4026 2305 4105">
    <p class='ocr_par' dir='ltr' id='par_1_42' title="bbox 732 4026 2305 4105">
     <span class='ocr_line' id='line_1_42' title="bbox 732 4026 2305 4105; baseline 0.008 -28"><span class='ocrx_word' id='word_1_280' title='bbox 732 4032 844 4078; x_wconf 77' lang='lat' dir='ltr'><strong>tota</strong></span> <span class='ocrx_word' id='word_1_281' title='bbox 892 4026 1000 4080; x_wconf 87' lang='lat' dir='ltr'><strong>late</strong></span> <span class='ocrx_word' id='word_1_282' title='bbox 1033 4030 1212 4082; x_wconf 88' lang='lat' dir='ltr'><strong>insula</strong></span> <span class='ocrx_word' id='word_1_283' title='bbox 1260 4032 1561 4100; x_wconf 73' lang='lat' dir='ltr'><strong>proferatis.</strong></span> <span class='ocrx_word' id='word_1_284' title='bbox 1607 4034 1769 4088; x_wconf 83' lang='lat' dir='ltr'><strong>Duxit</strong></span> <span class='ocrx_word' id='word_1_285' title='bbox 1796 4037 1982 4105; x_wconf 85' lang='lat' dir='ltr'><strong>itaque</strong></span> <span class='ocrx_word' id='word_1_286' title='bbox 2026 4037 2078 4090; x_wconf 92' lang='lat' dir='ltr'><strong>in</strong></span> <span class='ocrx_word' id='word_1_287' title='bbox 2124 4037 2305 4091; x_wconf 85' lang='lat' dir='ltr'><strong>locum</strong></span> 
     </span>
    </p>
   </div>
   <div class='ocr_carea' id='block_1_43' title="bbox 730 4116 2349 4191">
    <p class='ocr_par' dir='ltr' id='par_1_43' title="bbox 730 4116 2349 4191">
     <span class='ocr_line' id='line_1_43' title="bbox 730 4116 2349 4191; baseline 0.006 -19"><span class='ocrx_word' id='word_1_288' title='bbox 730 4116 994 4172; x_wconf 82' lang='lat' dir='ltr'><strong>Cbandax</strong></span> <span class='ocrx_word' id='word_1_289' title='bbox 1019 4122 1265 4186; x_wconf 87' lang='lat' dir='ltr'><strong>nomine,</strong></span> <span class='ocrx_word' id='word_1_290' title='bbox 1306 4124 1399 4176; x_wconf 85' lang='lat' dir='ltr'><strong>ubi</strong></span> <span class='ocrx_word' id='word_1_291' title='bbox 1432 4140 1623 4179; x_wconf 85' lang='lat' dir='ltr'><strong>corum</strong></span> <span class='ocrx_word' id='word_1_292' title='bbox 1656 4126 1759 4180; x_wconf 84' lang='lat' dir='ltr'><strong>sita</strong></span> <span class='ocrx_word' id='word_1_293' title='bbox 1789 4127 1984 4181; x_wconf 82' lang='lat' dir='ltr'><strong>civitas</strong></span> <span class='ocrx_word' id='word_1_294' title='bbox 2013 4142 2118 4191; x_wconf 82' lang='lat' dir='ltr'><strong>est,</strong></span> <span class='ocrx_word' id='word_1_295' title='bbox 2157 4143 2305 4181; x_wconf 83' lang='lat' dir='ltr'><strong>eam-</strong></span> <span class='ocrx_word' id='word_1_296' title='bbox 2339 4145 2349 4155; x_wconf 80' lang='grc'>·</span> 
     </span>
    </p>
   </div>
   <div class='ocr_carea' id='block_1_44' title="bbox 733 4208 2306 4284">
    <p class='ocr_par' dir='ltr' id='par_1_44' title="bbox 733 4208 2306 4284">
     <span class='ocr_line' id='line_1_44' title="bbox 733 4208 2306 4284; baseline 0.006 -25"><span class='ocrx_word' id='word_1_297' title='bbox 733 4221 841 4275; x_wconf 88' lang='lat' dir='ltr'><strong>que</strong></span> <span class='ocrx_word' id='word_1_298' title='bbox 870 4208 1015 4261; x_wconf 80' lang='lat' dir='ltr'><strong>vallo</strong></span> <span class='ocrx_word' id='word_1_299' title='bbox 1046 4210 1289 4280; x_wconf 79' lang='lat' dir='ltr'><strong>undique</strong></span> <span class='ocrx_word' id='word_1_300' title='bbox 1317 4212 1636 4267; x_wconf 87' lang='lat' dir='ltr'><strong>munierunt</strong></span> <span class='ocrx_word' id='word_1_301' title='bbox 1660 4230 1675 4279; x_wconf 89' lang='lat'><strong>;</strong></span> <span class='ocrx_word' id='word_1_302' title='bbox 1703 4214 1986 4283; x_wconf 85' lang='lat' dir='ltr'><strong>captisque</strong></span> <span class='ocrx_word' id='word_1_303' title='bbox 2011 4215 2306 4284; x_wconf 73' lang='lat' dir='ltr'><strong>nonaginta</strong></span> 
     </span>
    </p>
   </div>
   <div class='ocr_carea' id='block_1_45' title="bbox 733 4296 2309 4365">
    <p class='ocr_par' dir='ltr' id='par_1_45' title="bbox 733 4296 2309 4365">
     <span class='ocr_line' id='line_1_45' title="bbox 733 4296 2309 4365; baseline 0.002 -13"><span class='ocrx_word' id='word_1_304' title='bbox 733 4296 991 4362; x_wconf 83' lang='lat' dir='ltr'><strong>urbibus.</strong></span> <span class='ocrx_word' id='word_1_305' title='bbox 1052 4298 1108 4352; x_wconf 90' lang='lat' dir='ltr'><strong>in</strong></span> <span class='ocrx_word' id='word_1_306' title='bbox 1166 4302 1486 4356; x_wconf 84' lang='lat' dir='ltr'><strong>servitutem</strong></span> <span class='ocrx_word' id='word_1_307' title='bbox 1540 4317 1731 4356; x_wconf 86' lang='lat' dir='ltr'><strong>omnes</strong></span> <span class='ocrx_word' id='word_1_308' title='bbox 1789 4302 2136 4365; x_wconf 77' lang='lat' dir='ltr'><strong>addixerunt,</strong></span> <span class='ocrx_word' id='word_1_309' title='bbox 2202 4316 2309 4355; x_wconf 91' lang='lat' dir='ltr'><strong>una</strong></span> 
     </span>
    </p>
   </div>
   <div class='ocr_carea' id='block_1_46' title="bbox 734 4388 2310 4461">
    <p class='ocr_par' dir='ltr' id='par_1_46' title="bbox 734 4388 2310 4461">
     <span class='ocr_line' id='line_1_46' title="bbox 734 4388 2310 4461; baseline 0.005 -23"><span class='ocrx_word' id='word_1_310' title='bbox 734 4388 999 4439; x_wconf 80' lang='lat' dir='ltr'><strong>duntaxat</strong></span> <span class='ocrx_word' id='word_1_311' title='bbox 1028 4402 1136 4441; x_wconf 89' lang='lat' dir='ltr'><strong>non</strong></span> <span class='ocrx_word' id='word_1_312' title='bbox 1163 4399 1470 4458; x_wconf 71' lang='lat' dir='ltr'><strong>expugnata</strong></span> <span class='ocrx_word' id='word_1_313' title='bbox 1496 4400 1659 4459; x_wconf 87' lang='lat' dir='ltr'><strong>atque</strong></span> <span class='ocrx_word' id='word_1_314' title='bbox 1684 4390 1920 4461; x_wconf 91' lang='lat' dir='ltr'><strong>direpta,</strong></span> <span class='ocrx_word' id='word_1_315' title='bbox 1940 4406 2061 4460; x_wconf 66' lang='lat' dir='ltr'><strong>qua:</strong></span> <span class='ocrx_word' id='word_1_316' title='bbox 2086 4399 2310 4461; x_wconf 83' lang='lat' dir='ltr'><strong>accepta</strong></span> 
     </span>
    </p>
   </div>
   <div class='ocr_carea' id='block_1_47' title="bbox 2400 598 3974 671">
    <p class='ocr_par' dir='ltr' id='par_1_47' title="bbox 2400 598 3974 671">
     <span class='ocr_line' id='line_1_47' title="bbox 2400 598 3974 671; baseline 0.002 -20"><span class='ocrx_word' id='word_1_317' title='bbox 2400 602 2493 669; x_wconf 62' lang='grc' dir='ltr'><strong>ρον</strong></span> <span class='ocrx_word' id='word_1_318' title='bbox 2520 599 2706 651; x_wconf 76' lang='grc' dir='ltr'>τοῦτον</span> <span class='ocrx_word' id='word_1_319' title='bbox 2732 601 2967 669; x_wconf 73' lang='grc' dir='ltr'>ἀμογητὶ</span> <span class='ocrx_word' id='word_1_320' title='bbox 3017 598 3347 670; x_wconf 75' lang='grc' dir='ltr'>ἐχειρώσατο</span> <span class='ocrx_word' id='word_1_321' title='bbox 3371 613 3384 628; x_wconf 84' lang='lat'><strong><em>°</em></strong></span> <span class='ocrx_word' id='word_1_322' title='bbox 3443 601 3869 671; x_wconf 67' lang='grc' dir='ltr'><strong>ἀκρωτηριάσας</strong></span> <span class='ocrx_word' id='word_1_323' title='bbox 3916 620 3974 654; x_wconf 83' lang='grc' dir='ltr'><strong>τε</strong></span> 
     </span>
    </p>
   </div>
   <div class='ocr_carea' id='block_1_48' title="bbox 2396 687 3974 759">
    <p class='ocr_par' dir='ltr' id='par_1_48' title="bbox 2396 687 3974 759">
     <span class='ocr_line' id='line_1_48' title="bbox 2396 687 3974 759; baseline 0.002 -16"><span class='ocrx_word' id='word_1_324' title='bbox 2396 690 2557 743; x_wconf 71' lang='grc' dir='ltr'>αὐτὸν</span> <span class='ocrx_word' id='word_1_325' title='bbox 2590 693 2775 759; x_wconf 82' lang='grc' dir='ltr'>χεῖρας</span> <span class='ocrx_word' id='word_1_326' title='bbox 2832 693 2928 743; x_wconf 68' lang='grc' dir='ltr'><strong>καὶ</strong></span> <span class='ocrx_word' id='word_1_327' title='bbox 2981 691 3170 756; x_wconf 81' lang='grc' dir='ltr'>πόδας,</span> <span class='ocrx_word' id='word_1_328' title='bbox 3207 687 3324 743; x_wconf 74' lang='grc' dir='ltr'>εἶτα</span> <span class='ocrx_word' id='word_1_329' title='bbox 3379 691 3473 743; x_wconf 70' lang='grc' dir='ltr'>καὶ</span> <span class='ocrx_word' id='word_1_330' title='bbox 3509 692 3974 755; x_wconf 79' lang='grc' dir='ltr'>ἀνασκολοπίσας,</span> 
     </span>
    </p>
   </div>
   <div class='ocr_carea' id='block_1_49' title="bbox 2396 781 3977 852">
    <p class='ocr_par' dir='ltr' id='par_1_49' title="bbox 2396 781 3977 852">
     <span class='ocr_line' id='line_1_49' title="bbox 2396 781 3977 852; baseline -0.001 -17"><span class='ocrx_word' id='word_1_331' title='bbox 2396 781 2705 835; x_wconf 78' lang='grc' dir='ltr'>κατέπαυσε</span> <span class='ocrx_word' id='word_1_332' title='bbox 2737 782 2827 833; x_wconf 58' lang='grc' dir='ltr'>τιν</span> <span class='ocrx_word' id='word_1_333' title='bbox 2858 782 2913 833; x_wconf 83' lang='grc' dir='ltr'>ὲν</span> <span class='ocrx_word' id='word_1_334' title='bbox 2958 782 3106 852; x_wconf 73' lang='grc' dir='ltr'>τρισὶ</span> <span class='ocrx_word' id='word_1_335' title='bbox 3136 784 3345 852; x_wconf 76' lang='grc' dir='ltr'>χρόνοις</span> <span class='ocrx_word' id='word_1_336' title='bbox 3384 782 3647 851; x_wconf 74' lang='grc' dir='ltr'>ἐμφύλιον</span> <span class='ocrx_word' id='word_1_337' title='bbox 3678 785 3977 852; x_wconf 69' lang='grc' dir='ltr'>γενόμενοι</span> 
     </span>
    </p>
   </div>
   <div class='ocr_carea' id='block_1_50' title="bbox 2400 872 2658 939">
    <p class='ocr_par' dir='ltr' id='par_1_50' title="bbox 2400 872 2658 939">
     <span class='ocr_line' id='line_1_50' title="bbox 2400 872 2658 939; baseline 0.004 -15"><span class='ocrx_word' id='word_1_338' title='bbox 2400 872 2527 924; x_wconf 77' lang='grc' dir='ltr'>πὸλε</span> <span class='ocrx_word' id='word_1_339' title='bbox 2538 888 2636 939; x_wconf 81' lang='grc' dir='ltr'>μον</span> <span class='ocrx_word' id='word_1_340' title='bbox 2646 912 2658 925; x_wconf 92' lang='grc'><strong>.</strong></span> 
     </span>
    </p>
   </div>
   <div class='ocr_carea' id='block_1_51' title="bbox 2466 960 3970 1035">
    <p class='ocr_par' dir='ltr' id='par_1_51' title="bbox 2466 960 3970 1035">
     <span class='ocr_line' id='line_1_51' title="bbox 2466 960 3970 1035; baseline 0.002 -22"><span class='ocrx_word' id='word_1_341' title='bbox 2466 961 2532 1029; x_wconf 84' lang='grc' dir='ltr'><strong>γ’.</strong></span> <span class='ocrx_word' id='word_1_342' title='bbox 2560 962 2645 1015; x_wconf 83' lang='grc' dir='ltr'>Ἐν</span> <span class='ocrx_word' id='word_1_343' title='bbox 2667 960 2873 1024; x_wconf 76' lang='grc' dir='ltr'><strong>τούτοις</strong></span> <span class='ocrx_word' id='word_1_344' title='bbox 2906 960 2995 1013; x_wconf 80' lang='grc' dir='ltr'>τοῦ</span> <span class='ocrx_word' id='word_1_345' title='bbox 3026 961 3243 1031; x_wconf 73' lang='grc' dir='ltr'>Μιχαὴλ</span> <span class='ocrx_word' id='word_1_346' title='bbox 3262 962 3718 1033; x_wconf 78' lang='grc' dir='ltr'>ὲνασχολουμὲνου</span> <span class='ocrx_word' id='word_1_347' title='bbox 3747 966 3970 1035; x_wconf 80' lang='grc' dir='ltr'>Κρήτη,</span> 
     </span>
    </p>
   </div>
   <div class='ocr_carea' id='block_1_52' title="bbox 2398 1051 3972 1122">
    <p class='ocr_par' dir='ltr' id='par_1_52' title="bbox 2398 1051 3972 1122">
     <span class='ocr_line' id='line_1_52' title="bbox 2398 1051 3972 1122; baseline -0.001 -18"><span class='ocrx_word' id='word_1_348' title='bbox 2398 1056 2489 1105; x_wconf 70' lang='grc' dir='ltr'><strong>καὶ</strong></span> <span class='ocrx_word' id='word_1_349' title='bbox 2533 1051 2773 1117; x_wconf 82' lang='grc' dir='ltr'><strong>Σικελία,</strong></span> <span class='ocrx_word' id='word_1_350' title='bbox 2813 1053 2903 1104; x_wconf 78' lang='grc' dir='ltr'><strong>καὶ</strong></span> <span class='ocrx_word' id='word_1_351' title='bbox 2950 1054 3001 1103; x_wconf 89' lang='grc' dir='ltr'>αἱ</span> <span class='ocrx_word' id='word_1_352' title='bbox 3037 1052 3314 1114; x_wconf 79' lang='grc' dir='ltr'>Κυκλάδες</span> <span class='ocrx_word' id='word_1_353' title='bbox 3363 1056 3513 1122; x_wconf 79' lang='grc' dir='ltr'>νῆσοι</span> <span class='ocrx_word' id='word_1_354' title='bbox 3552 1052 3651 1121; x_wconf 79' lang='grc' dir='ltr'>τῆς</span> <span class='ocrx_word' id='word_1_355' title='bbox 3681 1052 3788 1104; x_wconf 84' lang='grc' dir='ltr'><strong>τῶν</strong></span> <span class='ocrx_word' id='word_1_356' title='bbox 3830 1052 3972 1104; x_wconf 84' lang='grc' dir='ltr'><strong>Ῥω-</strong></span> 
     </span>
    </p>
   </div>
   <div class='ocr_carea' id='block_1_53' title="bbox 2402 1139 3981 1212">
    <p class='ocr_par' dir='ltr' id='par_1_53' title="bbox 2402 1139 3981 1212">
     <span class='ocr_line' id='line_1_53' title="bbox 2402 1139 3981 1212; baseline 0.001 -19"><span class='ocrx_word' id='word_1_357' title='bbox 2402 1143 2572 1210; x_wconf 84' lang='grc' dir='ltr'>μαίων</span> <span class='ocrx_word' id='word_1_358' title='bbox 2603 1141 2778 1211; x_wconf 80' lang='grc' dir='ltr'>ἀρχῆς</span> <span class='ocrx_word' id='word_1_359' title='bbox 2804 1139 2861 1204; x_wconf 80' lang='grc' dir='ltr'>ἐξ</span> <span class='ocrx_word' id='word_1_360' title='bbox 2904 1140 3177 1209; x_wconf 71' lang='grc' dir='ltr'>Ἀφρικῶν</span> <span class='ocrx_word' id='word_1_361' title='bbox 3202 1157 3263 1192; x_wconf 87' lang='grc' dir='ltr'><strong>τε</strong></span> <span class='ocrx_word' id='word_1_362' title='bbox 3291 1142 3382 1193; x_wconf 74' lang='grc' dir='ltr'><strong>καὶ</strong></span> <span class='ocrx_word' id='word_1_363' title='bbox 3432 1140 3677 1211; x_wconf 74' lang='grc' dir='ltr'>Ἀράϐων</span> <span class='ocrx_word' id='word_1_364' title='bbox 3707 1140 3981 1212; x_wconf 82' lang='grc' dir='ltr'>περιῃρέ-</span> 
     </span>
    </p>
   </div>
   <div class='ocr_carea' id='block_1_54' title="bbox 2398 1232 3979 1304">
    <p class='ocr_par' dir='ltr' id='par_1_54' title="bbox 2398 1232 3979 1304">
     <span class='ocr_line' id='line_1_54' title="bbox 2398 1232 3979 1304; baseline 0 -19"><span class='ocrx_word' id='word_1_365' title='bbox 2398 1233 2589 1301; x_wconf 87' lang='grc' dir='ltr'>θησαν,</span> <span class='ocrx_word' id='word_1_366' title='bbox 2619 1232 2869 1294; x_wconf 74' lang='grc' dir='ltr'>λαϐόντος</span> <span class='ocrx_word' id='word_1_367' title='bbox 2900 1234 3218 1304; x_wconf 76' lang='grc' dir='ltr'>ἀρχὴν.ἆρτι</span> <span class='ocrx_word' id='word_1_368' title='bbox 3247 1232 3461 1304; x_wconf 82' lang='grc' dir='ltr'>πρῶτον</span> <span class='ocrx_word' id='word_1_369' title='bbox 3485 1233 3576 1285; x_wconf 82' lang='grc' dir='ltr'>διὰ</span> <span class='ocrx_word' id='word_1_370' title='bbox 3594 1234 3694 1295; x_wconf 78' lang='grc' dir='ltr'>τὰς</span> <span class='ocrx_word' id='word_1_371' title='bbox 3724 1233 3821 1285; x_wconf 78' lang='grc' dir='ltr'>τοῦ</span> <span class='ocrx_word' id='word_1_372' title='bbox 3845 1232 3979 1286; x_wconf 82' lang='grc' dir='ltr'>λαοῦ</span> 
     </span>
    </p>
   </div>
   <div class='ocr_carea' id='block_1_55' title="bbox 2396 1323 3979 1397">
    <p class='ocr_par' dir='ltr' id='par_1_55' title="bbox 2396 1323 3979 1397">
     <span class='ocr_line' id='line_1_55' title="bbox 2396 1323 3979 1397; baseline 0.001 -20"><span class='ocrx_word' id='word_1_373' title='bbox 2396 1324 2674 1394; x_wconf 78' lang='grc' dir='ltr'>ἁμαρτίας</span> <span class='ocrx_word' id='word_1_374' title='bbox 2707 1327 2801 1378; x_wconf 76' lang='grc' dir='ltr'>καὶ</span> <span class='ocrx_word' id='word_1_375' title='bbox 2831 1323 2926 1396; x_wconf 76' lang='grc' dir='ltr'>τὴν</span> <span class='ocrx_word' id='word_1_376' title='bbox 2958 1328 3063 1379; x_wconf 84' lang='grc' dir='ltr'>τῶν</span> <span class='ocrx_word' id='word_1_377' title='bbox 3092 1328 3437 1397; x_wconf 76' lang='grc' dir='ltr'><strong>κρατούντων</strong></span> <span class='ocrx_word' id='word_1_378' title='bbox 3475 1326 3813 1382; x_wconf 83' lang='grc' dir='ltr'>δυσσέὄειαν.</span> <span class='ocrx_word' id='word_1_379' title='bbox 3852 1326 3979 1378; x_wconf 81' lang='grc' dir='ltr'><strong>Τῶν</strong></span> 
     </span>
    </p>
   </div>
   <div class='ocr_carea' id='block_1_56' title="bbox 2396 1416 3979 1489">
    <p class='ocr_par' dir='ltr' id='par_1_56' title="bbox 2396 1416 3979 1489">
     <span class='ocr_line' id='line_1_56' title="bbox 2396 1416 3979 1489; baseline 0.027 -22"><span class='ocrx_word' id='word_1_380' title='bbox 2396 1416 2819 1487; x_wconf 80' lang='grc' dir='ltr'>ὃὲ’πραγμάτων</span> <span class='ocrx_word' id='word_1_381' title='bbox 2848 1419 3020 1482; x_wconf 73' lang='grc' dir='ltr'>οὕτως</span> <span class='ocrx_word' id='word_1_382' title='bbox 3057 1420 3289 1489; x_wconf 77' lang='grc' dir='ltr'>ἐχόντων</span> <span class='ocrx_word' id='word_1_383' title='bbox 3345 1418 3734 1489; x_wconf 65' lang='grc' dir='ltr'><strong>προσκαλεῖται</strong></span> <span class='ocrx_word' id='word_1_384' title='bbox 3755 1419 3785 1471; x_wconf 67' lang='grc' dir='ltr'>ὁ</span> <span class='ocrx_word' id='word_1_385' title='bbox 3819 1419 3979 1488; x_wconf 50' lang='lat' dir='ltr'><strong>pum-</strong></span> 
     </span>
    </p>
   </div>
   <div class='ocr_carea' id='block_1_57' title="bbox 2396 1508 3977 1583">
    <p class='ocr_par' dir='ltr' id='par_1_57' title="bbox 2396 1508 3977 1583">
     <span class='ocr_line' id='line_1_57' title="bbox 2396 1508 3977 1583; baseline 0.001 -24"><span class='ocrx_word' id='word_1_386' title='bbox 2396 1508 2518 1572; x_wconf 74' lang='grc' dir='ltr'>λείις</span> <span class='ocrx_word' id='word_1_387' title='bbox 2540 1510 2829 1580; x_wconf 80' lang='grc' dir='ltr'>Εἰρηναῖον</span> <span class='ocrx_word' id='word_1_388' title='bbox 2852 1511 2943 1563; x_wconf 79' lang='grc' dir='ltr'><strong>τὸν</strong></span> <span class='ocrx_word' id='word_1_389' title='bbox 2980 1513 3305 1583; x_wconf 76' lang='grc' dir='ltr'>μάγιστρον,</span> <span class='ocrx_word' id='word_1_390' title='bbox 3332 1513 3424 1564; x_wconf 80' lang='grc' dir='ltr'><strong>καί</strong></span> <span class='ocrx_word' id='word_1_391' title='bbox 3459 1528 3589 1582; x_wconf 76' lang='grc' dir='ltr'>φησι</span> <span class='ocrx_word' id='word_1_392' title='bbox 3618 1511 3751 1581; x_wconf 78' lang='grc' dir='ltr'>πρὸς</span> <span class='ocrx_word' id='word_1_393' title='bbox 3777 1511 3943 1563; x_wconf 80' lang='grc' dir='ltr'>αὐτόν</span> <span class='ocrx_word' id='word_1_394' title='bbox 3966 1527 3977 1539; x_wconf 89' lang='grc'><strong>·</strong></span> 
     </span>
    </p>
   </div>
   <div class='ocr_carea' id='block_1_58' title="bbox 2399 1603 3983 1673">
    <p class='ocr_par' dir='ltr' id='par_1_58' title="bbox 2399 1603 3983 1673">
     <span class='ocr_line' id='line_1_58' title="bbox 2399 1603 3983 1673; baseline 0.002 -20"><span class='ocrx_word' id='word_1_395' title='bbox 2399 1604 2706 1669; x_wconf 62' lang='grc' dir='ltr'>Συγχαρω</span> <span class='ocrx_word' id='word_1_396' title='bbox 2758 1619 2876 1663; x_wconf 81' lang='grc' dir='ltr'>σοι,</span> <span class='ocrx_word' id='word_1_397' title='bbox 2922 1604 3234 1672; x_wconf 78' lang='grc' dir='ltr'>μάγιστρε.</span> <span class='ocrx_word' id='word_1_398' title='bbox 3269 1603 3356 1656; x_wconf 82' lang='grc' dir='ltr'>ὅτι</span> <span class='ocrx_word' id='word_1_399' title='bbox 3394 1603 3433 1669; x_wconf 73' lang='grc' dir='ltr'>ἡ</span> <span class='ocrx_word' id='word_1_400' title='bbox 3470 1606 3711 1657; x_wconf 76' lang='grc' dir='ltr'><strong>Σικελία</strong></span> <span class='ocrx_word' id='word_1_401' title='bbox 3759 1603 3983 1673; x_wconf 70' lang='grc' dir='ltr'><strong>ἐμούλ-</strong></span> 
     </span>
    </p>
   </div>
   <div class='ocr_carea' id='block_1_59' title="bbox 2397 1692 3975 1764">
    <p class='ocr_par' dir='ltr' id='par_1_59' title="bbox 2397 1692 3975 1764">
     <span class='ocr_line' id='line_1_59' title="bbox 2397 1692 3975 1764; baseline 0.003 -21"><span class='ocrx_word' id='word_1_402' title='bbox 2397 1708 2634 1747; x_wconf 84' lang='grc' dir='ltr'>τευσεν.</span> <span class='ocrx_word' id='word_1_403' title='bbox 2688 1692 2744 1745; x_wconf 83' lang='grc'><strong>’0</strong></span> <span class='ocrx_word' id='word_1_404' title='bbox 2782 1694 2836 1744; x_wconf 79' lang='grc' dir='ltr'>δὲ</span> <span class='ocrx_word' id='word_1_405' title='bbox 2871 1693 2973 1762; x_wconf 78' lang='grc' dir='ltr'><strong>ἔφη</strong></span> <span class='ocrx_word' id='word_1_406' title='bbox 2997 1709 3009 1722; x_wconf 87' lang='grc'>·</span> <span class='ocrx_word' id='word_1_407' title='bbox 3041 1695 3218 1748; x_wconf 80' lang='grc' dir='ltr'>Τοῦτο</span> <span class='ocrx_word' id='word_1_408' title='bbox 3253 1696 3434 1759; x_wconf 75' lang='grc' dir='ltr'>ξένον</span> <span class='ocrx_word' id='word_1_409' title='bbox 3461 1693 3651 1764; x_wconf 80' lang='grc' dir='ltr'>χαρᾶς</span> <span class='ocrx_word' id='word_1_410' title='bbox 3689 1695 3843 1759; x_wconf 81' lang='grc' dir='ltr'>ἐστι,</span> <span class='ocrx_word' id='word_1_411' title='bbox 3876 1693 3975 1748; x_wconf 79' lang='grc' dir='ltr'><strong>δέο</strong></span> 
     </span>
    </p>
   </div>
   <div class='ocr_carea' id='block_1_60' title="bbox 2398 1784 3978 1856">
    <p class='ocr_par' dir='ltr' id='par_1_60' title="bbox 2398 1784 3978 1856">
     <span class='ocr_line' id='line_1_60' title="bbox 2398 1784 3978 1856; baseline 0.002 -21"><span class='ocrx_word' id='word_1_412' title='bbox 2398 1800 2612 1837; x_wconf 59' lang='lat' dir='ltr'><strong>aucta.</strong></span> <span class='ocrx_word' id='word_1_413' title='bbox 2636 1786 2748 1837; x_wconf 79' lang='lat' dir='ltr'><strong>Kal</strong></span> <span class='ocrx_word' id='word_1_414' title='bbox 2785 1790 3043 1856; x_wconf 72' lang='grc' dir='ltr'><strong>στραφεὶς</strong></span> <span class='ocrx_word' id='word_1_415' title='bbox 3070 1787 3204 1856; x_wconf 74' lang='grc' dir='ltr'>πρός</span> <span class='ocrx_word' id='word_1_416' title='bbox 3230 1805 3350 1840; x_wconf 90' lang='grc' dir='ltr'>τινα</span> <span class='ocrx_word' id='word_1_417' title='bbox 3398 1788 3503 1839; x_wconf 83' lang='grc' dir='ltr'><strong>τῶν</strong></span> <span class='ocrx_word' id='word_1_418' title='bbox 3541 1784 3799 1855; x_wconf 72' lang='grc' dir='ltr'>μεγάλων</span> <span class='ocrx_word' id='word_1_419' title='bbox 3834 1786 3942 1855; x_wconf 66' lang='grc' dir='ltr'><strong>ἔφη</strong></span> <span class='ocrx_word' id='word_1_420' title='bbox 3967 1802 3978 1814; x_wconf 95' lang='grc'><strong>·</strong></span> 
     </span>
    </p>
   </div>
   <div class='ocr_carea' id='block_1_61' title="bbox 2553 1875 3667 1946">
    <p class='ocr_par' dir='ltr' id='par_1_61' title="bbox 2553 1875 3667 1946">
     <span class='ocr_line' id='line_1_61' title="bbox 2553 1875 3667 1946; baseline 0.002 -17"><span class='ocrx_word' id='word_1_421' title='bbox 2553 1877 2734 1942; x_wconf 78' lang='grc' dir='ltr'>Ἀρχὴ</span> <span class='ocrx_word' id='word_1_422' title='bbox 2759 1876 2959 1930; x_wconf 76' lang='grc' dir='ltr'>κακῶν</span> <span class='ocrx_word' id='word_1_423' title='bbox 2985 1895 3052 1945; x_wconf 73' lang='grc' dir='ltr'>γε</span> <span class='ocrx_word' id='word_1_424' title='bbox 3082 1878 3347 1931; x_wconf 84' lang='grc' dir='ltr'><strong>πεσεῖται</strong></span> <span class='ocrx_word' id='word_1_425' title='bbox 3380 1875 3458 1944; x_wconf 76' lang='grc' dir='ltr'>τῇ</span> <span class='ocrx_word' id='word_1_426' title='bbox 3476 1878 3667 1946; x_wconf 73' lang='grc' dir='ltr'>χθονὶ,</span> 
     </span>
    </p>
   </div>
   <div class='ocr_carea' id='block_1_62' title="bbox 2538 1945 3810 2016">
    <p class='ocr_par' dir='ltr' id='par_1_62' title="bbox 2538 1945 3810 2016">
     <span class='ocr_line' id='line_1_62' title="bbox 2538 1945 3810 2016; baseline 0.001 -18"><span class='ocrx_word' id='word_1_427' title='bbox 2538 1946 2722 1999; x_wconf 76' lang='grc' dir='ltr'>’Ὅταν</span> <span class='ocrx_word' id='word_1_428' title='bbox 2752 1946 3018 2013; x_wconf 75' lang='grc' dir='ltr'>κατάρξῃ</span> <span class='ocrx_word' id='word_1_429' title='bbox 3050 1947 3157 2013; x_wconf 84' lang='grc' dir='ltr'><strong>τῆς</strong></span> <span class='ocrx_word' id='word_1_430' title='bbox 3189 1945 3543 2013; x_wconf 76' lang='grc' dir='ltr'>Βαϐυλῶνος</span> <span class='ocrx_word' id='word_1_431' title='bbox 3570 1945 3810 2016; x_wconf 78' lang='grc' dir='ltr'>δράκων</span> 
     </span>
    </p>
   </div>
   <div class='ocr_carea' id='block_1_63' title="bbox 2536 2017 3885 2087">
    <p class='ocr_par' dir='ltr' id='par_1_63' title="bbox 2536 2017 3885 2087">
     <span class='ocr_line' id='line_1_63' title="bbox 2536 2017 3885 2087; baseline -0.001 -19"><span class='ocrx_word' id='word_1_432' title='bbox 2536 2019 2945 2083; x_wconf 67' lang='grc' dir='ltr'>Δύσγιιωσσος</span> <span class='ocrx_word' id='word_1_433' title='bbox 2979 2017 3169 2085; x_wconf 76' lang='grc' dir='ltr'>ἄρδην</span> <span class='ocrx_word' id='word_1_434' title='bbox 3190 2020 3285 2071; x_wconf 74' lang='grc' dir='ltr'>καὶ</span> <span class='ocrx_word' id='word_1_435' title='bbox 3314 2018 3690 2087; x_wconf 70' lang='grc' dir='ltr'><strong>φιλόχρυσος</strong></span> <span class='ocrx_word' id='word_1_436' title='bbox 3718 2017 3885 2071; x_wconf 76' lang='grc' dir='ltr'>λίαν.</span> 
     </span>
    </p>
   </div>
   <div class='ocr_carea' id='block_1_64' title="bbox 2465 2103 3984 2180">
    <p class='ocr_par' dir='ltr' id='par_1_64' title="bbox 2465 2103 3984 2180">
     <span class='ocr_line' id='line_1_64' title="bbox 2465 2103 3984 2180; baseline -0.003 -21"><span class='ocrx_word' id='word_1_437' title='bbox 2465 2107 2527 2159; x_wconf 85' lang='grc' dir='ltr'><strong>δ’.</strong></span> <span class='ocrx_word' id='word_1_438' title='bbox 2566 2109 2630 2159; x_wconf 92' lang='lat' dir='ltr'><strong>&#39;O</strong></span> <span class='ocrx_word' id='word_1_439' title='bbox 2662 2108 2769 2178; x_wconf 82' lang='grc' dir='ltr'><strong>γὰρ</strong></span> <span class='ocrx_word' id='word_1_440' title='bbox 2801 2108 2909 2161; x_wconf 84' lang='grc' dir='ltr'><strong>τῶν</strong></span> <span class='ocrx_word' id='word_1_441' title='bbox 2952 2108 3266 2178; x_wconf 70' lang='grc' dir='ltr'>’Δγαρηνῶν</span> <span class='ocrx_word' id='word_1_442' title='bbox 3324 2109 3569 2180; x_wconf 75' lang='grc' dir='ltr'>ἀρχηγὸς</span> <span class='ocrx_word' id='word_1_443' title='bbox 3616 2106 3855 2174; x_wconf 82' lang='grc' dir='ltr'>Ἀπὸχατ</span> <span class='ocrx_word' id='word_1_444' title='bbox 3903 2103 3984 2171; x_wconf 78' lang='grc' dir='ltr'><strong>τῷ</strong></span> 
     </span>
    </p>
   </div>
   <div class='ocr_carea' id='block_1_65' title="bbox 2396 2196 3978 2271">
    <p class='ocr_par' dir='ltr' id='par_1_65' title="bbox 2396 2196 3978 2271">
     <span class='ocr_line' id='line_1_65' title="bbox 2396 2196 3978 2271; baseline -0.002 -21"><span class='ocrx_word' id='word_1_445' title='bbox 2396 2198 2493 2268; x_wconf 84' lang='grc' dir='ltr'><strong>τῆς</strong></span> <span class='ocrx_word' id='word_1_446' title='bbox 2520 2199 2741 2270; x_wconf 80' lang='grc' dir='ltr'><strong>Κρήτης</strong></span> <span class='ocrx_word' id='word_1_447' title='bbox 2764 2199 3092 2271; x_wconf 82' lang='grc' dir='ltr'>ἀκρωτηρίῳ</span> <span class='ocrx_word' id='word_1_448' title='bbox 3120 2199 3424 2268; x_wconf 75' lang='grc' dir='ltr'>προσέϐαλε</span> <span class='ocrx_word' id='word_1_449' title='bbox 3454 2200 3548 2253; x_wconf 78' lang='grc' dir='ltr'>καὶ</span> <span class='ocrx_word' id='word_1_450' title='bbox 3576 2196 3978 2269; x_wconf 82' lang='grc' dir='ltr'>προσωρμίσθη</span> 
     </span>
    </p>
   </div>
   <div class='ocr_carea' id='block_1_66' title="bbox 2396 2290 3976 2362">
    <p class='ocr_par' dir='ltr' id='par_1_66' title="bbox 2396 2290 3976 2362">
     <span class='ocr_line' id='line_1_66' title="bbox 2396 2290 3976 2362; baseline -0.002 -19"><span class='ocrx_word' id='word_1_451' title='bbox 2396 2292 2473 2360; x_wconf 81' lang='grc' dir='ltr'>τῷ</span> <span class='ocrx_word' id='word_1_452' title='bbox 2506 2291 2746 2362; x_wconf 80' lang='grc' dir='ltr'>Χάρακι,</span> <span class='ocrx_word' id='word_1_453' title='bbox 2774 2292 2963 2362; x_wconf 83' lang='grc' dir='ltr'>ὁρίσας</span> <span class='ocrx_word' id='word_1_454' title='bbox 3012 2295 3103 2345; x_wconf 73' lang='grc' dir='ltr'>τὸν</span> <span class='ocrx_word' id='word_1_455' title='bbox 3136 2293 3226 2345; x_wconf 82' lang='grc' dir='ltr'>ὑπ’</span> <span class='ocrx_word' id='word_1_456' title='bbox 3266 2293 3428 2345; x_wconf 77' lang='grc' dir='ltr'>αὑτὸν</span> <span class='ocrx_word' id='word_1_457' title='bbox 3474 2290 3603 2344; x_wconf 79' lang='grc' dir='ltr'>λαὸν</span> <span class='ocrx_word' id='word_1_458' title='bbox 3649 2290 3976 2343; x_wconf 80' lang='grc' dir='ltr'>καταλιπεῖν</span> 
     </span>
    </p>
   </div>
   <div class='ocr_carea' id='block_1_67' title="bbox 2398 2381 3978 2455">
    <p class='ocr_par' dir='ltr' id='par_1_67' title="bbox 2398 2381 3978 2455">
     <span class='ocr_line' id='line_1_67' title="bbox 2398 2381 3978 2455; baseline -0.002 -19"><span class='ocrx_word' id='word_1_459' title='bbox 2398 2382 2496 2447; x_wconf 76' lang='grc' dir='ltr'><strong>τὰς</strong></span> <span class='ocrx_word' id='word_1_460' title='bbox 2526 2383 2656 2446; x_wconf 82' lang='grc' dir='ltr'>ναῦς</span> <span class='ocrx_word' id='word_1_461' title='bbox 2688 2385 2867 2438; x_wconf 78' lang='grc' dir='ltr'>αὐτῶν</span> <span class='ocrx_word' id='word_1_462' title='bbox 2920 2385 3013 2437; x_wconf 87' lang='grc' dir='ltr'><strong>καί</strong></span> <span class='ocrx_word' id='word_1_463' title='bbox 3059 2385 3157 2455; x_wconf 78' lang='grc' dir='ltr'><strong>τὴν</strong></span> <span class='ocrx_word' id='word_1_464' title='bbox 3192 2383 3374 2455; x_wconf 78' lang='grc' dir='ltr'>χώραν</span> <span class='ocrx_word' id='word_1_465' title='bbox 3429 2383 3734 2453; x_wconf 75' lang='grc' dir='ltr'>ληῖζεσθαι.</span> <span class='ocrx_word' id='word_1_466' title='bbox 3770 2381 3877 2435; x_wconf 72' lang='grc' dir='ltr'><strong>Τοῦ</strong></span> <span class='ocrx_word' id='word_1_467' title='bbox 3920 2382 3978 2433; x_wconf 77' lang='grc' dir='ltr'><strong>δὲ</strong></span> 
     </span>
    </p>
   </div>
   <div class='ocr_carea' id='block_1_68' title="bbox 2401 2476 3983 2547">
    <p class='ocr_par' dir='ltr' id='par_1_68' title="bbox 2401 2476 3983 2547">
     <span class='ocr_line' id='line_1_68' title="bbox 2401 2476 3983 2547; baseline -0.001 -20"><span class='ocrx_word' id='word_1_468' title='bbox 2401 2476 2630 2546; x_wconf 80' lang='grc' dir='ltr'>στρατοῦ</span> <span class='ocrx_word' id='word_1_469' title='bbox 2672 2478 2804 2546; x_wconf 85' lang='grc' dir='ltr'>πρὸς</span> <span class='ocrx_word' id='word_1_470' title='bbox 2828 2477 2924 2547; x_wconf 80' lang='grc' dir='ltr'><strong>τὴν</strong></span> <span class='ocrx_word' id='word_1_471' title='bbox 2954 2478 3216 2547; x_wconf 81' lang='grc' dir='ltr'>τοιαύτην</span> <span class='ocrx_word' id='word_1_472' title='bbox 3244 2478 3558 2546; x_wconf 77' lang='grc' dir='ltr'><strong>ἐγχείρησιν</strong></span> <span class='ocrx_word' id='word_1_473' title='bbox 3606 2478 3983 2544; x_wconf 68' lang='grc' dir='ltr'>ἀποκινήσαν-</span> 
     </span>
    </p>
   </div>
   <div class='ocr_carea' id='block_1_69' title="bbox 2399 2569 3987 2640">
    <p class='ocr_par' dir='ltr' id='par_1_69' title="bbox 2399 2569 3987 2640">
     <span class='ocr_line' id='line_1_69' title="bbox 2399 2569 3987 2640; baseline 0 -19"><span class='ocrx_word' id='word_1_474' title='bbox 2399 2586 2489 2631; x_wconf 86' lang='grc' dir='ltr'><strong>τος</strong></span> <span class='ocrx_word' id='word_1_475' title='bbox 2516 2569 2826 2639; x_wconf 78' lang='grc' dir='ltr'>προστάξας</span> <span class='ocrx_word' id='word_1_476' title='bbox 2852 2569 2947 2633; x_wconf 79' lang='grc' dir='ltr'>τὰς</span> <span class='ocrx_word' id='word_1_477' title='bbox 2980 2569 3108 2632; x_wconf 78' lang='grc' dir='ltr'>ναῦς</span> <span class='ocrx_word' id='word_1_478' title='bbox 3150 2570 3329 2622; x_wconf 81' lang='grc' dir='ltr'>αὐτῶν</span> <span class='ocrx_word' id='word_1_479' title='bbox 3358 2569 3758 2640; x_wconf 67' lang='grc' dir='ltr'>ἐπυρπόλησεν.</span> <span class='ocrx_word' id='word_1_480' title='bbox 3796 2569 3987 2621; x_wconf 84' lang='grc' dir='ltr'>Κατα-</span> 
     </span>
    </p>
   </div>
   <div class='ocr_carea' id='block_1_70' title="bbox 2400 2660 3987 2731">
    <p class='ocr_par' dir='ltr' id='par_1_70' title="bbox 2400 2660 3987 2731">
     <span class='ocr_line' id='line_1_70' title="bbox 2400 2660 3987 2731; baseline -0.001 -19"><span class='ocrx_word' id='word_1_481' title='bbox 2400 2661 2778 2729; x_wconf 72' lang='grc' dir='ltr'>γογγυζόντων</span> <span class='ocrx_word' id='word_1_482' title='bbox 2822 2660 2878 2712; x_wconf 83' lang='grc' dir='ltr'>δὲ</span> <span class='ocrx_word' id='word_1_483' title='bbox 2913 2662 3094 2715; x_wconf 79' lang='grc' dir='ltr'>αὐτῶν</span> <span class='ocrx_word' id='word_1_484' title='bbox 3151 2662 3279 2731; x_wconf 72' lang='grc' dir='ltr'>περὶ</span> <span class='ocrx_word' id='word_1_485' title='bbox 3334 2661 3527 2713; x_wconf 83' lang='grc' dir='ltr'>τούτου</span> <span class='ocrx_word' id='word_1_486' title='bbox 3562 2661 3666 2729; x_wconf 70' lang='grc' dir='ltr'><strong>ἔφη</strong></span> <span class='ocrx_word' id='word_1_487' title='bbox 3704 2660 3841 2729; x_wconf 80' lang='grc' dir='ltr'>πρὸς</span> <span class='ocrx_word' id='word_1_488' title='bbox 3884 2660 3987 2712; x_wconf 61' lang='lat' dir='ltr'><strong>ait-</strong></span> 
     </span>
    </p>
   </div>
   <div class='ocr_carea' id='block_1_71' title="bbox 2401 2745 3982 2819">
    <p class='ocr_par' dir='ltr' id='par_1_71' title="bbox 2401 2745 3982 2819">
     <span class='ocr_line' id='line_1_71' title="bbox 2401 2745 3982 2819; baseline 0.004 -20"><span class='ocrx_word' id='word_1_489' title='bbox 2401 2750 2548 2812; x_wconf 66' lang='grc' dir='ltr'>τοὺς,</span> <span class='ocrx_word' id='word_1_490' title='bbox 2580 2750 2661 2802; x_wconf 81' lang='grc' dir='ltr'>ὅτι</span> <span class='ocrx_word' id='word_1_491' title='bbox 2698 2749 2776 2817; x_wconf 73' lang='grc' dir='ltr'><strong>Τῇ</strong></span> <span class='ocrx_word' id='word_1_492' title='bbox 2806 2752 3127 2819; x_wconf 79' lang='grc' dir='ltr'>προτεραίᾳ</span> <span class='ocrx_word' id='word_1_493' title='bbox 3154 2749 3606 2819; x_wconf 74' lang='grc' dir='ltr'>κατετογγῦζετέ</span> <span class='ocrx_word' id='word_1_494' title='bbox 3630 2767 3771 2818; x_wconf 77' lang='grc' dir='ltr'>μου,</span> <span class='ocrx_word' id='word_1_495' title='bbox 3793 2745 3840 2805; x_wconf 79' lang='grc' dir='ltr'><strong><em>ὦ</em></strong></span> <span class='ocrx_word' id='word_1_496' title='bbox 3868 2751 3982 2804; x_wconf 75' lang='grc' dir='ltr'><strong>ἆν-</strong></span> 
     </span>
    </p>
   </div>
   <div class='ocr_carea' id='block_1_72' title="bbox 2403 2837 3990 2910">
    <p class='ocr_par' dir='ltr' id='par_1_72' title="bbox 2403 2837 3990 2910">
     <span class='ocr_line' id='line_1_72' title="bbox 2403 2837 3990 2910; baseline 0.001 -18"><span class='ocrx_word' id='word_1_497' title='bbox 2403 2839 2559 2907; x_wconf 49' lang='lat' dir='ltr'><strong>ep“,</strong></span> <span class='ocrx_word' id='word_1_498' title='bbox 2609 2837 2923 2908; x_wconf 77' lang='grc' dir='ltr'>ζητοῦντες</span> <span class='ocrx_word' id='word_1_499' title='bbox 2967 2842 3166 2910; x_wconf 83' lang='grc' dir='ltr'>χώραν</span> <span class='ocrx_word' id='word_1_500' title='bbox 3200 2844 3289 2907; x_wconf 79' lang='grc' dir='ltr'>είς</span> <span class='ocrx_word' id='word_1_501' title='bbox 3336 2842 3667 2905; x_wconf 78' lang='grc' dir='ltr'>κατοικίαν,</span> <span class='ocrx_word' id='word_1_502' title='bbox 3731 2839 3829 2894; x_wconf 75' lang='grc' dir='ltr'><strong>καὶ</strong></span> <span class='ocrx_word' id='word_1_503' title='bbox 3887 2838 3990 2894; x_wconf 79' lang='grc' dir='ltr'>διὰ</span> 
     </span>
    </p>
   </div>
   <div class='ocr_carea' id='block_1_73' title="bbox 2404 2930 3990 3001">
    <p class='ocr_par' dir='ltr' id='par_1_73' title="bbox 2404 2930 3990 3001">
     <span class='ocr_line' id='line_1_73' title="bbox 2404 2930 3990 3001; baseline 0.001 -18"><span class='ocrx_word' id='word_1_504' title='bbox 2404 2932 2579 2984; x_wconf 83' lang='grc' dir='ltr'>τοῦτο</span> <span class='ocrx_word' id='word_1_505' title='bbox 2608 2933 2835 3001; x_wconf 74' lang='grc' dir='ltr'>ἤγαγον</span> <span class='ocrx_word' id='word_1_506' title='bbox 2864 2933 3020 3000; x_wconf 80' lang='grc' dir='ltr'><em>ὑμᾶς</em></span> <span class='ocrx_word' id='word_1_507' title='bbox 3050 2931 3351 2996; x_wconf 77' lang='grc' dir='ltr'><strong>ἐνταυθοῖ,</strong></span> <span class='ocrx_word' id='word_1_508' title='bbox 3378 2933 3449 2985; x_wconf 81' lang='grc' dir='ltr'>ἐν</span> <span class='ocrx_word' id='word_1_509' title='bbox 3486 2930 3532 2995; x_wconf 87' lang='grc' dir='ltr'><strong>ᾧ</strong></span> <span class='ocrx_word' id='word_1_510' title='bbox 3552 2932 3852 3000; x_wconf 75' lang='grc' dir='ltr'>γάλακτος</span> <span class='ocrx_word' id='word_1_511' title='bbox 3886 2930 3990 2984; x_wconf 77' lang='grc' dir='ltr'>και</span> 
     </span>
    </p>
   </div>
   <div class='ocr_carea' id='block_1_74' title="bbox 2401 3022 3988 3093">
    <p class='ocr_par' dir='ltr' id='par_1_74' title="bbox 2401 3022 3988 3093">
     <span class='ocr_line' id='line_1_74' title="bbox 2401 3022 3988 3093; baseline -0.001 -18"><span class='ocrx_word' id='word_1_512' title='bbox 2401 3024 2643 3091; x_wconf 70' lang='grc' dir='ltr'>μέλιτος</span> <span class='ocrx_word' id='word_1_513' title='bbox 2665 3024 2833 3077; x_wconf 78' lang='grc' dir='ltr'>ἔστιν</span> <span class='ocrx_word' id='word_1_514' title='bbox 2863 3023 3158 3091; x_wconf 59' lang='grc' dir='ltr'><strong>ἀπορρώξ.</strong></span> <span class='ocrx_word' id='word_1_515' title='bbox 3199 3024 3261 3076; x_wconf 82' lang='grc' dir='ltr'><strong>Οἱ</strong></span> <span class='ocrx_word' id='word_1_516' title='bbox 3291 3023 3347 3076; x_wconf 83' lang='grc' dir='ltr'>δὲ</span> <span class='ocrx_word' id='word_1_517' title='bbox 3377 3024 3631 3077; x_wconf 81' lang='grc' dir='ltr'>ἀντεῖπον</span> <span class='ocrx_word' id='word_1_518' title='bbox 3663 3023 3842 3093; x_wconf 81' lang='grc' dir='ltr'>αὐτῷ·</span> <span class='ocrx_word' id='word_1_519' title='bbox 3876 3022 3988 3077; x_wconf 81' lang='lat' dir='ltr'><strong>Kal</strong></span> 
     </span>
    </p>
   </div>
   <div class='ocr_carea' id='block_1_75' title="bbox 2407 3113 3991 3184">
    <p class='ocr_par' dir='ltr' id='par_1_75' title="bbox 2407 3113 3991 3184">
     <span class='ocr_line' id='line_1_75' title="bbox 2407 3113 3991 3184; baseline 0.003 -19"><span class='ocrx_word' id='word_1_520' title='bbox 2407 3115 2525 3167; x_wconf 76' lang='grc' dir='ltr'><strong>ποῦ</strong></span> <span class='ocrx_word' id='word_1_521' title='bbox 2565 3114 2632 3167; x_wconf 79' lang='grc' dir='ltr'>τὰ</span> <span class='ocrx_word' id='word_1_522' title='bbox 2663 3114 2843 3169; x_wconf 78' lang='grc' dir='ltr'>τέκνα</span> <span class='ocrx_word' id='word_1_523' title='bbox 2895 3117 3129 3181; x_wconf 78' lang='grc' dir='ltr'>καὶτὰς</span> <span class='ocrx_word' id='word_1_524' title='bbox 3184 3114 3472 3183; x_wconf 72' lang='grc' dir='ltr'>γυναῖκας</span> <span class='ocrx_word' id='word_1_525' title='bbox 3519 3113 3687 3181; x_wconf 81' lang='grc' dir='ltr'><strong>ἡμῶν</strong></span> <span class='ocrx_word' id='word_1_526' title='bbox 3730 3114 3991 3184; x_wconf 76' lang='grc' dir='ltr'>εὑρήσο-</span> 
     </span>
    </p>
   </div>
   <div class='ocr_carea' id='block_1_76' title="bbox 2078 3192 2304 3278">
    <p class='ocr_par' dir='ltr' id='par_1_76' title="bbox 2078 3214 2302 3269">
     <span class='ocr_line' id='line_1_76' title="bbox 2078 3214 2302 3269; baseline -0.018 0"><span class='ocrx_word' id='word_1_527' title='bbox 2078 3214 2302 3269; x_wconf 85' lang='lat' dir='ltr'><strong>crebro-</strong></span> 
     </span>
    </p>
   </div>
   <div class='ocr_carea' id='block_1_77' title="bbox 2406 3192 3991 3278">
    <p class='ocr_par' dir='ltr' id='par_1_77' title="bbox 2406 3206 3991 3278">
     <span class='ocr_line' id='line_1_77' title="bbox 2406 3206 3991 3278; baseline -0.001 -20"><span class='ocrx_word' id='word_1_528' title='bbox 2406 3222 2551 3274; x_wconf 78' lang='grc' dir='ltr'>ιιεν;</span> <span class='ocrx_word' id='word_1_529' title='bbox 2594 3207 2651 3260; x_wconf 85' lang='lat'><strong>&#39;0</strong></span> <span class='ocrx_word' id='word_1_530' title='bbox 2684 3208 2742 3259; x_wconf 84' lang='grc' dir='ltr'>δὲ</span> <span class='ocrx_word' id='word_1_531' title='bbox 2788 3208 2922 3278; x_wconf 77' lang='grc' dir='ltr'>πρὸς</span> <span class='ocrx_word' id='word_1_532' title='bbox 2953 3207 3181 3268; x_wconf 72' lang='grc' dir='ltr'>αὐτούς·</span> <span class='ocrx_word' id='word_1_533' title='bbox 3240 3209 3403 3259; x_wconf 81' lang='grc' dir='ltr'>Ἵστε</span> <span class='ocrx_word' id='word_1_534' title='bbox 3441 3206 3530 3259; x_wconf 85' lang='grc' dir='ltr'>ὅτι</span> <span class='ocrx_word' id='word_1_535' title='bbox 3567 3209 3991 3275; x_wconf 72' lang='grc' dir='ltr'><strong>αἰχμαλωσίαν</strong></span> 
     </span>
    </p>
   </div>
   <div class='ocr_carea' id='block_1_78' title="bbox 2406 3295 3988 3368">
    <p class='ocr_par' dir='ltr' id='par_1_78' title="bbox 2406 3295 3988 3368">
     <span class='ocr_line' id='line_1_78' title="bbox 2406 3295 3988 3368; baseline 0.001 -18"><span class='ocrx_word' id='word_1_536' title='bbox 2406 3299 2703 3365; x_wconf 77' lang='grc' dir='ltr'><strong>πλείστην</strong></span> <span class='ocrx_word' id='word_1_537' title='bbox 2726 3297 2961 3363; x_wconf 79' lang='grc' dir='ltr'>ἑαυτοῖς</span> <span class='ocrx_word' id='word_1_538' title='bbox 2976 3297 3267 3367; x_wconf 74' lang='grc' dir='ltr'>ἠνέγκατε</span> <span class='ocrx_word' id='word_1_539' title='bbox 3285 3313 3297 3325; x_wconf 91' lang='grc'><strong>·</strong></span> <span class='ocrx_word' id='word_1_540' title='bbox 3318 3298 3385 3349; x_wconf 80' lang='grc' dir='ltr'>ἐκ</span> <span class='ocrx_word' id='word_1_541' title='bbox 3406 3300 3627 3365; x_wconf 81' lang='grc' dir='ltr'>ταύτης</span> <span class='ocrx_word' id='word_1_542' title='bbox 3651 3295 3767 3352; x_wconf 84' lang='grc' dir='ltr'>οὗν</span> <span class='ocrx_word' id='word_1_543' title='bbox 3782 3299 3988 3368; x_wconf 79' lang='grc' dir='ltr'>γυναῖ-</span> 
     </span>
    </p>
   </div>
   <div class='ocr_carea' id='block_1_79' title="bbox 2407 3390 3990 3462">
    <p class='ocr_par' dir='ltr' id='par_1_79' title="bbox 2407 3390 3990 3462">
     <span class='ocr_line' id='line_1_79' title="bbox 2407 3390 3990 3462; baseline 0 -19"><span class='ocrx_word' id='word_1_544' title='bbox 2407 3406 2518 3455; x_wconf 77' lang='grc' dir='ltr'><strong>κας</strong></span> <span class='ocrx_word' id='word_1_545' title='bbox 2541 3390 2680 3460; x_wconf 83' lang='grc' dir='ltr'>ὑμῖν</span> <span class='ocrx_word' id='word_1_546' title='bbox 2699 3390 3065 3462; x_wconf 78' lang='grc' dir='ltr'>ἁρμόσασθε.</span> <span class='ocrx_word' id='word_1_547' title='bbox 3102 3391 3211 3443; x_wconf 83' lang='grc' dir='ltr'><strong>Καὶ</strong></span> <span class='ocrx_word' id='word_1_548' title='bbox 3246 3391 3443 3461; x_wconf 77' lang='grc' dir='ltr'>ἤρεσεν</span> <span class='ocrx_word' id='word_1_549' title='bbox 3474 3391 3656 3453; x_wconf 79' lang='grc' dir='ltr'>αὐτοῖς</span> <span class='ocrx_word' id='word_1_550' title='bbox 3690 3392 3870 3454; x_wconf 83' lang='grc' dir='ltr'>τοῦτο,</span> <span class='ocrx_word' id='word_1_551' title='bbox 3893 3392 3990 3444; x_wconf 70' lang='grc' dir='ltr'><strong>καὶ</strong></span> 
     </span>
    </p>
   </div>
   <div class='ocr_carea' id='block_1_80' title="bbox 2404 3475 3988 3553">
    <p class='ocr_par' dir='ltr' id='par_1_80' title="bbox 2404 3475 3988 3553">
     <span class='ocr_line' id='line_1_80' title="bbox 2404 3475 3988 3553; baseline -0.001 -17"><span class='ocrx_word' id='word_1_552' title='bbox 2404 3484 2622 3553; x_wconf 77' lang='grc' dir='ltr'>χάρακα</span> <span class='ocrx_word' id='word_1_553' title='bbox 2654 3484 2695 3513; x_wconf 77' lang='grc'><strong>⁸⁷</strong></span> <span class='ocrx_word' id='word_1_554' title='bbox 2719 3482 3034 3552; x_wconf 83' lang='grc' dir='ltr'>περιέθεντο</span> <span class='ocrx_word' id='word_1_555' title='bbox 3065 3482 3196 3551; x_wconf 80' lang='grc' dir='ltr'>πρὸς</span> <span class='ocrx_word' id='word_1_556' title='bbox 3223 3480 3557 3552; x_wconf 84' lang='grc' dir='ltr'>ὀχυρώματα</span> <span class='ocrx_word' id='word_1_557' title='bbox 3577 3498 3589 3511; x_wconf 80' lang='grc'><em>’</em></span> <span class='ocrx_word' id='word_1_558' title='bbox 3625 3482 3718 3551; x_wconf 67' lang='grc' dir='ltr'><strong>ἀφ’</strong></span> <span class='ocrx_word' id='word_1_559' title='bbox 3744 3475 3808 3537; x_wconf 77' lang='grc' dir='ltr'>οὗ</span> <span class='ocrx_word' id='word_1_560' title='bbox 3840 3484 3869 3535; x_wconf 85' lang='grc' dir='ltr'><strong>ό</strong></span> <span class='ocrx_word' id='word_1_561' title='bbox 3901 3483 3988 3535; x_wconf 86' lang='grc' dir='ltr'>τό-</span> 
     </span>
    </p>
   </div>
   <div class='ocr_carea' id='block_1_81' title="bbox 2408 3572 3989 3645">
    <p class='ocr_par' dir='ltr' id='par_1_81' title="bbox 2408 3572 3989 3645">
     <span class='ocr_line' id='line_1_81' title="bbox 2408 3572 3989 3645; baseline -0.001 -19"><span class='ocrx_word' id='word_1_562' title='bbox 2408 3592 2506 3636; x_wconf 80' lang='grc' dir='ltr'><strong>πος</strong></span> <span class='ocrx_word' id='word_1_563' title='bbox 2536 3572 2726 3644; x_wconf 81' lang='grc' dir='ltr'>Χάραξ</span> <span class='ocrx_word' id='word_1_564' title='bbox 2761 3574 2921 3645; x_wconf 84' lang='grc' dir='ltr'>μέχρι</span> <span class='ocrx_word' id='word_1_565' title='bbox 2946 3574 3046 3643; x_wconf 82' lang='grc' dir='ltr'><strong>τῆς</strong></span> <span class='ocrx_word' id='word_1_566' title='bbox 3073 3573 3234 3643; x_wconf 77' lang='grc' dir='ltr'>δεῦρο</span> <span class='ocrx_word' id='word_1_567' title='bbox 3277 3572 3773 3643; x_wconf 74' lang='grc' dir='ltr'>προσονομάζεται.</span> <span class='ocrx_word' id='word_1_568' title='bbox 3804 3574 3989 3626; x_wconf 81' lang='grc' dir='ltr'>Μονα-</span> 
     </span>
    </p>
   </div>
   <div class='ocr_carea' id='block_1_82' title="bbox 2408 3663 3987 3735">
    <p class='ocr_par' dir='ltr' id='par_1_82' title="bbox 2408 3663 3987 3735">
     <span class='ocr_line' id='line_1_82' title="bbox 2408 3663 3987 3735; baseline 0.007 -19"><span class='ocrx_word' id='word_1_569' title='bbox 2408 3664 2536 3735; x_wconf 78' lang='grc' dir='ltr'>στὴς</span> <span class='ocrx_word' id='word_1_570' title='bbox 2566 3665 2623 3718; x_wconf 79' lang='grc' dir='ltr'>δέ</span> <span class='ocrx_word' id='word_1_571' title='bbox 2653 3683 2735 3728; x_wconf 83' lang='grc' dir='ltr'><strong>τις</strong></span> <span class='ocrx_word' id='word_1_572' title='bbox 2784 3666 3080 3735; x_wconf 83' lang='grc' dir='ltr'>μετέπειτα</span> <span class='ocrx_word' id='word_1_573' title='bbox 3114 3666 3179 3734; x_wconf 79' lang='grc' dir='ltr'>τῇ</span> <span class='ocrx_word' id='word_1_574' title='bbox 3220 3665 3369 3734; x_wconf 78' lang='grc' dir='ltr'>νήσῳ</span> <span class='ocrx_word' id='word_1_575' title='bbox 3425 3664 3840 3733; x_wconf 75' lang='grc' dir='ltr'>προσφοιτήσας</span> <span class='ocrx_word' id='word_1_576' title='bbox 3882 3663 3987 3732; x_wconf 70' lang='grc' dir='ltr'><strong>ἔφη</strong></span> 
     </span>
    </p>
   </div>
   <div class='ocr_carea' id='block_1_83' title="bbox 2407 3751 3993 3824">
    <p class='ocr_par' dir='ltr' id='par_1_83' title="bbox 2407 3751 3993 3824">
     <span class='ocr_line' id='line_1_83' title="bbox 2407 3751 3993 3824; baseline -0.001 -16"><span class='ocrx_word' id='word_1_577' title='bbox 2407 3757 2613 3822; x_wconf 78' lang='grc' dir='ltr'>αὐτοῖς,</span> <span class='ocrx_word' id='word_1_578' title='bbox 2669 3756 2753 3810; x_wconf 83' lang='grc' dir='ltr'>ὅτι</span> <span class='ocrx_word' id='word_1_579' title='bbox 2799 3756 2983 3824; x_wconf 76' lang='grc' dir='ltr'>Εἴπερ</span> <span class='ocrx_word' id='word_1_580' title='bbox 3016 3754 3276 3810; x_wconf 73' lang='grc' dir='ltr'>ἐθέλοιτε</span> <span class='ocrx_word' id='word_1_581' title='bbox 3301 3751 3993 3818; x_wconf 81' lang='grc' dir='ltr'>καταδυναστεῦσαιτῆς</span> 
     </span>
    </p>
   </div>
   <div class='ocr_carea' id='block_1_84' title="bbox 2406 3843 3994 3916">
    <p class='ocr_par' dir='ltr' id='par_1_84' title="bbox 2406 3843 3994 3916">
     <span class='ocr_line' id='line_1_84' title="bbox 2406 3843 3994 3916; baseline -0.003 -15"><span class='ocrx_word' id='word_1_582' title='bbox 2406 3847 2626 3914; x_wconf 79' lang='grc' dir='ltr'>νήσου,</span> <span class='ocrx_word' id='word_1_583' title='bbox 2658 3846 3112 3915; x_wconf 69' lang='grc' dir='ltr'>ἀκολουθήσατέ</span> <span class='ocrx_word' id='word_1_584' title='bbox 3122 3864 3249 3916; x_wconf 82' lang='grc' dir='ltr'>μοι,</span> <span class='ocrx_word' id='word_1_585' title='bbox 3275 3846 3373 3899; x_wconf 75' lang='grc' dir='ltr'>καὶ</span> <span class='ocrx_word' id='word_1_586' title='bbox 3404 3845 3557 3899; x_wconf 75' lang='grc' dir='ltr'><strong>ὅπου</strong></span> <span class='ocrx_word' id='word_1_587' title='bbox 3578 3845 3656 3899; x_wconf 82' lang='grc' dir='ltr'>ἂν</span> <span class='ocrx_word' id='word_1_588' title='bbox 3683 3843 3994 3913; x_wconf 83' lang='grc' dir='ltr'>στοχασά-</span> 
     </span>
    </p>
   </div>
   <div class='ocr_carea' id='block_1_85' title="bbox 2402 3936 3989 4009">
    <p class='ocr_par' dir='ltr' id='par_1_85' title="bbox 2402 3936 3989 4009">
     <span class='ocr_line' id='line_1_85' title="bbox 2402 3936 3989 4009; baseline -0.003 -18"><span class='ocrx_word' id='word_1_589' title='bbox 2402 3953 2586 4008; x_wconf 82' lang='grc' dir='ltr'>μενος</span> <span class='ocrx_word' id='word_1_590' title='bbox 2641 3937 2978 4006; x_wconf 71' lang='grc' dir='ltr'>παραδείξω</span> <span class='ocrx_word' id='word_1_591' title='bbox 3024 3940 3165 4009; x_wconf 82' lang='grc' dir='ltr'>ὑμῖν</span> <span class='ocrx_word' id='word_1_592' title='bbox 3207 3936 3657 4004; x_wconf 77' lang='grc' dir='ltr'>ἐπιτηδειότητα</span> <span class='ocrx_word' id='word_1_593' title='bbox 3714 3936 3989 4001; x_wconf 76' lang='grc' dir='ltr'>κτίσεως,</span> 
     </span>
    </p>
   </div>
   <div class='ocr_carea' id='block_1_86' title="bbox 2407 4023 3991 4098">
    <p class='ocr_par' dir='ltr' id='par_1_86' title="bbox 2407 4023 3991 4098">
     <span class='ocr_line' id='line_1_86' title="bbox 2407 4023 3991 4098; baseline -0.004 -14"><span class='ocrx_word' id='word_1_594' title='bbox 2407 4030 2607 4084; x_wconf 77' lang='grc' dir='ltr'>ἐκεῖσε</span> <span class='ocrx_word' id='word_1_595' title='bbox 2660 4033 2843 4085; x_wconf 72' lang='grc' dir='ltr'>πόλιν</span> <span class='ocrx_word' id='word_1_596' title='bbox 2891 4028 3344 4098; x_wconf 78' lang='grc' dir='ltr'>οὶκοὸομήσατε,</span> <span class='ocrx_word' id='word_1_597' title='bbox 3401 4026 3476 4081; x_wconf 85' lang='grc' dir='ltr'>δι’</span> <span class='ocrx_word' id='word_1_598' title='bbox 3499 4026 3573 4096; x_wconf 82' lang='grc' dir='ltr'><strong>ἧς</strong></span> <span class='ocrx_word' id='word_1_599' title='bbox 3625 4023 3734 4094; x_wconf 85' lang='grc' dir='ltr'><strong>τῆς</strong></span> <span class='ocrx_word' id='word_1_600' title='bbox 3791 4025 3991 4089; x_wconf 75' lang='grc' dir='ltr'>νήσου</span> 
     </span>
    </p>
   </div>
   <div class='ocr_carea' id='block_1_87' title="bbox 2408 4121 3993 4194">
    <p class='ocr_par' dir='ltr' id='par_1_87' title="bbox 2408 4121 3993 4194">
     <span class='ocr_line' id='line_1_87' title="bbox 2408 4121 3993 4194; baseline -0.005 -14"><span class='ocrx_word' id='word_1_601' title='bbox 2408 4126 2827 4192; x_wconf 76' lang='grc' dir='ltr'>ἐξουσιάσητε.</span> <span class='ocrx_word' id='word_1_602' title='bbox 2865 4127 2974 4179; x_wconf 74' lang='grc' dir='ltr'>Καὶ</span> <span class='ocrx_word' id='word_1_603' title='bbox 3004 4126 3292 4194; x_wconf 82' lang='grc' dir='ltr'><strong>ἀπήγαγεν</strong></span> <span class='ocrx_word' id='word_1_604' title='bbox 3338 4123 3536 4183; x_wconf 79' lang='grc' dir='ltr'>αὐτοὺς</span> <span class='ocrx_word' id='word_1_605' title='bbox 3567 4124 3646 4185; x_wconf 77' lang='grc' dir='ltr'><strong>εἰς</strong></span> <span class='ocrx_word' id='word_1_606' title='bbox 3674 4121 3842 4174; x_wconf 80' lang='grc' dir='ltr'>τόπον</span> <span class='ocrx_word' id='word_1_607' title='bbox 3897 4137 3993 4173; x_wconf 82' lang='grc' dir='ltr'>κα-</span> 
     </span>
    </p>
   </div>
   <div class='ocr_carea' id='block_1_88' title="bbox 2409 4211 3991 4286">
    <p class='ocr_par' dir='ltr' id='par_1_88' title="bbox 2409 4211 3991 4286">
     <span class='ocr_line' id='line_1_88' title="bbox 2409 4211 3991 4286; baseline -0.006 -15"><span class='ocrx_word' id='word_1_608' title='bbox 2409 4218 2669 4286; x_wconf 81' lang='grc' dir='ltr'>λούμενον</span> <span class='ocrx_word' id='word_1_609' title='bbox 2694 4218 2973 4282; x_wconf 80' lang='grc' dir='ltr'>Χάνδακα,</span> <span class='ocrx_word' id='word_1_610' title='bbox 3001 4219 3058 4271; x_wconf 73' lang='grc' dir='ltr'>ὲν</span> <span class='ocrx_word' id='word_1_611' title='bbox 3082 4211 3126 4285; x_wconf 85' lang='grc' dir='ltr'>ᾧ</span> <span class='ocrx_word' id='word_1_612' title='bbox 3159 4219 3193 4285; x_wconf 82' lang='grc' dir='ltr'><strong>ὴ</strong></span> <span class='ocrx_word' id='word_1_613' title='bbox 3228 4215 3382 4277; x_wconf 84' lang='grc' dir='ltr'>πόλις</span> <span class='ocrx_word' id='word_1_614' title='bbox 3410 4213 3617 4268; x_wconf 82' lang='grc' dir='ltr'>τούτων</span> <span class='ocrx_word' id='word_1_615' title='bbox 3646 4213 3991 4283; x_wconf 78' lang='grc' dir='ltr'>καθίδρυται,</span> 
     </span>
    </p>
   </div>
   <div class='ocr_carea' id='block_1_89' title="bbox 2411 4305 3991 4378">
    <p class='ocr_par' dir='ltr' id='par_1_89' title="bbox 2411 4305 3991 4378">
     <span class='ocr_line' id='line_1_89' title="bbox 2411 4305 3991 4378; baseline -0.003 -17"><span class='ocrx_word' id='word_1_616' title='bbox 2411 4309 2506 4363; x_wconf 78' lang='grc' dir='ltr'>καὶ</span> <span class='ocrx_word' id='word_1_617' title='bbox 2527 4308 2730 4378; x_wconf 84' lang='grc' dir='ltr'>ταύτην</span> <span class='ocrx_word' id='word_1_618' title='bbox 2760 4309 3022 4362; x_wconf 79' lang='grc' dir='ltr'>κυκλόθεν</span> <span class='ocrx_word' id='word_1_619' title='bbox 3072 4310 3439 4377; x_wconf 75' lang='grc' dir='ltr'>ὲτάφρευσαν.</span> <span class='ocrx_word' id='word_1_620' title='bbox 3470 4305 3579 4359; x_wconf 74' lang='grc' dir='ltr'>Καὶ</span> <span class='ocrx_word' id='word_1_621' title='bbox 3630 4305 3991 4375; x_wconf 68' lang='grc' dir='ltr'>ἐννενήκοντα</span> 
     </span>
    </p>
   </div>
   <div class='ocr_carea' id='block_1_90' title="bbox 2412 4396 3993 4473">
    <p class='ocr_par' dir='ltr' id='par_1_90' title="bbox 2412 4396 3993 4473">
     <span class='ocr_line' id='line_1_90' title="bbox 2412 4396 3993 4473; baseline -0.005 -18"><span class='ocrx_word' id='word_1_622' title='bbox 2412 4403 2595 4465; x_wconf 84' lang='grc' dir='ltr'>πόλεις</span> <span class='ocrx_word' id='word_1_623' title='bbox 2632 4405 3006 4473; x_wconf 82' lang='grc' dir='ltr'>κρατήσαντες</span> <span class='ocrx_word' id='word_1_624' title='bbox 3029 4400 3512 4470; x_wconf 74' lang='grc' dir='ltr'>ἠνδραποδίσαντο,</span> <span class='ocrx_word' id='word_1_625' title='bbox 3550 4399 3681 4467; x_wconf 78' lang='grc' dir='ltr'>μιᾶς</span> <span class='ocrx_word' id='word_1_626' title='bbox 3713 4397 3885 4467; x_wconf 78' lang='grc' dir='ltr'>μόνης</span> <span class='ocrx_word' id='word_1_627' title='bbox 3921 4396 3993 4464; x_wconf 78' lang='grc' dir='ltr'><strong>μὴ</strong></span> 
     </span>
    </p>
   </div>
   <div class='ocr_carea' id='block_1_91' title="bbox 734 4473 2304 4586">
    <p class='ocr_par' dir='ltr' id='par_1_91' title="bbox 734 4473 2304 4543">
     <span class='ocr_line' id='line_1_91' title="bbox 734 4473 2304 4543; baseline 0.002 -13"><span class='ocrx_word' id='word_1_628' title='bbox 734 4473 864 4539; x_wconf 75' lang='lat' dir='ltr'><strong>ﬁde,</strong></span> <span class='ocrx_word' id='word_1_629' title='bbox 905 4473 1189 4532; x_wconf 82' lang='lat' dir='ltr'><strong>deditione</strong></span> <span class='ocrx_word' id='word_1_630' title='bbox 1233 4477 1396 4543; x_wconf 81' lang='lat' dir='ltr'><strong>facta,</strong></span> <span class='ocrx_word' id='word_1_631' title='bbox 1424 4479 1536 4533; x_wconf 86' lang='lat' dir='ltr'><strong>ritu</strong></span> <span class='ocrx_word' id='word_1_632' title='bbox 1566 4478 1886 4534; x_wconf 86' lang='lat' dir='ltr'><strong>Christiano</strong></span> <span class='ocrx_word' id='word_1_633' title='bbox 1915 4479 2136 4534; x_wconf 82' lang='lat' dir='ltr'><strong>vivendi</strong></span> <span class='ocrx_word' id='word_1_634' title='bbox 2166 4478 2304 4533; x_wconf 87' lang='lat' dir='ltr'><strong>libe-</strong></span> 
     </span>
    </p>
   </div>
   <div class='ocr_carea' id='block_1_92' title="bbox 2406 4473 3992 4586">
    <p class='ocr_par' dir='ltr' id='par_1_92' title="bbox 2414 4487 3992 4563">
     <span class='ocr_line' id='line_1_92' title="bbox 2414 4487 3992 4563; baseline -0.008 -14"><span class='ocrx_word' id='word_1_635' title='bbox 2414 4495 2714 4563; x_wconf 79' lang='grc' dir='ltr'>ἁλωθείσης</span> <span class='ocrx_word' id='word_1_636' title='bbox 2743 4493 2855 4546; x_wconf 80' lang='grc' dir='ltr'>ἀλλ’</span> <span class='ocrx_word' id='word_1_637' title='bbox 2889 4494 2921 4563; x_wconf 77' lang='grc' dir='ltr'>ἢ</span> <span class='ocrx_word' id='word_1_638' title='bbox 2946 4494 3092 4560; x_wconf 83' lang='grc' dir='ltr'>λόγῳ</span> <span class='ocrx_word' id='word_1_639' title='bbox 3119 4492 3523 4561; x_wconf 80' lang='grc' dir='ltr'>ἁπολιορκήτου</span> <span class='ocrx_word' id='word_1_640' title='bbox 3562 4490 3849 4559; x_wconf 70' lang='grc' dir='ltr'>μεινάσης,</span> <span class='ocrx_word' id='word_1_641' title='bbox 3883 4487 3992 4540; x_wconf 83' lang='grc' dir='ltr'>τῶν</span> 
     </span>
    </p>
   </div>
   <div class='ocr_carea' id='block_1_93' title="bbox 735 4568 2312 4640">
    <p class='ocr_par' dir='ltr' id='par_1_93' title="bbox 735 4568 2312 4640">
     <span class='ocr_line' id='line_1_93' title="bbox 735 4568 2312 4640; baseline 0 -17"><span class='ocrx_word' id='word_1_642' title='bbox 735 4583 854 4623; x_wconf 82' lang='lat' dir='ltr'><strong>ram</strong></span> <span class='ocrx_word' id='word_1_643' title='bbox 886 4568 1200 4623; x_wconf 81' lang='lat' dir='ltr'><strong>facultatem</strong></span> <span class='ocrx_word' id='word_1_644' title='bbox 1229 4570 1459 4640; x_wconf 88' lang='lat' dir='ltr'><strong>accepit.</strong></span> <span class='ocrx_word' id='word_1_645' title='bbox 1489 4568 1766 4625; x_wconf 80' lang='lat' dir='ltr'><strong>Hactenus</strong></span> <span class='ocrx_word' id='word_1_646' title='bbox 1801 4569 1989 4625; x_wconf 60' lang='lat' dir='ltr'><strong>Graeca</strong></span> <span class='ocrx_word' id='word_1_647' title='bbox 2016 4586 2150 4626; x_wconf 88' lang='lat' dir='ltr'><strong>voce</strong></span> <span class='ocrx_word' id='word_1_648' title='bbox 2183 4573 2312 4624; x_wconf 80' lang='grc' dir='ltr'>ὐπο-</span> 
     </span>
    </p>
   </div>
   <div class='ocr_carea' id='block_1_94' title="bbox 735 4658 2312 4729">
    <p class='ocr_par' dir='ltr' id='par_1_94' title="bbox 735 4658 2312 4729">
     <span class='ocr_line' id='line_1_94' title="bbox 735 4658 2312 4729; baseline 0.002 -18"><span class='ocrx_word' id='word_1_649' title='bbox 735 4658 907 4728; x_wconf 78' lang='grc' dir='ltr'>λόγιοι</span> <span class='ocrx_word' id='word_1_650' title='bbox 938 4658 1192 4723; x_wconf 90' lang='lat' dir='ltr'><strong>audiunt,</strong></span> <span class='ocrx_word' id='word_1_651' title='bbox 1226 4674 1293 4713; x_wconf 89' lang='lat' dir='ltr'><strong>ac</strong></span> <span class='ocrx_word' id='word_1_652' title='bbox 1340 4660 1387 4713; x_wconf 87' lang='lat' dir='ltr'><strong>si</strong></span> <span class='ocrx_word' id='word_1_653' title='bbox 1414 4659 1566 4714; x_wconf 88' lang='lat' dir='ltr'><strong>dicas</strong></span> <span class='ocrx_word' id='word_1_654' title='bbox 1612 4670 1914 4729; x_wconf 84' lang='lat' dir='ltr'><strong>spontanea</strong></span> <span class='ocrx_word' id='word_1_655' title='bbox 1942 4660 2225 4716; x_wconf 87' lang='lat' dir='ltr'><strong>deditione</strong></span> <span class='ocrx_word' id='word_1_656' title='bbox 2254 4661 2312 4714; x_wconf 91' lang='lat' dir='ltr'><strong>in</strong></span> 
     </span>
    </p>
   </div>
   <div class='ocr_carea' id='block_1_95' title="bbox 736 4748 2311 4822">
    <p class='ocr_par' dir='ltr' id='par_1_95' title="bbox 736 4748 2311 4822">
     <span class='ocr_line' id='line_1_95' title="bbox 736 4748 2311 4822; baseline 0.001 -18"><span class='ocrx_word' id='word_1_657' title='bbox 736 4748 901 4804; x_wconf 72' lang='lat' dir='ltr'><strong>ﬁdem</strong></span> <span class='ocrx_word' id='word_1_658' title='bbox 932 4750 1163 4820; x_wconf 90' lang='lat' dir='ltr'><strong>accepti.</strong></span> <span class='ocrx_word' id='word_1_659' title='bbox 1201 4750 1279 4804; x_wconf 84' lang='lat' dir='ltr'><strong>Ac</strong></span> <span class='ocrx_word' id='word_1_660' title='bbox 1313 4764 1442 4805; x_wconf 83' lang='lat' dir='ltr'><strong>sane</strong></span> <span class='ocrx_word' id='word_1_661' title='bbox 1471 4751 1849 4822; x_wconf 78' lang='lat' dir='ltr'><strong>Agarenorum</strong></span> <span class='ocrx_word' id='word_1_662' title='bbox 1893 4751 2122 4806; x_wconf 87' lang='lat' dir='ltr'><strong>ditionis</strong></span> <span class='ocrx_word' id='word_1_663' title='bbox 2154 4767 2311 4806; x_wconf 82' lang='lat' dir='ltr'><strong>man-</strong></span> 
     </span>
    </p>
   </div>
   <div class='ocr_carea' id='block_1_96' title="bbox 736 4841 2310 4915">
    <p class='ocr_par' dir='ltr' id='par_1_96' title="bbox 736 4841 2310 4915">
     <span class='ocr_line' id='line_1_96' title="bbox 736 4841 2310 4915; baseline 0.001 -19"><span class='ocrx_word' id='word_1_664' title='bbox 736 4841 939 4896; x_wconf 87' lang='lat' dir='ltr'><strong>sissent</strong></span> <span class='ocrx_word' id='word_1_665' title='bbox 968 4841 1293 4907; x_wconf 69' lang='lat' dir='ltr'><strong>insulze,uisi</strong></span> <span class='ocrx_word' id='word_1_666' title='bbox 1316 4841 1545 4897; x_wconf 75' lang='lat' dir='ltr'><strong>Michael</strong></span> <span class='ocrx_word' id='word_1_667' title='bbox 1566 4841 2310 4915; x_wconf 78' lang='lat' dir='ltr'><strong>Cratero_Cibyrrh:eotarum</strong></span> 
     </span>
    </p>
   </div>
   <div class='ocr_carea' id='block_1_97' title="bbox 734 4930 2310 5002">
    <p class='ocr_par' dir='ltr' id='par_1_97' title="bbox 734 4930 2310 5002">
     <span class='ocr_line' id='line_1_97' title="bbox 734 4930 2310 5002; baseline -0.001 -14"><span class='ocrx_word' id='word_1_668' title='bbox 734 4930 862 4988; x_wconf 84' lang='lat' dir='ltr'><strong>duci</strong></span> <span class='ocrx_word' id='word_1_669' title='bbox 911 4932 1168 5002; x_wconf 86' lang='lat' dir='ltr'><strong>jussisset</strong></span> <span class='ocrx_word' id='word_1_670' title='bbox 1197 4941 1255 4986; x_wconf 94' lang='lat' dir='ltr'><strong>ut</strong></span> <span class='ocrx_word' id='word_1_671' title='bbox 1288 4933 1437 4987; x_wconf 91' lang='lat' dir='ltr'><strong>omni</strong></span> <span class='ocrx_word' id='word_1_672' title='bbox 1472 4933 1737 4988; x_wconf 79' lang='lat' dir='ltr'><strong>instructa</strong></span> <span class='ocrx_word' id='word_1_673' title='bbox 1778 4934 1953 4989; x_wconf 85' lang='lat' dir='ltr'><strong>classe</strong></span> <span class='ocrx_word' id='word_1_674' title='bbox 2007 4935 2063 4988; x_wconf 87' lang='lat' dir='ltr'><strong>in</strong></span> <span class='ocrx_word' id='word_1_675' title='bbox 2092 4932 2310 4989; x_wconf 88' lang='lat' dir='ltr'><strong>Cretam</strong></span> 
     </span>
    </p>
   </div>
   <div class='ocr_carea' id='block_1_98' title="bbox 732 5023 2313 5095">
    <p class='ocr_par' dir='ltr' id='par_1_98' title="bbox 732 5023 2313 5095">
     <span class='ocr_line' id='line_1_98' title="bbox 732 5023 2313 5095; baseline 0.004 -19"><span class='ocrx_word' id='word_1_676' title='bbox 732 5024 857 5077; x_wconf 87' lang='lat' dir='ltr'><strong>vela</strong></span> <span class='ocrx_word' id='word_1_677' title='bbox 882 5023 1058 5078; x_wconf 89' lang='lat' dir='ltr'><strong>daret.</strong></span> <span class='ocrx_word' id='word_1_678' title='bbox 1096 5024 1470 5079; x_wconf 86' lang='lat' dir='ltr'><strong>Ducentarum</strong></span> <span class='ocrx_word' id='word_1_679' title='bbox 1501 5025 1672 5095; x_wconf 75' lang='lat' dir='ltr'><strong>igitur</strong></span> <span class='ocrx_word' id='word_1_680' title='bbox 1699 5025 1923 5079; x_wconf 88' lang='lat' dir='ltr'><strong>navium</strong></span> <span class='ocrx_word' id='word_1_681' title='bbox 1957 5025 2130 5080; x_wconf 87' lang='lat' dir='ltr'><strong>classe</strong></span> <span class='ocrx_word' id='word_1_682' title='bbox 2160 5026 2313 5083; x_wconf 85' lang='lat' dir='ltr'><strong>inve-</strong></span> 
     </span>
    </p>
   </div>
   <div class='ocr_carea' id='block_1_99' title="bbox 734 5114 2308 5186">
    <p class='ocr_par' dir='ltr' id='par_1_99' title="bbox 734 5114 2308 5186">
     <span class='ocr_line' id='line_1_99' title="bbox 734 5114 2308 5186; baseline 0.004 -20"><span class='ocrx_word' id='word_1_683' title='bbox 734 5122 860 5170; x_wconf 78' lang='lat' dir='ltr'><strong>ctus</strong></span> <span class='ocrx_word' id='word_1_684' title='bbox 885 5128 979 5168; x_wconf 89' lang='lat' dir='ltr'><strong>eas</strong></span> <span class='ocrx_word' id='word_1_685' title='bbox 1019 5114 1353 5182; x_wconf 89' lang='lat' dir='ltr'><strong>vindicavit;</strong></span> <span class='ocrx_word' id='word_1_686' title='bbox 1378 5115 1706 5186; x_wconf 85' lang='lat' dir='ltr'><strong>Cretamque</strong></span> <span class='ocrx_word' id='word_1_687' title='bbox 1737 5117 2034 5185; x_wconf 82' lang='lat' dir='ltr'><strong>profectus,</strong></span> <span class='ocrx_word' id='word_1_688' title='bbox 2063 5118 2308 5172; x_wconf 90' lang='lat' dir='ltr'><strong>omnium</strong></span> 
     </span>
    </p>
   </div>
   <div class='ocr_carea' id='block_1_100' title="bbox 738 5204 2308 5277">
    <p class='ocr_par' dir='ltr' id='par_1_100' title="bbox 738 5204 2308 5277">
     <span class='ocr_line' id='line_1_100' title="bbox 738 5204 2308 5277; baseline 0.003 -18"><span class='ocrx_word' id='word_1_689' title='bbox 738 5205 799 5260; x_wconf 90' lang='lat' dir='ltr'><strong>in</strong></span> <span class='ocrx_word' id='word_1_690' title='bbox 824 5218 889 5259; x_wconf 87' lang='lat' dir='ltr'><strong>ea</strong></span> <span class='ocrx_word' id='word_1_691' title='bbox 917 5204 1293 5275; x_wconf 77' lang='lat' dir='ltr'><strong>Agarenorum</strong></span> <span class='ocrx_word' id='word_1_692' title='bbox 1321 5206 1552 5277; x_wconf 91' lang='lat' dir='ltr'><strong>potitus,</strong></span> <span class='ocrx_word' id='word_1_693' title='bbox 1579 5207 1767 5261; x_wconf 82' lang='lat' dir='ltr'><strong>hostes</strong></span> <span class='ocrx_word' id='word_1_694' title='bbox 1799 5208 1921 5263; x_wconf 89' lang='lat' dir='ltr'><strong>neci</strong></span> <span class='ocrx_word' id='word_1_695' title='bbox 1950 5208 2081 5263; x_wconf 90' lang='lat' dir='ltr'><strong>dare</strong></span> <span class='ocrx_word' id='word_1_696' title='bbox 2106 5210 2308 5264; x_wconf 86' lang='lat' dir='ltr'><strong>consti-</strong></span> 
     </span>
    </p>
   </div>
   <div class='ocr_carea' id='block_1_101' title="bbox 736 5296 2307 5367">
    <p class='ocr_par' dir='ltr' id='par_1_101' title="bbox 736 5296 2307 5367">
     <span class='ocr_line' id='line_1_101' title="bbox 736 5296 2307 5367; baseline 0.003 -18"><span class='ocrx_word' id='word_1_697' title='bbox 736 5305 941 5362; x_wconf 80' lang='lat' dir='ltr'><strong>tuerat,</strong></span> <span class='ocrx_word' id='word_1_698' title='bbox 966 5296 1071 5351; x_wconf 90' lang='lat' dir='ltr'><strong>nisi</strong></span> <span class='ocrx_word' id='word_1_699' title='bbox 1104 5297 1342 5352; x_wconf 90' lang='lat' dir='ltr'><strong>militum</strong></span> <span class='ocrx_word' id='word_1_700' title='bbox 1369 5298 1591 5367; x_wconf 90' lang='lat' dir='ltr'><strong>quidam</strong></span> <span class='ocrx_word' id='word_1_701' title='bbox 1632 5299 1778 5353; x_wconf 88' lang='lat' dir='ltr'><strong>haud</strong></span> <span class='ocrx_word' id='word_1_702' title='bbox 1813 5316 1947 5354; x_wconf 89' lang='lat' dir='ltr'><strong>sano</strong></span> <span class='ocrx_word' id='word_1_703' title='bbox 1992 5301 2124 5355; x_wconf 90' lang='lat' dir='ltr'><strong>satis</strong></span> <span class='ocrx_word' id='word_1_704' title='bbox 2169 5316 2307 5356; x_wconf 82' lang='lat' dir='ltr'><strong>con-</strong></span> 
     </span>
    </p>
   </div>
   <div class='ocr_carea' id='block_1_102' title="bbox 740 5387 2318 5458">
    <p class='ocr_par' dir='ltr' id='par_1_102' title="bbox 740 5387 2318 5458">
     <span class='ocr_line' id='line_1_102' title="bbox 740 5387 2318 5458; baseline 0.001 -16"><span class='ocrx_word' id='word_1_705' title='bbox 740 5387 869 5442; x_wconf 85' lang='lat' dir='ltr'><strong>silio</strong></span> <span class='ocrx_word' id='word_1_706' title='bbox 902 5388 1383 5452; x_wconf 88' lang='lat' dir='ltr'><strong>intercessissent,</strong></span> <span class='ocrx_word' id='word_1_707' title='bbox 1408 5391 1503 5458; x_wconf 92' lang='lat' dir='ltr'><strong>qui</strong></span> <span class='ocrx_word' id='word_1_708' title='bbox 1527 5390 1775 5445; x_wconf 88' lang='lat' dir='ltr'><strong>dicerent</strong></span> <span class='ocrx_word' id='word_1_709' title='bbox 1804 5409 1816 5444; x_wconf 92' lang='lat'><strong>:</strong></span> <span class='ocrx_word' id='word_1_710' title='bbox 1855 5392 2059 5445; x_wconf 88' lang='lat' dir='ltr'><strong>nullam</strong></span> <span class='ocrx_word' id='word_1_711' title='bbox 2098 5409 2182 5445; x_wconf 92' lang='lat' dir='ltr'><strong>eos</strong></span> <span class='ocrx_word' id='word_1_712' title='bbox 2219 5409 2318 5445; x_wconf 87' lang='lat' dir='ltr'><strong>nn-</strong></span> 
     </span>
    </p>
   </div>
   <div class='ocr_carea' id='block_1_103' title="bbox 740 5480 2315 5551">
    <p class='ocr_par' dir='ltr' id='par_1_103' title="bbox 740 5480 2315 5551">
     <span class='ocr_line' id='line_1_103' title="bbox 740 5480 2315 5551; baseline 0.007 -21"><span class='ocrx_word' id='word_1_713' title='bbox 740 5486 827 5531; x_wconf 86' lang='lat' dir='ltr'><strong>ctu</strong></span> <span class='ocrx_word' id='word_1_714' title='bbox 874 5480 1270 5550; x_wconf 85' lang='lat' dir='ltr'><strong>impressionem</strong></span> <span class='ocrx_word' id='word_1_715' title='bbox 1312 5485 1582 5551; x_wconf 66' lang='lat' dir='ltr'><strong>(acturos:</strong></span> <span class='ocrx_word' id='word_1_716' title='bbox 1621 5500 1776 5536; x_wconf 86' lang='lat' dir='ltr'><strong>mane</strong></span> <span class='ocrx_word' id='word_1_717' title='bbox 1828 5486 2073 5539; x_wconf 87' lang='lat' dir='ltr'><strong>tenendos</strong></span> <span class='ocrx_word' id='word_1_718' title='bbox 2108 5505 2169 5539; x_wconf 91' lang='lat' dir='ltr'><strong>ac</strong></span> <span class='ocrx_word' id='word_1_719' title='bbox 2221 5505 2315 5541; x_wconf 85' lang='lat' dir='ltr'><strong>ca-</strong></span> 
     </span>
    </p>
   </div>
   <div class='ocr_carea' id='block_1_104' title="bbox 740 5571 2312 5646">
    <p class='ocr_par' dir='ltr' id='par_1_104' title="bbox 740 5571 2312 5646">
     <span class='ocr_line' id='line_1_104' title="bbox 740 5571 2312 5646; baseline 0.007 -22"><span class='ocrx_word' id='word_1_720' title='bbox 740 5571 957 5641; x_wconf 82' lang='lat' dir='ltr'><strong>piendos</strong></span> <span class='ocrx_word' id='word_1_721' title='bbox 987 5571 1117 5642; x_wconf 80' lang='lat' dir='ltr'><strong>fore.</strong></span> <span class='ocrx_word' id='word_1_722' title='bbox 1154 5572 1362 5628; x_wconf 81' lang='lat' dir='ltr'><strong>Horum</strong></span> <span class='ocrx_word' id='word_1_723' title='bbox 1403 5576 1586 5644; x_wconf 84' lang='lat' dir='ltr'><strong>itaque</strong></span> <span class='ocrx_word' id='word_1_724' title='bbox 1612 5575 1911 5631; x_wconf 87' lang='lat' dir='ltr'><strong>dementati</strong></span> <span class='ocrx_word' id='word_1_725' title='bbox 1944 5580 2312 5646; x_wconf 86' lang='lat' dir='ltr'><strong>sermonibus,</strong></span> 
     </span>
    </p>
   </div>
   <div class='ocr_carea' id='block_1_105' title="bbox 740 5663 2313 5735">
    <p class='ocr_par' dir='ltr' id='par_1_105' title="bbox 740 5663 2313 5735">
     <span class='ocr_line' id='line_1_105' title="bbox 740 5663 2313 5735; baseline 0.007 -17"><span class='ocrx_word' id='word_1_726' title='bbox 740 5676 857 5718; x_wconf 63' lang='lat' dir='ltr'><strong>sua</strong></span> <span class='ocrx_word' id='word_1_727' title='bbox 884 5663 1074 5719; x_wconf 88' lang='lat' dir='ltr'><strong>salutis</strong></span> <span class='ocrx_word' id='word_1_728' title='bbox 1102 5666 1350 5735; x_wconf 75' lang='lat' dir='ltr'><strong>neglecta</strong></span> <span class='ocrx_word' id='word_1_729' title='bbox 1381 5682 1534 5732; x_wconf 85' lang='lat' dir='ltr'><strong>cura,</strong></span> <span class='ocrx_word' id='word_1_730' title='bbox 1573 5668 1629 5722; x_wconf 93' lang='lat' dir='ltr'><strong>in</strong></span> <span class='ocrx_word' id='word_1_731' title='bbox 1669 5667 2019 5725; x_wconf 87' lang='lat' dir='ltr'><strong>tabernacula</strong></span> <span class='ocrx_word' id='word_1_732' title='bbox 2057 5687 2176 5727; x_wconf 89' lang='lat' dir='ltr'><strong>sese</strong></span> <span class='ocrx_word' id='word_1_733' title='bbox 2226 5691 2313 5730; x_wconf 88' lang='lat' dir='ltr'><strong>re-</strong></span> 
     </span>
    </p>
   </div>
   <div class='ocr_carea' id='block_1_106' title="bbox 2414 4581 3992 4657">
    <p class='ocr_par' dir='ltr' id='par_1_106' title="bbox 2414 4581 3992 4657">
     <span class='ocr_line' id='line_1_106' title="bbox 2414 4581 3992 4657; baseline -0.005 -17"><span class='ocrx_word' id='word_1_734' title='bbox 2414 4587 2713 4657; x_wconf 78' lang='grc' dir='ltr'>οίκητόρων</span> <span class='ocrx_word' id='word_1_735' title='bbox 2748 4586 2917 4654; x_wconf 83' lang='grc' dir='ltr'>αὐτῆς</span> <span class='ocrx_word' id='word_1_736' title='bbox 2945 4588 3041 4640; x_wconf 75' lang='grc' dir='ltr'><strong>σὺν</strong></span> <span class='ocrx_word' id='word_1_737' title='bbox 3070 4584 3358 4654; x_wconf 76' lang='grc' dir='ltr'>ἐλευθερίᾳ</span> <span class='ocrx_word' id='word_1_738' title='bbox 3409 4585 3587 4636; x_wconf 85' lang='grc' dir='ltr'>ποιεῖν</span> <span class='ocrx_word' id='word_1_739' title='bbox 3612 4581 3681 4635; x_wconf 83' lang='grc' dir='ltr'>τὰ</span> <span class='ocrx_word' id='word_1_740' title='bbox 3725 4582 3992 4651; x_wconf 80' lang='grc' dir='ltr'>Χριστια-</span> 
     </span>
    </p>
   </div>
   <div class='ocr_carea' id='block_1_107' title="bbox 2414 4672 3992 4746">
    <p class='ocr_par' dir='ltr' id='par_1_107' title="bbox 2414 4672 3992 4746">
     <span class='ocr_line' id='line_1_107' title="bbox 2414 4672 3992 4746; baseline -0.004 -16"><span class='ocrx_word' id='word_1_741' title='bbox 2414 4678 2522 4731; x_wconf 86' lang='grc' dir='ltr'>νῶν</span> <span class='ocrx_word' id='word_1_742' title='bbox 2581 4676 3090 4746; x_wconf 79' lang='grc' dir='ltr'>συγκεχωρημένων</span> <span class='ocrx_word' id='word_1_743' title='bbox 3112 4694 3127 4707; x_wconf 75' lang='grc' dir='ltr'><strong><em>ο</em></strong></span> <span class='ocrx_word' id='word_1_744' title='bbox 3186 4677 3235 4729; x_wconf 85' lang='grc' dir='ltr'>οἳ</span> <span class='ocrx_word' id='word_1_745' title='bbox 3267 4676 3427 4745; x_wconf 85' lang='grc' dir='ltr'>μέχρι</span> <span class='ocrx_word' id='word_1_746' title='bbox 3458 4673 3552 4726; x_wconf 85' lang='grc' dir='ltr'>τοῦ</span> <span class='ocrx_word' id='word_1_747' title='bbox 3585 4674 3681 4726; x_wconf 78' lang='grc' dir='ltr'>νῦν</span> <span class='ocrx_word' id='word_1_748' title='bbox 3715 4672 3992 4739; x_wconf 76' lang='grc' dir='ltr'>ὑπολόγιοι</span> 
     </span>
    </p>
   </div>
   <div class='ocr_carea' id='block_1_108' title="bbox 2416 4763 3993 4840">
    <p class='ocr_par' dir='ltr' id='par_1_108' title="bbox 2416 4763 3993 4840">
     <span class='ocr_line' id='line_1_108' title="bbox 2416 4763 3993 4840; baseline -0.007 -16"><span class='ocrx_word' id='word_1_749' title='bbox 2416 4769 2730 4836; x_wconf 78' lang='grc' dir='ltr'>κέκληνται.</span> <span class='ocrx_word' id='word_1_750' title='bbox 2795 4770 2880 4839; x_wconf 81' lang='grc' dir='ltr'><strong>[Ρ.</strong></span> <span class='ocrx_word' id='word_1_751' title='bbox 2937 4767 3065 4840; x_wconf 72' lang='grc'><strong>414]</strong></span> <span class='ocrx_word' id='word_1_752' title='bbox 3117 4769 3226 4821; x_wconf 81' lang='grc' dir='ltr'>Καὶ</span> <span class='ocrx_word' id='word_1_753' title='bbox 3254 4768 3320 4836; x_wconf 82' lang='grc' dir='ltr'>δὴ</span> <span class='ocrx_word' id='word_1_754' title='bbox 3373 4768 3439 4820; x_wconf 77' lang='grc' dir='ltr'><strong>ἂν</strong></span> <span class='ocrx_word' id='word_1_755' title='bbox 3494 4766 3599 4819; x_wconf 69' lang='grc' dir='ltr'><strong>ὑπὸ</strong></span> <span class='ocrx_word' id='word_1_756' title='bbox 3672 4763 3993 4834; x_wconf 82' lang='grc' dir='ltr'>’Δγαρηνῶν</span> 
     </span>
    </p>
   </div>
   <div class='ocr_carea' id='block_1_109' title="bbox 2414 4852 3993 4931">
    <p class='ocr_par' dir='ltr' id='par_1_109' title="bbox 2414 4852 3993 4931">
     <span class='ocr_line' id='line_1_109' title="bbox 2414 4852 3993 4931; baseline -0.001 -17"><span class='ocrx_word' id='word_1_757' title='bbox 2414 4860 2823 4931; x_wconf 85' lang='grc' dir='ltr'>κατεκράτηντο</span> <span class='ocrx_word' id='word_1_758' title='bbox 2848 4861 2903 4913; x_wconf 78' lang='grc' dir='ltr'>αἱ</span> <span class='ocrx_word' id='word_1_759' title='bbox 2938 4859 3113 4929; x_wconf 77' lang='grc' dir='ltr'>νῆσοι,</span> <span class='ocrx_word' id='word_1_760' title='bbox 3174 4861 3222 4911; x_wconf 78' lang='grc' dir='ltr'>εξ</span> <span class='ocrx_word' id='word_1_761' title='bbox 3270 4859 3345 4927; x_wconf 82' lang='grc' dir='ltr'><strong>μὴ</strong></span> <span class='ocrx_word' id='word_1_762' title='bbox 3398 4856 3620 4927; x_wconf 78' lang='grc' dir='ltr'>Μιχαὴλ</span> <span class='ocrx_word' id='word_1_763' title='bbox 3656 4856 3687 4908; x_wconf 83' lang='grc' dir='ltr'>ὁ</span> <span class='ocrx_word' id='word_1_764' title='bbox 3737 4852 3993 4923; x_wconf 76' lang='grc' dir='ltr'>βασιλεὺς</span> 
     </span>
    </p>
   </div>
   <div class='ocr_carea' id='block_1_110' title="bbox 2419 4946 3993 5025">
    <p class='ocr_par' dir='ltr' id='par_1_110' title="bbox 2419 4946 3993 5025">
     <span class='ocr_line' id='line_1_110' title="bbox 2419 4946 3993 5025; baseline -0.005 -20"><span class='ocrx_word' id='word_1_765' title='bbox 2419 4953 2688 5025; x_wconf 81' lang='grc' dir='ltr'>Κρατερῷ</span> <span class='ocrx_word' id='word_1_766' title='bbox 2710 4951 2786 5022; x_wconf 86' lang='grc' dir='ltr'>τῷ</span> <span class='ocrx_word' id='word_1_767' title='bbox 2814 4952 2921 5004; x_wconf 82' lang='grc' dir='ltr'><strong>τῶν</strong></span> <span class='ocrx_word' id='word_1_768' title='bbox 2950 4949 3383 5021; x_wconf 79' lang='grc' dir='ltr'>Κιὸυρῤαιωτῶν</span> <span class='ocrx_word' id='word_1_769' title='bbox 3404 4949 3695 5019; x_wconf 84' lang='grc' dir='ltr'>στρατηγῷ</span> <span class='ocrx_word' id='word_1_770' title='bbox 3723 4946 3993 4999; x_wconf 73' lang='grc' dir='ltr'>ἐνετείλα-</span> 
     </span>
    </p>
   </div>
   <div class='ocr_carea' id='block_1_111' title="bbox 2420 5039 3992 5112">
    <p class='ocr_par' dir='ltr' id='par_1_111' title="bbox 2420 5039 3992 5112">
     <span class='ocr_line' id='line_1_111' title="bbox 2420 5039 3992 5112; baseline -0.006 -16"><span class='ocrx_word' id='word_1_771' title='bbox 2420 5060 2482 5097; x_wconf 84' lang='grc' dir='ltr'><strong>το</strong></span> <span class='ocrx_word' id='word_1_772' title='bbox 2508 5043 2685 5106; x_wconf 82' lang='grc' dir='ltr'>πάσας</span> <span class='ocrx_word' id='word_1_773' title='bbox 2709 5042 2805 5104; x_wconf 81' lang='grc' dir='ltr'><strong>τὰς</strong></span> <span class='ocrx_word' id='word_1_774' title='bbox 2839 5043 2933 5095; x_wconf 83' lang='grc' dir='ltr'>ὑπ’</span> <span class='ocrx_word' id='word_1_775' title='bbox 2957 5042 3107 5112; x_wconf 82' lang='grc' dir='ltr'><strong>σὺτῷ</strong></span> <span class='ocrx_word' id='word_1_776' title='bbox 3134 5040 3264 5105; x_wconf 85' lang='grc' dir='ltr'>ναῦς</span> <span class='ocrx_word' id='word_1_777' title='bbox 3298 5040 3584 5109; x_wconf 77' lang='grc' dir='ltr'>ἑτοιμάσαι</span> <span class='ocrx_word' id='word_1_778' title='bbox 3628 5041 3725 5092; x_wconf 79' lang='grc' dir='ltr'><strong>καὶ</strong></span> <span class='ocrx_word' id='word_1_779' title='bbox 3779 5039 3992 5106; x_wconf 80' lang='grc' dir='ltr'>ἀπᾶραι</span> 
     </span>
    </p>
   </div>
   <div class='ocr_carea' id='block_1_112' title="bbox 2420 5129 3991 5204">
    <p class='ocr_par' dir='ltr' id='par_1_112' title="bbox 2420 5129 3991 5204">
     <span class='ocr_line' id='line_1_112' title="bbox 2420 5129 3991 5204; baseline -0.004 -18"><span class='ocrx_word' id='word_1_780' title='bbox 2420 5135 2500 5197; x_wconf 81' lang='grc' dir='ltr'><strong>είς</strong></span> <span class='ocrx_word' id='word_1_781' title='bbox 2529 5134 2754 5204; x_wconf 80' lang='grc' dir='ltr'>Κρήτην</span> <span class='ocrx_word' id='word_1_782' title='bbox 2777 5148 2790 5161; x_wconf 88' lang='grc'>·</span> <span class='ocrx_word' id='word_1_783' title='bbox 2820 5134 2878 5195; x_wconf 83' lang='grc' dir='ltr'>ὃς</span> <span class='ocrx_word' id='word_1_784' title='bbox 2909 5133 3006 5186; x_wconf 81' lang='grc' dir='ltr'><strong>σὺν</strong></span> <span class='ocrx_word' id='word_1_785' title='bbox 3031 5132 3332 5195; x_wconf 78' lang='grc' dir='ltr'>διακοσίαις</span> <span class='ocrx_word' id='word_1_786' title='bbox 3359 5131 3518 5183; x_wconf 83' lang='grc' dir='ltr'>ναυσὶ</span> <span class='ocrx_word' id='word_1_787' title='bbox 3550 5129 3991 5197; x_wconf 79' lang='grc' dir='ltr'>παραγενόμενος</span> 
     </span>
    </p>
   </div>
   <div class='ocr_carea' id='block_1_113' title="bbox 2418 5218 3991 5295">
    <p class='ocr_par' dir='ltr' id='par_1_113' title="bbox 2418 5218 3991 5295">
     <span class='ocr_line' id='line_1_113' title="bbox 2418 5218 3991 5295; baseline -0.007 -15"><span class='ocrx_word' id='word_1_788' title='bbox 2418 5226 2587 5289; x_wconf 79' lang='grc' dir='ltr'>αὐτὰς</span> <span class='ocrx_word' id='word_1_789' title='bbox 2613 5226 2975 5295; x_wconf 70' lang='grc' dir='ltr'>ἠλευθέρωσε,</span> <span class='ocrx_word' id='word_1_790' title='bbox 3031 5228 3127 5278; x_wconf 81' lang='grc' dir='ltr'>καὶ</span> <span class='ocrx_word' id='word_1_791' title='bbox 3180 5226 3239 5277; x_wconf 78' lang='grc' dir='ltr'>ὲν</span> <span class='ocrx_word' id='word_1_792' title='bbox 3269 5227 3335 5293; x_wconf 77' lang='grc' dir='ltr'>τῇ</span> <span class='ocrx_word' id='word_1_793' title='bbox 3385 5222 3582 5293; x_wconf 75' lang='grc' dir='ltr'>Κρήτῃ</span> <span class='ocrx_word' id='word_1_794' title='bbox 3632 5221 3855 5290; x_wconf 79' lang='grc' dir='ltr'>ἀπάρας</span> <span class='ocrx_word' id='word_1_795' title='bbox 3889 5218 3991 5270; x_wconf 81' lang='grc' dir='ltr'>τῶν</span> 
     </span>
    </p>
   </div>
   <div class='ocr_carea' id='block_1_114' title="bbox 2418 5313 3993 5387">
    <p class='ocr_par' dir='ltr' id='par_1_114' title="bbox 2418 5313 3993 5387">
     <span class='ocr_line' id='line_1_114' title="bbox 2418 5313 3993 5387; baseline -0.003 -19"><span class='ocrx_word' id='word_1_796' title='bbox 2418 5318 2596 5370; x_wconf 74' lang='grc' dir='ltr'>ἐκεῖσε</span> <span class='ocrx_word' id='word_1_797' title='bbox 2639 5316 2953 5387; x_wconf 79' lang='grc' dir='ltr'>’Δγαρηνῶν</span> <span class='ocrx_word' id='word_1_798' title='bbox 2981 5316 3199 5370; x_wconf 83' lang='grc' dir='ltr'>πάντων</span> <span class='ocrx_word' id='word_1_799' title='bbox 3228 5314 3675 5384; x_wconf 84' lang='grc' dir='ltr'>κατεκυρίευσεν,</span> <span class='ocrx_word' id='word_1_800' title='bbox 3720 5313 3816 5365; x_wconf 81' lang='grc' dir='ltr'><strong>καὶ</strong></span> <span class='ocrx_word' id='word_1_801' title='bbox 3845 5313 3993 5365; x_wconf 60' lang='lat' dir='ltr'><strong>avaro</strong></span> 
     </span>
    </p>
   </div>
   <div class='ocr_carea' id='block_1_115' title="bbox 2419 5403 3994 5479">
    <p class='ocr_par' dir='ltr' id='par_1_115' title="bbox 2419 5403 3994 5479">
     <span class='ocr_line' id='line_1_115' title="bbox 2419 5403 3994 5479; baseline -0.003 -19"><span class='ocrx_word' id='word_1_802' title='bbox 2419 5409 2609 5479; x_wconf 83' lang='grc' dir='ltr'>ρήσειν</span> <span class='ocrx_word' id='word_1_803' title='bbox 2644 5406 2983 5477; x_wconf 76' lang='grc' dir='ltr'>βεϐούλευτο,</span> <span class='ocrx_word' id='word_1_804' title='bbox 3020 5409 3069 5458; x_wconf 81' lang='grc' dir='ltr'>εἰ</span> <span class='ocrx_word' id='word_1_805' title='bbox 3103 5407 3177 5477; x_wconf 82' lang='grc' dir='ltr'><strong>μή</strong></span> <span class='ocrx_word' id='word_1_806' title='bbox 3208 5422 3351 5467; x_wconf 86' lang='grc' dir='ltr'>τινες</span> <span class='ocrx_word' id='word_1_807' title='bbox 3379 5405 3475 5457; x_wconf 86' lang='grc' dir='ltr'><strong>τοῦ</strong></span> <span class='ocrx_word' id='word_1_808' title='bbox 3505 5403 3637 5457; x_wconf 85' lang='grc' dir='ltr'>λσοῦ</span> <span class='ocrx_word' id='word_1_809' title='bbox 3663 5405 3852 5465; x_wconf 78' lang='grc' dir='ltr'>κακῶς</span> <span class='ocrx_word' id='word_1_810' title='bbox 3873 5421 3994 5472; x_wconf 71' lang='grc' dir='ltr'>φροο</span> 
     </span>
    </p>
   </div>
   <div class='ocr_carea' id='block_1_116' title="bbox 2419 5491 3994 5567">
    <p class='ocr_par' dir='ltr' id='par_1_116' title="bbox 2419 5491 3994 5567">
     <span class='ocr_line' id='line_1_116' title="bbox 2419 5491 3994 5567; baseline -0.002 -19"><span class='ocrx_word' id='word_1_811' title='bbox 2419 5497 2640 5561; x_wconf 79' lang='grc' dir='ltr'>νοῦντες</span> <span class='ocrx_word' id='word_1_812' title='bbox 2674 5497 2837 5551; x_wconf 82' lang='grc' dir='ltr'>τοῦτο</span> <span class='ocrx_word' id='word_1_813' title='bbox 2869 5497 3172 5562; x_wconf 80' lang='grc' dir='ltr'>ἐκώλυσαν,</span> <span class='ocrx_word' id='word_1_814' title='bbox 3228 5495 3532 5567; x_wconf 80' lang='grc' dir='ltr'>εἰρηκότες,</span> <span class='ocrx_word' id='word_1_815' title='bbox 3586 5493 3660 5555; x_wconf 81' lang='grc' dir='ltr'>ὠς</span> <span class='ocrx_word' id='word_1_816' title='bbox 3715 5491 3994 5561; x_wconf 64' lang='grc' dir='ltr'>Οὐδαμῶς</span> 
     </span>
    </p>
   </div>
   <div class='ocr_carea' id='block_1_117' title="bbox 2417 5583 3993 5658">
    <p class='ocr_par' dir='ltr' id='par_1_117' title="bbox 2417 5583 3993 5658">
     <span class='ocr_line' id='line_1_117' title="bbox 2417 5583 3993 5658; baseline -0.004 -17"><span class='ocrx_word' id='word_1_817' title='bbox 2417 5589 2486 5642; x_wconf 85' lang='grc' dir='ltr'>ἐν</span> <span class='ocrx_word' id='word_1_818' title='bbox 2508 5589 2679 5644; x_wconf 79' lang='grc' dir='ltr'>νυκτὶ</span> <span class='ocrx_word' id='word_1_819' title='bbox 2712 5587 2874 5645; x_wconf 84' lang='grc' dir='ltr'>οὗτοι</span> <span class='ocrx_word' id='word_1_820' title='bbox 2916 5591 3065 5658; x_wconf 81' lang='grc' dir='ltr'>πρὸς</span> <span class='ocrx_word' id='word_1_821' title='bbox 3115 5586 3270 5656; x_wconf 76' lang='grc' dir='ltr'><strong>ἡμᾶς</strong></span> <span class='ocrx_word' id='word_1_822' title='bbox 3323 5583 3760 5648; x_wconf 75' lang='grc' dir='ltr'>ἀντιτάξοιντο,</span> <span class='ocrx_word' id='word_1_823' title='bbox 3820 5583 3899 5647; x_wconf 82' lang='grc' dir='ltr'>τῷ</span> <span class='ocrx_word' id='word_1_824' title='bbox 3928 5583 3993 5634; x_wconf 73' lang='grc' dir='ltr'>δὲ</span> 
     </span>
    </p>
   </div>
   <div class='ocr_carea' id='block_1_118' title="bbox 2419 5676 3987 5751">
    <p class='ocr_par' dir='ltr' id='par_1_118' title="bbox 2419 5676 3987 5751">
     <span class='ocr_line' id='line_1_118' title="bbox 2419 5676 3987 5751; baseline -0.004 -19"><span class='ocrx_word' id='word_1_825' title='bbox 2419 5682 2569 5748; x_wconf 77' lang='grc' dir='ltr'>πρωῒ</span> <span class='ocrx_word' id='word_1_826' title='bbox 2592 5679 2985 5751; x_wconf 80' lang='grc' dir='ltr'>κατάσχωμεν</span> <span class='ocrx_word' id='word_1_827' title='bbox 3011 5681 3253 5745; x_wconf 84' lang='grc' dir='ltr'>αὐτούς.</span> <span class='ocrx_word' id='word_1_828' title='bbox 3287 5678 3393 5732; x_wconf 74' lang='grc' dir='ltr'>Καὶ</span> <span class='ocrx_word' id='word_1_829' title='bbox 3421 5678 3485 5746; x_wconf 82' lang='grc' dir='ltr'>δὴ</span> <span class='ocrx_word' id='word_1_830' title='bbox 3536 5676 3987 5747; x_wconf 72' lang='grc' dir='ltr'>φρεναπατηθέν·</span> 
     </span>
    </p>
   </div>
   <div class='ocr_carea' id='block_1_119' title="bbox 2020 5763 2706 5826">
    <p class='ocr_par' dir='ltr' id='par_1_119' title="bbox 2020 5763 2706 5826">
     <span class='ocr_line' id='line_1_119' title="bbox 2020 5763 2706 5826; baseline 0.007 -8"><span class='ocrx_word' id='word_1_831' title='bbox 2020 5763 2253 5818; x_wconf 68' lang='grc' dir='ltr'>νΑιιιΑε</span> <span class='ocrx_word' id='word_1_832' title='bbox 2304 5768 2706 5826; x_wconf 67' lang='lat' dir='ltr'><strong>LECTIONES.</strong></span> 
     </span>
    </p>
   </div>
   <div class='ocr_carea' id='block_1_120' title="bbox 844 5850 1857 5927">
    <p class='ocr_par' dir='ltr' id='par_1_120' title="bbox 844 5850 1857 5927">
     <span class='ocr_line' id='line_1_120' title="bbox 844 5850 1857 5927; baseline 0.006 -22"><span class='ocrx_word' id='word_1_833' title='bbox 844 5850 887 5883; x_wconf 84' lang='lat'><strong>&quot;</strong></span> <span class='ocrx_word' id='word_1_834' title='bbox 920 5850 1012 5905; x_wconf 75' lang='grc' dir='ltr'>καὶ</span> <span class='ocrx_word' id='word_1_835' title='bbox 1043 5850 1272 5922; x_wconf 62' lang='grc' dir='ltr'>σκὼλωψ</span> <span class='ocrx_word' id='word_1_836' title='bbox 1307 5854 1528 5919; x_wconf 76' lang='grc' dir='ltr'>πυκνὸς,</span> <span class='ocrx_word' id='word_1_837' title='bbox 1554 5857 1767 5927; x_wconf 78' lang='grc' dir='ltr'>χάρακα</span> <span class='ocrx_word' id='word_1_838' title='bbox 1795 5854 1857 5911; x_wconf 76' lang='grc' dir='ltr'><strong>Ρ.</strong></span> 
     </span>
    </p>
   </div>
  </div>
