4174 6442
737 389 846 457 687

1986 386 2363 446 SYMEON’IS
2402 386 2776 444 MAGISTRI

3895 386 4003 448 688

737 501 920 555 fuerat
971 494 1151 566 gladio
1200 494 1513 550 discissum.
1562 493 1812 549 Ostendit
1863 493 2206 563 Theophilus
2265 496 2316 547 in

2450 499 2542 558 ςὲν,
2576 498 2667 549 καὶ
2699 496 3077 549 ὑποδείκνυσιν
3108 494 3237 549 αὐτὸ
3263 496 3411 566 πάσῃ
3435 498 3499 567 τῇ
3534 497 3825 566 συγκλήτῳ
3850 498 3909 549 ἰν
3928 498 4005 565 τῷ

741 590 932 645 sedilis
984 589 1105 641 loco
1168 587 1427 640 universo
1493 585 1738 647 senatui,
1795 599 1858 637 ac
1910 584 2060 637 velut
2114 585 2207 653 qui
2262 584 2315 637 in

738 680 941 748 templo
982 678 1195 733 Domini
1239 678 1443 732 eaedem
1477 685 1912 746 perpetrassent,
1946 675 2003 729 in
2038 690 2134 730 eos
2161 676 2317 746 jubet

737 768 1146 834 animadverti,
1208 784 1399 821 revera
1453 777 1637 820 autem
1690 768 1844 822 velut
1893 768 1985 836 qui
2062 766 2315 836 ejusdem

740 878 924 917 secum
961 860 1186 913 haeresis
1216 860 1426 913 socium
1464 861 1694 929 parique
1731 860 2073 912 laborantem
2124 858 2321 926 impie-

2427 587 2744 657 καθίσματι,
2770 588 2861 640 καί
2892 605 3054 657 φησιν
3080 588 3153 650 ὡς
3186 591 3264 653 εἰς
3288 588 3414 642 ναὸν
3436 589 3642 657 Κυρίου
3675 589 4007 659 τετολμηκό·

2424 697 2518 743 τας
2558 679 2892 749 ποιήσασθαι
2929 683 3029 749 τὴν
3060 680 3362 751 ἀναίρεσιν,
3394 684 3459 751 τῇ
3479 682 3525 734 δ’
3554 680 3784 751 ἀληθείᾳ
3806 682 3883 744 ὡς
3916 681 4003 733 τὸν

2428 772 2853 845 συναιρεσιώτην
2872 772 3044 825 αὐτοῦ
3081 772 3175 826 καί
3194 773 3470 843 ὁμόφρονα
3492 774 3571 835 εἰς
3594 772 3852 826 ἀσέϐειαν
3873 775 4003 825 άπο-

2428 864 2759 927 κτείναντας.
2798 867 2986 934 Είχετο
3017 866 3125 936 γάρ
3155 867 3182 918 6
3202 864 3485 935 ἀλιτήριος
3520 867 3618 935 τῆς
3649 866 3861 921 ἐκείνου
3894 866 4009 919 θεο-

742 963 851 1006 tate
877 952 1249 1005 sustulissent.
1282 950 1614 1003 Adhaerebat
1638 949 1783 1004 enim
1816 949 1983 1002 miser
2010 949 2121 1001 Deo
2147 963 2325 1001 exosa:

2450 955 2657 1025 πτυγοῦς
2695 958 2981 1028 αἱρέσεως,
3035 957 3143 1011 τῶν
3177 974 3236 1009 τε
3269 958 3440 1025 άγίων
3487 959 3712 1012 εἰκόνων
3763 958 3867 1021 τὰς
3910 959 4011 1027 μὲν

743 1044 893 1097 illius
925 1042 1154 1105 haeresi;
1183 1042 1277 1111 qui
1310 1052 1630 1096 sanctorum
1667 1042 1933 1111 imagines
1967 1041 2103 1095 alias
2137 1039 2327 1093 detra-

745 1135 938 1198 heret,
1000 1133 1137 1187 alias
1189 1133 1489 1197 eﬂ‘odcret,
1548 1143 1714 1201 atque
1769 1132 2069 1185 monachos
2122 1131 2326 1201 pietate

750 1226 994 1280 illustres
1041 1224 1238 1279 exsilio
1285 1225 1547 1279 multaret
1601 1240 1666 1278 ac
1715 1223 2042 1279 verberibus
2095 1224 2327 1294 aliisque

750 1319 1145 1375 crueiamentis
1184 1317 1598 1372 dehonestarct.

818 1450 873 1505 5.
916 1450 1208 1519 Theophili
1250 1464 1394 1503 anno
1437 1450 1684 1505 secundo
1737 1450 2113 1519 TheOphobus
2166 1450 2331 1505 Persa

754 1555 863 1595 una
894 1555 1019 1593 cum
1047 1548 1201 1608 patre
1225 1552 1287 1591 ac
1314 1538 1605 1592 Persarum
1636 1538 2056 1606 quatuordecim
2090 1538 2333 1593 millibus

754 1631 823 1685 ad
868 1633 1149 1686 Romanos
1193 1629 1518 1699 transfugit;
1570 1631 1775 1700 quibus
1804 1646 1905 1701 per
1938 1640 2147 1687 turmas
2172 1633 2337 1703 626

755 1724 947 1778 divisis
972 1723 1028 1776 in
1048 1722 1386 1777 thematibus
1406 1722 1777 1777 habitationes
1798 1724 2095 1795 assignavit
2120 1744 2132 1777 :
2156 1726 2335 1793 ipsum

2432 1050 2755 1114 κατασπῶν,
2788 1051 2887 1111 τὰς
2916 1050 2972 1102 δὲ
3004 1049 3335 1118 ἀνορύττων,
3365 1050 3459 1103 καλ⁸
3484 1052 3610 1115 τοὺς
3641 1052 3726 1105 ἐπ’
3755 1051 4015 1121 εὐλαϐείᾳ

2436 1142 2702 1211 μοναχοὺς
2725 1140 2983 1213 ὲξορίζων
3013 1141 3107 1193 καί
3128 1141 3499 1209 αἰκιζόμενος.

2505 1462 2575 1522 γ’.
2611 1452 2702 1524 Τῷ
2734 1452 2776 1523 β’
2798 1453 2987 1506 τούτου
3019 1452 3130 1505 ἔτει
3165 1454 3476 1522 προσέφυγε
3513 1452 3784 1519 Θεόφοόος
3811 1455 3839 1506 6
3872 1454 4023 1525 Πέρ-

2438 1561 2537 1614 σης
2575 1544 2892 1613 Ῥωμαίοις,
2928 1543 3047 1613 ἅμα
3100 1544 3179 1613 τῷ
3215 1546 3384 1615 πατρί
3414 1547 3579 1598 αὑτοῦ
3620 1548 3757 1616 μετὰ
3790 1550 4023 1619 Περσῶν

2438 1635 2679 1705 χιλιάδας
2706 1632 2784 1698 ιδ’,
2814 1632 2906 1697 οὓς
2947 1636 3041 1688 καὶ
3088 1635 3355 1705 διένειμεν
3389 1637 3446 1688 ὲν
3469 1640 3579 1697 τοῖς
3616 1637 3817 1706 θέμασι
3846 1656 4027 1692 κατα-

2441 1728 2727 1798 σκηνώσας
2758 1729 2851 1781 καὶ
2878 1730 3123 1797 τούρμας
3152 1731 3631 1799 ἀποκαταστήσας.
3650 1734 3821 1785 Αὑτὸν
3846 1734 3904 1785 δὲ
3933 1734 4025 1785 τὸν

754 1829 888 1869 vero
922 1814 1323 1883 Theophobum
1357 1813 1663 1869 Theodora:
1696 1815 1957 1884 Augusta:
2006 1817 2187 1871 sorori
2228 1831 2336 1869 nu-

2450 1820 2707 1888 Θεόφοόον
2743 1823 2821 1883 εἰς
2852 1819 3086 1891 ἀδελφὴν
3118 1819 3398 1889 Θεοδὼρας
3422 1824 3738 1892 Αύγούστης
3770 1824 4028 1893 γαμϐρίν

757 1910 891 1979 ptiis
919 1908 1204 1976 c0pulans,
1236 1922 1301 1960 ea
1337 1906 1441 1959 sibi
1487 1906 1701 1959 ratione
1748 1906 1985 1961 levirum
2030 1906 2182 1961 fecit.
2216 1908 2339 1961 Per-

757 2016 944 2057 sarum
979 1999 1228 2052 moribus
1256 2013 1318 2052 ea
1346 1999 1435 2052 lex
1468 1998 1758 2052 obtinebat
1789 2006 1848 2052 ut
1877 2014 1944 2053 ex
1978 2000 2151 2069 stirpe
2187 1999 2340 2069 regia

757 2093 1113 2163 designarent
1156 2090 1251 2159 qui
1288 2090 1435 2159 apud
1471 2092 1595 2146 illos
1627 2107 1815 2146 rerum
1862 2099 2048 2145 essent
2087 2091 2340 2161 petituri.

758 2182 893 2238 Cum
928 2186 1113 2251 itaque
1139 2180 1422 2244 continuis
1458 2180 1621 2235 hellis
1644 2180 1828 2235 excisa
1857 2181 2151 2236 defecisset
2176 2184 2342 2252 stirps

760 2274 910 2343 regia
958 2274 1126 2341 inque
1177 2272 1265 2326 his
1313 2272 1585 2340 angustiis
1622 2272 1801 2325 Persae
1846 2280 2225 2335 versarentur,
2287 2273 2341 2327 in

762 2375 1003 2419 mentem
1031 2362 1183 2417 venit
1210 2362 1477 2433 quosdam
1511 2362 1647 2432 regii
1685 2363 1966 2433 sanguinis
1994 2364 2061 2417 ad
2104 2364 2342 2433 impera-

764 2466 944 2510 torem
999 2455 1309 2509 Romanum
1354 2452 1732 2524 transfugisse.
1788 2453 2057 2519 Quocirca
2116 2470 2344 2510 necesse

763 2555 1121 2619 putaverunt,
1151 2547 1339 2600 relicta
1383 2546 1580 2615 patria,
1630 2556 1690 2599 ut
1728 2545 1796 2599 ad
1829 2546 2090 2601 Romana:
2120 2546 2347 2603 ditionis

765 2640 885 2693 loca
926 2637 1431 2708 proﬁciscerentur,
1493 2635 1820 2705 TheOphobi
1867 2652 2052 2701 causa,
2115 2653 2226 2707 quo
2281 2653 2348 2693 ex

766 2744 929 2806 gente
985 2748 1085 2789 sua
1150 2729 1347 2786 ducem
1405 2730 1490 2784 eis
1557 2730 1807 2785 nancisci
1863 2731 2078 2786 liceret.
2136 2729 2216 2784 Ac
2262 2728 2347 2783 vel

766 2825 1022 2889 maxime,
1055 2820 1201 2890 quod
1228 2828 1285 2873 et
1314 2820 1607 2874 Persarum
1649 2820 1762 2874 dux
1795 2820 1993 2885 Babee,
2021 2835 2145 2873 cum
2176 2833 2351 2873 annos

767 2917 1011 2985 quinque
1041 2912 1351 2967 defectione
1383 2911 1452 2964 ab
1478 2915 1825 2965 Amermume
1868 2912 2140 2966 exaltutus
2181 2917 2347 2974 esset,

766 3007 1040 3061 bellorum
1066 3003 1290 3058 interim
1328 3003 1758 3074 praeliorumque
1788 3004 2001 3057 incerto
2034 3012 2347 3073 superatus,

770 3096 1093 3167 Theophobi
1141 3104 1354 3166 patrem
1409 3094 1612 3165 Sinope
1666 3096 2025 3164 quaesiturus,
2081 3110 2207 3148 cum
2266 3109 2352 3148 sc-

2445 1916 2740 1983 έποιήσατο
2784 1919 2971 1984 τρόπῳ
3006 1913 3239 1984 ποιῷδε’
3273 1915 3399 1977 Τοῖς
3430 1916 3670 1985 Πέρσαις
3710 1910 3833 1980 ἔθος
3860 1914 3931 1985 ἦν
3960 1918 4026 1969 ἐκ

2446 2006 2949 2078 σειρᾶςβασιλικῆς
2971 2007 3195 2077 ὑπέχειν
3222 2008 3526 2077 ἀνάρρησιν
3546 2023 3561 2040 ι
3593 2008 3714 2060 ὅθεν
3746 2011 3865 2071 τοῖς
3897 2008 4028 2060 ἁλὶ-

2445 2098 2768 2168 επαλλήλοις
2797 2099 3054 2169 πολέμοις
3107 2099 3209 2167 τῆς
3240 2099 3525 2169 βασιλικῆς
3548 2102 3735 2169 σειρᾶς
3768 2101 4030 2154 ἐκλιπού-

2448 2208 2567 2261 σης,
2601 2193 2697 2261 καί
2723 2194 2780 2246 ὲν
2808 2191 3089 2261 ἀμηχανία
3113 2192 3420 2258 γεγονότες,
3446 2191 3691 2258 ἔγνωσαν
3720 2193 3796 2255 ὡς
3830 2195 3896 2245 ὲκ
3925 2193 4030 2260 τῆς

2449 2258 2738 2355 βασιλικῆς
2795 2258 3117 2353 συγγενείας
3163 2285 3241 2353 τῷ
3277 2284 3487 2353 βασιλεί
3539 2286 3828 2355 Ῥωμαίων
3880 2258 4032 2348 τινές

2448 2378 2894 2450 προσερῤύησαν,
2923 2377 3020 2430 καὶ
3063 2376 3157 2429 ἐπὶ
3199 2364 3376 2445 τούτῴ
3412 2378 3691 2431 ἀσπαστὸν
3714 2378 4034 2445 ἐλογίσαντο

2445 2470 2547 2540 τῆς
2579 2471 2787 2533 οἰκείας
2818 2472 3001 2539 χώρας
3047 2468 3464 2523 ἀπαναστεῦσαι
3516 2470 3609 2522 καὶ
3635 2472 4033 2541 προσχωρῆσαι

2447 2564 2512 2632 τῇ
2558 2560 2820 2630 Ῥωμαῖδι
2845 2560 2934 2613 διὰ
2984 2560 3075 2614 τὸν
3125 2560 3418 2629 Θεόφοόον,
3448 2559 3536 2632 [Ρ.
3570 2561 3700 2633 416]
3741 2563 3898 2624 ὅπως
3932 2563 4033 2616 τοῦ

2450 2653 2588 2709 κατὰ
2634 2654 2824 2720 γένους
2855 2653 2900 2685 ²⁰
2932 2653 3177 2723 ἀρχηγοῦ
3223 2654 3608 2721 ἰπιτεύξοιντο,
3648 2656 3743 2708 καὶ
3791 2655 4038 2725 μάλιστα.

2450 2747 2532 2799 ὅτι
2563 2746 2657 2800 καὶ
2684 2748 2712 2797 6
2744 2744 2970 2815 Περσῶν
2992 2743 3235 2815 ἀρχηγὸς
3252 2744 3433 2799 Βαὸὲκ
3458 2747 3759 2801 ἀποστάσει
3791 2750 3857 2817 τῇ
3894 2750 4034 2816 πρὸς

2450 2838 2540 2891 τὸν
2568 2838 2962 2908 Ἀμερμουμῆν
2992 2838 3084 2890 ἐπὶ
3114 2838 3484 2911 πέντεκέτεσιν
3506 2840 3913 2910 ὲκεκορύφωτο.
3934 2836 4037 2895 Ὧν

2450 2930 2759 2999 ἀναμεταξὺ
2799 2931 3025 3001 πόλεμοι
3049 2932 3477 3001 συμϐεϐηκότες,
3513 2934 3768 3005 ἡττηθεὶς
3794 2936 3823 2987 6
3854 2933 4040 2988 Βαὸὲκ

2455 3023 2627 3093 εἰσῄει
2664 3026 2762 3077 σὺν
2793 3024 3029 3094 χιλιάσιν
3057 3021 3100 3090 ζ’
3132 3024 3267 3096 πρὸς
3302 3026 3400 3093 τὴν
3444 3027 3763 3097 Ῥωμαϊκὴν
3795 3029 4039 3099 ἐπικρά-

2454 3134 2625 3182 τειαν,
2654 3117 2745 3170 τὸν
2758 3118 3028 3185 Θεοφόὸου
3058 3118 3273 3188 πατέρα
3300 3119 3443 3172 κατά
3458 3120 3558 3189 τὴν
3586 3119 4038 3192 πόλινΣινὼπηη

770 3201 918 3259 ptem
972 3189 1207 3242 millium
1258 3188 1488 3242 cohorte
1559 3187 1625 3241 ad
1681 3189 1959 3243 Romanos
2019 3195 2347 3241 accesserat.

2457 3210 2793 3280 ἀνερευνῶνσ
2823 3212 2927 3264 δνό
2959 3212 3139 3266 Βαόὲκ
3168 3187 3535 3283 κατειληφὼς,
3568 3214 3772 3282 ἐγγύας
3794 3233 3854 3268 τε
3889 3187 4041 3285 πείοὰ

772 3280 930 3334 llunc
960 3280 1137 3334 Babee
1164 3294 1289 3334 cum
1336 3278 1660 3343 invenisset,
1708 3287 1874 3347 atque
1909 3278 1979 3331 ab
2020 3277 2353 3347 imperatore

774 3372 1088 3428 securitatis
1142 3370 1307 3425 ﬁdem
1370 3370 1718 3439 accepisset,
1794 3384 1917 3424 eam
1980 3370 2072 3424 cui
2122 3380 2356 3439 praeerat

775 3464 1013 3518 militum
1049 3479 1273 3518 manum
1304 3479 1475 3532 seque
1512 3462 1691 3531 ipsum
1730 3462 2052 3531 imperatori
2094 3464 2352 3533 subjecit.

774 3558 915 3635 Sunt
948 3558 1041 3629 qui
1089 3559 1253 3613 aliter
1288 3554 1553 3621 referant,
1590 3557 1918 3627 Theophobi
1950 3566 2181 3633 patrem
2227 3572 2355 3625 ege-

774 3634 907 3705 num
978 3651 1259 3705 hominem
1320 3649 1643 3719 Byzantium
1706 3634 1964 3713 venisse,
2022 3664 2086 3702 ac
2138 3648 2355 3703 cuidam

774 3741 994 3796 mulieri
1046 3742 1150 3796 sub
1200 3740 1459 3794 mercede
1508 3739 1842 3808 eauponaria
1891 3740 2126 3793 merenti
2173 3738 2359 3792 adhae-

777 3834 941 3889 sisse.
970 3833 1103 3905 Ejus
1134 3849 1269 3888 vero
1310 3842 1532 3904 captum
1563 3848 1751 3887 amore
1795 3848 2063 3888 venereos
2100 3850 2225 3887 cum
2268 3834 2358 3886 illa

772 3924 1061 3993 amplexus
1100 3924 1401 3991 habuisse;
1434 3940 1501 3979 ex
1533 3940 1643 3992 quo
1672 3925 1870 3979 mulier
1908 3941 2034 3979 cum
2075 3926 2359 3994 concepis-

776 4025 879 4081 set,
926 4017 1232 4070 masculum
1282 4016 1587 4087 peperisse.
1643 4017 1838 4071 Persas
1880 4017 2065 4086 itaque
2112 4026 2359 4071 astrono-

778 4110 921 4163 mica
951 4110 1181 4175 scientia
1211 4126 1276 4165 ac
1296 4111 1582 4166 vaticinali
1609 4112 1836 4167 solertia
1867 4111 2361 4167 exercitatissimos

780 4200 1070 4254 Persarum
1103 4202 1248 4272 regis
1288 4200 1505 4257 affinem
1535 4202 1830 4272 quemdam
1877 4202 2122 4273 Byzantii
2150 4200 2359 4256 versari

779 4294 1141 4361 cognovisse;
1206 4305 1435 4364 tumque
1501 4294 1572 4348 ad
1637 4295 2024 4364 imperatorem
2083 4293 2362 4362 ingressos

778 4384 941 4455 627
972 4399 1121 4449 eum,
1156 4386 1315 4454 cujus
1343 4400 1507 4439 causa
1549 4386 1654 4441 iter
1684 4392 2076 4454 susceperant,
2123 4384 2363 4455 diligen-

784 4489 869 4532 ter
910 4480 1268 4548 quaerendum
1329 4495 1569 4552 rogasse.
1624 4483 2038 4551 Imperatorem,
2087 4496 2211 4535 cum
2265 4497 2363 4535 au-

784 4569 955 4623 disset
986 4571 1164 4639 deque
1197 4572 1419 4626 homine
1457 4574 1652 4627 sedulo
1680 4574 1995 4629 sciscitatus
2022 4582 2191 4639 esset,
2224 4574 2362 4628 nihil

782 4674 963 4729 opera:
995 4660 1212 4715 fecisse.
1241 4662 1440 4717 Postea
1467 4672 1648 4717 tamen
1681 4664 1901 4717 inventa
1943 4664 2200 4728 muliere,
2234 4678 2360 4718 cum

782 4766 891 4818 qua
921 4750 1103 4805 Babee
1127 4753 1290 4807 Persa
1350 4763 1607 4807 versatus
1666 4755 1868 4815 fuerat,
1910 4754 2173 4808 didicisse
2207 4754 2360 4813 illum

786 4840 1011 4909 quidem
1047 4843 1160 4911 jam
1193 4844 1335 4897 vivis
1370 4845 1694 4909 excessisse,
1728 4861 1893 4916 quem
1927 4854 2109 4899 autem
2155 4861 2219 4899 ex
2254 4838 2365 4900 illis

782 4934 1125 5002 amplexibus
1157 4935 1326 4990 filium
1357 4939 1715 5001 sustulerant,
1766 4939 1948 4993 adhuc
2003 4940 2359 5008 superstitem

782 5041 927 5090 esse,
956 5042 1020 5081 ac
1049 5026 1403 5083 duodennem
1430 5030 1535 5099 ipsi
1592 5032 1941 5096 ostendisse;
2002 5047 2241 5101 eumque
2270 5046 2359 5085 as-

782 5136 1065 5191 sumpfum
1120 5126 1507 5194 imperatorem
1561 5127 1617 5181 in
1666 5128 1790 5181 aula
1856 5127 2143 5191 educasse,
2196 5127 2360 5197 inque

784 5216 1053 5271 militares
1088 5234 1348 5274 numeros
1378 5220 1573 5275 Persas
1621 5222 1895 5276 retulisse.

834 5354 887 5404 4.
926 5352 1267 5421 Theophilus
1292 5354 1475 5423 itaque
1500 5355 1819 5424 imperator,
1855 5370 1978 5409 cum
2029 5369 2214 5408 rerum
2245 5356 2358 5409 ele-

783 5444 968 5513 gantia
997 5454 1306 5514 ornatuque
1348 5464 1411 5499 ac
1455 5456 1675 5516 sumptu
1732 5447 2126 5510 delectaretur,
2156 5446 2357 5499 Penta-

787 5537 1037 5607 pyrgium
1060 5553 1126 5591 ex
1153 5540 1369 5610 integro
1401 5539 1704 5595 fabricatus
1728 5548 1833 5601 est,
1865 5539 2088 5607 duoque
2121 5537 2358 5591 maxima

784 5642 991 5699 organa
1018 5646 1155 5685 auro
1198 5632 1370 5687 solida
1430 5631 1668 5687 diversis
1717 5632 2068 5687 interstincta
2128 5628 2355 5699 lapillis,

2458 3300 2721 3369 βασιλέως
2746 3302 3060 3370 δεξάμενος,
3111 3304 3201 3357 τὸν
3226 3305 3318 3357 ὑπ’
3359 3304 3508 3375 αύτῷ
3544 3305 3671 3359 λαόν
3714 3307 3811 3359 καὶ
3843 3308 4042 3359 ἑαυτὸν

2455 3390 2533 3461 τῷ
2561 3391 2772 3461 βασιλεῖ
2822 3393 3064 3462 ὑπήκοον
3100 3393 3368 3447 τέθεικεν.
3414 3394 3626 3457 Ἀλλως
3658 3394 3715 3447 δέ
3752 3413 3927 3464 φασιν
3963 3396 4037 3448 δτι

2456 3484 2484 3536 6
2513 3483 2603 3536 τοῦ
2637 3484 2909 3553 Θεοφόὸου
2947 3485 3129 3556 πατὴρ
3174 3486 3347 3557 εἰσῄει
3376 3485 3455 3556 τῷ
3486 3464 3768 3557 Πυζαντίῳ
3804 3488 4042 3555 πενόμε-

2458 3593 2566 3640 νος,
2593 3577 2686 3630 καί
2725 3595 2829 3631 τινι
2860 3579 3079 3646 γυναικὶ
3132 3580 3291 3645 κατὰ,
3330 3580 3657 3651 μισθαρνίαν
3704 3580 4043 3648 καπηλεύειν

2458 3667 2698 3740 λαχούσῃ
2748 3671 3251 3741 προσκεκόλληται⁶
3284 3672 3344 3735 6;
3394 3672 3472 3743 τῷ
3501 3672 3637 3743 πρὸς
3680 3672 3855 3741 αὐτὴν
3880 3673 4041 3741 ἔρωτι

2462 3765 2623 3828 ἁλοὺς
2650 3766 2784 3836 πρὸς
2814 3767 3008 3836 ἡδονὴν
3032 3766 3430 3838 συμϐιόάζεται
3455 3785 3467 3797 ·
3503 3769 3562 3832 ἐξ
3592 3762 3652 3821 οὗ
3683 3768 4043 3839 σνδνειληφυία

2460 3856 2665 3925 ἄρρενα
2695 3856 2977 3910 ἐκτέτοκεν
3016 3858 3081 3910 ”.
3110 3860 3171 3911 Οἱ
3207 3857 3299 3911 οὖν
3338 3859 3545 3929 Πέρσαι
3580 3860 3925 3929 ἀστρονομία
3955 3860 4043 3910 καὶ

2464 3947 2693 4019 μαντείᾳ
2717 3948 3083 4019 ὴκριϐωμένοι
3112 3950 3353 4017 ἔγνωσαν
3380 3950 3474 4003 τοῦ
3511 3951 3738 4019 Περσῶν
3778 3950 4043 4020 βασιλέως

2463 4044 2701 4109 συγγενῆ
2732 4058 2854 4095 τινα
2885 4044 2941 4093 ὲν
2977 4042 3209 4107 Βύζαντι
3238 4043 3283 4074 ’³
3318 4043 3547 4112 διάγειν.
3593 4042 3879 4096 Ἐντεῦθεν
3910 4043 4044 4113 πρὸς

2462 4132 2553 4184 τὸν
2581 4132 2807 4202 βασιλέα
2837 4133 3169 4196 εἰσελθόντες
3193 4135 3382 4189 τοῦτον
3432 4136 3561 4205 περί
3608 4130 3669 4189 οὗ
3696 4132 3862 4206 ἦλθον
3888 4137 4042 4205 ἐρευ-

2463 4225 2731 4294 νήσασθαι
2780 4225 3041 4295 ἠξίωσαν.
3098 4228 3154 4281 Ὀ
3184 4228 3239 4302 δὲ
3294 4229 3549 4299 βασιλεὺς
3582 4227 3741 4281 τοῦτο
3791 4227 4046 4298 ἀκηκοὼς

2464 4315 2560 4367 καί⁵
2618 4316 3055 4385 ἐρευνησάμενος
3089 4318 3219 4387 περὶ
3248 4316 3438 4369 τούτου
3494 4316 3645 4369 οὐδὲν
3670 4318 3896 4387 ἤνυσεν.
3962 4316 4046 4371 Ἐν

2465 4405 2675 4476 ὑστέρῳ
2727 4406 2783 4460 δὲ
2814 4409 2871 4460 τὸ
2906 4408 3125 4476 γύναιον
3174 4408 3469 4479 εὑρηκότες
3522 4407 3640 4476 μεθ’
3675 4402 3743 4464 ού,
3786 4407 3886 4477 τὴν
3917 4409 4045 4459 ἀνα-

2396 4532 2441 4589 D
2469 4499 2707 4569 στροφὴν
2730 4502 2759 4552 6
2778 4500 2994 4569 Πέρσης
3017 4502 3313 4569 ἐπεποίητο
3339 4500 3541 4561 Βαδὲκ,
3573 4498 3776 4568 ἔμαθον
3796 4500 3874 4561 ὡς
3901 4500 4044 4553 ἐκεῖ·

2467 4605 2554 4653 νος
2593 4589 2691 4659 μὲν
2720 4590 3132 4662 τετελεύτηκεν,
3166 4590 3270 4643 est
3302 4592 3365 4643 ἐκ
3414 4591 3606 4643 τούτου
3640 4590 4047 4662 προενηνεγμέ-

2463 4695 2554 4742 νος
2584 4679 2724 4733 κατὰ
2748 4680 3010 4747 συζυγίαν
3045 4684 3172 4743 παῖς
3197 4680 3278 4733 ἔτι
3306 4680 3617 4751 περίεστινο
3649 4681 3708 4733 δν
3746 4682 3842 4733 καὶ
3873 4680 4045 4747 τούτῳ

2466 4770 2810 4825 ἐπεδείκνυον
2840 4773 3147 4842 δωδεκαετῆ
3195 4775 3554 4844 τυγχάνοντα.
3585 4774 3790 4826 Τοῦτον
3831 4776 3859 4826 6
3893 4773 4045 4842 βασι-

2466 4860 2592 4923 λεὺς
2633 4861 3074 4933 προσλαϐόμενος
3105 4863 3401 4933 ἀνέτρεφεν
3442 4866 3501 4917 ὲν
3538 4864 3616 4933 τῷ
3638 4865 3914 4935 παλατίῳ,
3960 4864 4047 4916 καὶ

2466 4954 2591 5016 τοὺς
2625 4953 2838 5025 Πέρσας
2874 4956 2931 5007 ὲν
2958 4958 3072 5019 τοῖς
3116 4958 3528 5025 στρατιωτικοῖς
3568 4953 3787 5024 κὼδιξιν
3813 4958 4045 5029 ἀνεγρά-

2468 5046 2623 5114 tia-:0.

2544 5351 2607 5406 δ’.
2658 5351 2715 5403 Ὀ
2764 5350 2945 5405 τοίνυν
2995 5349 3248 5421 βασιλεὺς
3281 5349 3540 5418 Θεόφιλος
3595 5351 3925 5419 φιλόκοσμος
3975 5349 4043 5400 ῶν

2475 5444 2873 5506 κατασκευάζει
2901 5442 2962 5507 ἐξ
2988 5444 3164 5514 ἀρχῆς
3192 5443 3250 5496 τὸ
3272 5442 3706 5514 Πενταπύργιον,
3738 5444 3831 5496 καὶ
3864 5443 3928 5495 τὰ
3957 5441 4039 5492 δύο

2475 5538 2707 5605 μέγιστα
2734 5537 2938 5604 δργανα
2966 5536 3235 5605 ὁλόχρυσα
3266 5535 3407 5605 μετὰ
3429 5535 3704 5605 διαφόρων
3746 5535 3927 5594 λίθων,
3954 5531 4039 5584 καὶ

2463 5628 2680 5699 δένδρον
2707 5628 2959 5699 χρύσεον,
3005 5631 3063 5683 ἐν
3084 5622 3129 5698 ᾧ
3170 5628 3419 5699 στρουθοὶ
3449 5627 3771 5700 ἐφεζόμενοι
3826 5629 3909 5681 διὰ
3941 5643 4037 5697 μη·

2098 5708 2331 5774 ΫΑΠΙΑΕ
2364 5717 2765 5774 LECTIUNES.

854 5814 898 5849 ε’
922 5814 1076 5883 γένος
1103 5818 1125 5869 ?
1196 5818 1238 5849 ¹¹
1274 5816 1564 5887 Σινώπηςῖ
1638 5820 1683 5850 ³³
1715 5817 1879 5869 παῖδα
1907 5816 2128 5869 τέτοκεν
2151 5816 2174 5868 ?

2250 5816 2295 5845 ”
2322 5815 2379 5868 ἐν
2414 5814 2480 5884 τῇ
2518 5813 2834 5878 Βύζαντοςῖ
