4174 6442
152 439 263 500 68.0

1272 453 1472 512 ANNA
1485 455 1639 512 [ΕΞ.
1668 478 1734 491 -
1772 457 2104 520 THEU-PIII
2123 461 2278 521 LUS.

3302 470 3406 531 690

159 550 328 616 κανῆς
362 568 508 616 τινος
534 555 811 624 μουσικῶς
844 557 1154 626 ἐκελάδουν,
1184 562 1276 616 τοῦ
1314 564 1622 635 πνεύματος
1656 566 1740 618 διὰ

1868 568 2098 623 ιτὺοτειη
2130 588 2348 640 quoque
2381 591 2625 638 auream,
2664 576 3033 634 insidentibus
3086 581 3142 634 in
3197 594 3262 636 ea
3290 581 3409 636 avi-

157 641 414 709 κρυφίων
435 643 618 716 πόρων
641 648 1107 721 εἰσπεμπομένου.

230 818 295 877 ε’.
338 821 767 896 Ἐκαινούργησε
814 826 872 880 δὲ
923 829 1149 894 καὶτὰς
1196 829 1479 899 βασιλικὰς
1526 834 1738 898 στολὰς,

159 911 289 976 τούς
318 930 382 966 τε
439 913 647 987 λὼρους
691 919 788 972 καὶ
815 919 885 972 τὰ
911 919 1096 988 λοιπὰ,
1155 923 1332 976 πάντα
1362 925 1742 995 χρυσοΰφαντα

161 1009 609 1072 κατασκευάσας.
645 1011 753 1064 Καὶ
783 1011 854 1066 τὰ
899 1013 1001 1084 τῆς
1047 1015 1253 1079 πόλεως
1286 1016 1439 1087 τείχη
1487 1017 1740 1088 χθαμαλὰ

162 1096 296 1150 ὄντα
328 1099 604 1167 ἀνύψωσε.
640 1104 1000 1175 Δικαιοσύνην
1028 1124 1086 1160 τε
1117 1109 1390 1178 κοσμικὴν
1416 1109 1742 1178 προσποιού-

166 1204 332 1254 μενος
361 1193 388 1244 ό
415 1191 514 1263 τὴν
533 1193 717 1249 πίστιν
743 1196 839 1249 καὶ
854 1197 951 1268 τὴν
968 1199 1265 1254 εὐσέϐειαν·
1279 1199 1438 1254 πλέον
1461 1202 1601 1272 ὑπὲρ
1620 1203 1746 1264 τοὺς

163 1279 359 1350 πρώην
399 1282 823 1352 βασιλεύσαντας
850 1288 1008 1360 ἁδική
1020 1306 1135 1354 σας,
1167 1291 1570 1362 προσελθούσης
1597 1292 1745 1360 αὐτῷ

162 1373 424 1436 γυναικὸς
445 1375 618 1445 χήρας
639 1377 697 1429 ἐν
725 1379 1062 1452 Βλαχέρναις
1092 1381 1234 1452 (ἔθος
1265 1385 1373 1456 γὰρ
1395 1385 1543 1455 αὐτῷ
1566 1387 1745 1438 ἐκεῖσε

162 1461 526 1534 ἀπέρχεσθαι)
557 1469 652 1520 καὶ
674 1467 947 1542 βοησάσης
975 1471 1050 1535 ὤς
1079 1473 1316 1528 ἀδικοῖτο
1349 1476 1498 1546 παρὰ
1526 1475 1620 1528 τοῦ
1649 1478 1748 1545 τῆς

166 1554 487 1624 Αύγούστης
514 1558 746 1628 ἀδελφοῦ
764 1564 1026 1634 Πετρωνᾶ
1046 1564 1412 1636 δρουγγαρίου
1440 1569 1538 1635 τῆς
1561 1566 1748 1636 βίγλας

164 1647 317 1710 ὄντος
348 1650 496 1720 (otto:
527 1653 636 1724 γὰρ
677 1655 745 1710 τὰ
799 1657 997 1711 ἑαυτοῦ
1051 1660 1350 1730 οἰκήματα,
1408 1661 1474 1712 τὰ
1528 1660 1583 1713 δὲ
1639 1659 1748 1729 ἐμὰ

168 1745 352 1794 σκοτεῐ
379 1743 475 1796 καὶ
503 1745 586 1808 εἰς
638 1747 702 1800 τὸ
742 1747 910 1819 μηδὲν
961 1744 1101 1802 εἶναι
1156 1753 1302 1803 ποιεῖ
1329 1751 1403 1814 ὼς
1442 1751 1536 1804 ἅτε
1570 1752 1748 1820 χήρας

168 1838 780 1909 καταπεφρονημένης),
828 1839 1076 1910 παρευθὺ
1124 1842 1445 1896 ἀποστέλλει
1481 1842 1608 1894 ίδείν
1646 1842 1750 1910 τὴν

1845 658 1985 711 culis
2022 674 2084 712 ac
2112 661 2359 715 machina
2393 665 2648 731 quadam,
2680 665 2924 721 immisso
2972 670 3205 724 occultis
3260 685 3414 724 mea-

1848 750 1994 804 tibus
2022 752 2243 820 spiritu,
2279 756 2484 808 musice
2517 759 2952 813 cantillantibus.

1915 841 1968 895 ὅ.
2004 843 2168 911 Regia
2197 859 2416 912 quoque
2443 847 2826 914 paludamenta
2878 851 3103 919 loraque
3136 852 3414 906 instaura-

1844 931 1924 984 vit
1953 948 2015 986 ac
2044 937 2269 1003 reliqua,
2306 952 2441 989 auro
2472 949 2668 992 cuncta
2731 951 3049 996 contexens.
3086 941 3248 996 Urbis
3273 961 3412 1012 quo-

1844 1032 1952 1088 que
1988 1034 2192 1082 muros,
2247 1024 2340 1090 qui
2401 1024 2726 1080 humiliores
2777 1038 2983 1093 essent,
3043 1028 3097 1081 in
3155 1031 3414 1098 majorem

1845 1109 2196 1163 altitudinem
2229 1113 2443 1166 extulit.
2480 1108 2882 1184 Humanijuris
2931 1127 3176 1172 tenacem
3227 1117 3419 1188 pracfe-

1847 1199 2022 1261 rebat,
2057 1200 2150 1265 qui
2187 1203 2403 1256 cunctis
2433 1213 2583 1258 retro
2616 1203 3005 1259 decessoribus
3029 1206 3188 1261 fidem
3216 1223 3277 1260 ac
3309 1208 3421 1276 pie—

1848 1297 2013 1343 tatem
2039 1292 2260 1360 gravius
2288 1294 2447 1348 lazsit.
2481 1297 2765 1351 Accedens
2791 1296 2857 1351 ad
2890 1312 3016 1350 eum
3045 1299 3208 1352 vidua
3269 1315 3422 1367 qua:-

1847 1381 1994 1445 dam,
2022 1383 2089 1435 ad
2146 1383 2478 1440 Blachcrnas
2532 1403 2600 1440 ex
2629 1404 2781 1441 more
2835 1390 3244 1456 procedentem.
3298 1406 3420 1443 cum

1849 1473 2124 1542 injuriam,
2152 1491 2260 1543 qua
2291 1491 2321 1529 a
2351 1475 2585 1532 Petrona
2615 1477 2873 1547 Augustre
2936 1480 3104 1533 fratre
3161 1481 3422 1533 excubia-

1849 1580 1968 1618 rum
2007 1567 2306 1636 drungario
2335 1567 2700 1634 afﬁciebatur,
2732 1571 3152 1634 conclamasset,
3185 1574 3425 1625 exaltare

1850 1652 2003 1706 illum
2033 1669 2161 1708 suas
2180 1655 2346 1720 aedes,
2378 1657 2636 1728 illiusque
2671 1659 2883 1714 aedibus
2913 1661 3098 1713 lumen
3159 1660 3424 1723 adimere,

1851 1758 1913 1797 ac
1941 1745 2146 1798 nullius
2199 1747 2277 1800 illi
2326 1746 2499 1818 frugis
2557 1750 2759 1815 facere,
2820 1767 2884 1804 ea
2942 1753 3155 1805 scilicet
3220 1753 3428 1805 ratione

1850 1835 1999 1904 quod
2033 1835 2198 1891 vidua
2225 1837 2579 1908 despicabilis
2603 1851 2770 1902 esset,
2808 1843 2979 1896 mittit
3023 1843 3207 1896 statim
3239 1843 3428 1909 explo-

164 1919 447 2012 ἀλήθειαν,
477 1929 526 1980 εί
546 1926 717 1992 οὕτως
757 1929 904 2001 ἔχει’
939 1933 1034 1986 καὶ
1065 1931 1151 2005 [Ρ.
1183 1933 1311 2002 417]
1338 1931 1653 2002 βεϐαιωθεὶς
1675 1932 1750 1996 ὡς

1868 1935 2072 1982 raturos
2093 1930 2262 2000 628
2289 1947 2423 1985 num
2457 1946 2515 1987 se
2543 1932 2617 1988 ita
2676 1950 2763 1989 res
2805 1936 3055 1989 haberet.
3104 1934 3430 2002 Ccrtiorque

165 2016 427 2085 ἀλήθειαν
460 2021 494 2090 ἡ
524 2021 660 2094 γυνὴ
692 2021 861 2090 λέγει,
894 2025 953 2077 ὲν
990 2025 1130 2098 μέσῃ
1161 2026 1227 2096 τῇ
1263 2024 1368 2095 ὁδῷ
1398 2023 1628 2088 ἐκδύσας
1658 2028 1748 2078 τὸν

165 2106 528 2180 ὅρουγγάριον
547 2111 740 2166 τύπτει
763 2115 1031 2185 σφοδρῶς,
1065 2117 1157 2168 καὶ
1191 2115 1258 2168 τὰ
1293 2116 1559 2187 εἰρημένα
1590 2116 1747 2186 οἰκή-

172 2214 319 2266 ματα
350 2200 517 2253 αὑτοῦ
550 2203 870 2275 ἐξεδαφίσας
892 2209 956 2278 τῇ
990 2208 1136 2279 χήρᾳ
1189 2208 1394 2263 δίδωσι.
1430 2212 1537 2263 Καὶ
1561 2209 1748 2262 πλοίου

171 2291 300 2344 ποτὲ
341 2291 430 2346 διὰ
485 2293 580 2347 τοῦ
628 2297 1013 2362 Βουκολέοντος
1041 2300 1416 2371 διερχομένου,
1470 2303 1752 2373 ἐρωτήσας

168 2383 312 2445 τίνος
340 2383 410 2437 ἂν
442 2385 526 2457 είη
560 2387 742 2453 τοῦτο,
801 2391 894 2442 καὶ
949 2389 1140 2460 μαθὼν
1195 2393 1272 2455 ὼς
1323 2393 1753 2462 τῆς,δεσποένης

171 2473 343 2535 ἐστὶν,
371 2473 559 2543 οἴμοι,
589 2476 715 2549 εφὴ,
733 2479 1178 2548 φανερωθέντος
1199 2481 1566 2547 ναυκλήρου,
1595 2483 1752 2535 ἐπεί-

169 2578 282 2632 περ
302 2568 484 2622 τοῦτυ
505 2567 618 2638 τῆς
643 2570 793 2640 ἐμῆς
825 2574 1086 2642 συμόίου
1111 2574 1262 2628 ἐστι.
1295 2575 1406 2628 Καὶ
1431 2575 1755 2638 ἀποστείλας

169 2658 361 2723 αὐτοῖς
391 2663 504 2725 τοῖς
528 2662 838 2734 ἀγωγίμοις
871 2666 972 2736 τὴν
1001 2667 1134 2720 ναῦν
1158 2667 1484 2737 ἐνέπρησεν.

244 2750 322 2816 ς’.
369 2753 436 2806 Ἦ
471 2753 530 2806 δὲ
576 2754 669 2809 τοῦ
715 2757 976 2827 Θεοφίλου
1023 2761 1206 2830 μήτηρ
1241 2759 1562 2831 Εὐφροσύνη
1609 2762 1666 2814 ἐν
1693 2761 1755 2831 τῇ

176 2843 284 2915 ἰδίᾳ
310 2848 450 2917 μονῇ
480 2847 572 2900 τὺν
616 2847 897 2916 Γαστρίων
930 2844 1078 2906 οἷκον
1132 2853 1334 2922 εαυτῆς
1360 2853 1508 2916 ὄντα,
1556 2853 1614 2906 ὃν
1671 2853 1758 2917 ἐξ-

174 2937 428 3006 ωνήσατο
480 2939 630 3008 παρὰ
661 2939 878 3010 Νικήτα
915 2942 1205 3012 πατρικίου
1258 2944 1349 2997 καὶ
1402 2946 1760 3016 μοναστὴριον

177 3031 490 3096 γυναικεῖον
525 3031 804 3104 εποίησεν,
856 3035 1248 3106 ἔπονομάσασα
1276 3037 1539 3109 Γαστρία,
1600 3037 1763 3108 μονά-

178 3123 347 3184 ζουσα
369 3118 439 3193 ἦν
457 3124 643 3188 “⁸.Τὰς
664 3127 762 3196 τῆς
783 3127 1067 3197 Θεοδώρας
1091 3127 1402 3198 θυγατέρας
1430 3130 1763 3199 μετακαλου-

1853 2019 2028 2075 factus
2080 2022 2204 2091 jure
2247 2023 2444 2079 merito
2509 2025 2769 2080 feminam
2829 2013 3198 2096 expostulare,
3250 2026 3429 2080 media

1854 2113 1970 2182 ipsa
2001 2113 2088 2166 via
2119 2115 2390 2170 nudatum
2447 2118 2652 2171 acriter
2707 2118 2863 2187 jubet
2921 2117 3085 2172 dorso
3145 2119 3428 2185 vapulare.

1852 2205 2107 2275 adesque
2143 2207 2262 2260 solo
2298 2217 2542 2276 aequatas
2572 2208 2628 2262 in
2654 2208 2836 2263 viduae
2867 2209 2957 2279 jus
2991 2209 3208 2263 cedere.
3232 2208 3434 2262 Trans-

1855 2307 2023 2352 eunte
2052 2299 2383 2368 quandoque
2413 2301 2538 2354 navi
2563 2316 2659 2370 per
2687 2301 3073 2362 Bucoleonem,
3101 2311 3430 2370 percuncta—

1861 2399 1951 2443 tur
1981 2391 2264 2457 cujusnam
2292 2399 2469 2457 esset;
2503 2391 2804 2462 auditoque
2855 2407 2975 2447 esse
3004 2392 3262 2462 Augustae
3299 2411 3310 2445 :
3351 2391 3432 2445 Va.-

1859 2483 2006 2543 mihi,
2042 2481 2240 2551 inquit,
2271 2485 2361 2552 qui
2397 2486 2496 2537 sim
2556 2484 2764 2554 eﬂ'ectus
2829 2483 3133 2546 nauclerus,
3180 2485 3435 2554 siquidem

1858 2575 1954 2628 illa
1984 2577 2132 2628 navis
2161 2577 2339 2630 uxoris
2366 2587 2485 2641 est;
2520 2578 2860 2647 mittensque
2891 2578 3073 2631 navim
3125 2591 3253 2632 cum
3289 2593 3435 2630 mer-

1859 2667 2018 2720 cibus
2051 2668 2159 2736 igni
2186 2668 2514 2738 absumpsit.

1931 2759 1985 2813 6.
2021 2760 2311 2831 Theophili
2347 2770 2524 2816 mater
2555 2763 2919 2834 Euphrosvna
2973 2763 3027 2817 in
3063 2777 3164 2818 suo
3192 2762 3438 2817 Gastrio-

1863 2869 1984 2906 rum
2016 2854 2352 2907 monasterio
2385 2858 2526 2923 (qua:
2568 2855 2690 2924 ejus
2734 2855 2880 2909 mdes
2932 2863 3139 2916 essent,
3177 2861 3442 2921 coemch

1863 2962 1892 3000 a
1919 2945 2108 2999 Niceta
2140 2945 2397 3014 patricio,
2449 2961 2514 3000 ac
2545 2962 2683 3016 quas
2741 2946 2831 3000 illa
2869 2946 3196 2999 feminarum
3255 2961 3444 2998 mona-

1865 3037 2096 3092 sterium
2156 3036 2388 3100 fecerat,
2448 3036 2658 3092 dictum
2718 3037 2959 3107 Gastria)
3012 3036 3446 3091 sanctimonialis

1866 3137 2015 3194 erat;
2055 3127 2301 3197 ﬁliasque
2329 3128 2637 3183 Theodora:
2664 3143 2955 3184 accersens
2992 3129 3260 3198 (quinque
3291 3129 3443 3183 enim

184 3215 318 3287 μέν-η
353 3217 538 3286 (πέντε
585 3219 643 3271 δὲ
678 3214 841 3290 ἦσαν,
873 3221 908 3290 ἤ
937 3237 997 3273 τε
1028 3220 1209 3274 Θέκλα
1242 3223 1336 3274 καὶ
1373 3221 1564 3283 ΙἌννα,
1599 3222 1762 3274 Ἀνα-

1868 3225 1956 3277 illa
1980 3233 2322 3292 susceperat,
2362 3223 2645 3288 Theclam,
2679 3224 2915 3287 Annam,
2947 3223 3310 3285 Anastasiam,
3333 3222 3445 3277 Ma-

184 3309 379 3362 στασία
399 3325 483 3374 τε,
515 3310 702 3382 Μαρία
748 3314 840 3366 καὶ
870 3312 1198 3384 Πουλχερία)
1250 3315 1308 3366 ὲν
1333 3313 1481 3384 πάσῃ
1513 3313 1763 3384 εὐσεϐείᾳ

182 3403 277 3454 καὶ
314 3403 571 3474 νουθεσίᾳ
603 3404 807 3475 Κυρίου
833 3406 928 3460 καὶ
954 3386 1020 3477 τῇ
1053 3406 1426 3476 προσκυνήσει
1450 3407 1558 3458 τῶν
1591 3405 1764 3473 ἁγίων

183 3495 412 3549 είκόνων
435 3495 765 3550 νουθετοῦσα
788 3498 887 3550 οὐκ
914 3497 1172 3552 ἐπαύετο.
1200 3497 1372 3551 Τοῦτο
1392 3497 1482 3552 τὸν
1507 3498 1766 3568 Θεόφιλον

184 3589 284 3642 οὐκ
303 3587 520 3652 ἔλαθεν,
549 3588 685 3642 ἀλλὰ
705 3589 1188 3661 προσκαλούμενος
1212 3592 1312 3654 τὰς
1337 3592 1646 3663 θυγατέρας
1673 3591 1769 3644 αύ-

185 3679 278 3732 τοῦ
309 3681 492 3734 πάντα
518 3681 728 3752 ἠρώτα.
754 3683 861 3736 Καὶ
888 3685 942 3736 αἰ
966 3684 1065 3752 μὲν
1089 3683 1244 3738 ἄλλαι
1278 3685 1376 3748 τὰς
1399 3685 1622 3747 πεύσεις
1647 3684 1782 3738 τού-.

187 3790 304 3838 του,
340 3772 524 3841 ἀγαθὰ
553 3774 872 3844 φρονοῦσαι,
929 3772 1118 3848 ὥσπερ
1147 3774 1299 3839 τινὰς
1328 3755 1500 3839 λα’ϐὰς
1525 3777 1771 3848 ἐρρωμέ-

189 3883 294 3930 νως
333 3868 672 3938 παρέτρεχον
693 3883 705 3896 ·
738 3868 772 3938 ἠ
800 3866 854 3920 δὲ
893 3867 1218 3938 Πουλχερία,
1251 3867 1346 3920 ἅτε
1378 3867 1440 3936 δὴ
1472 3867 1562 3919 καὶ
1587 3867 1773 3937 ἡλικίᾳ

191 3962 286 4014 καὶ
313 3959 392 4029 νῷ
414 3959 779 4030 νηπιάζουσα,
813 3960 912 4024 τάς
942 3976 1000 4012 τε
1041 3958 1442 4029 φιλοφροσύνας
1481 3958 1633 4026 ἔλεγε
1680 3959 1774 4012 καὶ

190 4055 249 4107 τὸ
270 4053 479 4124 πλῆθος
498 4055 608 4108 τῶν
634 4053 888 4125 ὀπωρῶν,
917 4055 1322 4124 συναπηρίθμει
1340 4052 1396 4105 δὲ
1429 4055 1521 4106 καὶ
1542 4055 1640 4122 τῆς
1666 4051 1774 4104 τῶν

194 4144 416 4198 σεπτῶν
443 4144 669 4198 εἰκόνων
724 4144 1170 4215 προσκυνήσεως,
1202 4142 1348 4196 οὓτω
1386 4143 1441 4196 δὲ
1495 4144 1554 4196 ού
1606 4143 1777 4194 πολλὰ

195 4235 472 4306 φρονοῦσα
496 4239 588 4290 καλ⁸
607 4237 840 4306 λέγουσα
865 4236 942 4300 ὡς
969 4237 1110 4289 νινία
1135 4235 1303 4288 πολλὰ
1326 4230 1463 4288 εἶναι
1479 4235 1614 4306 αὐτῇ
1637 4234 1778 4287 κατὰ

193 4331 562 4405 τὺμιὸώτιον,
598 4330 694 4385 καὶ
740 4330 911 4385 ταῦτα
937 4334 1003 4403 τῇ
1018 4330 1246 4400 ’κεφαλῇ
1282 4345 1341 4380 τε
1377 4329 1470 4381 καὶ
1500 4326 1574 4396 τῷ
1611 4343 1780 4399 προσ-

195 4426 332 4498 ώπῳ
350 4425 514 4496 ἡμῶν
543 4423 817 4497 ἐπιτίθησι
846 4426 985 4494 μετὰ
1008 4426 1077 4478 τὰ
1110 4423 1413 4494 φιλήματα.
1455 4421 1640 4475 Ταῦτα
1688 4422 1780 4477 τὸν

114 4554 118 4557 -
198 4518 425 4587 βασιλέα
452 4521 533 4581 εἰς
566 4519 766 4589 μανίαν
786 4514 921 4589 ἦγεν
943 4533 956 4548 ·
997 4517 1165 4589 μηδὲν
1180 4516 1235 4569 δὲ
1261 4515 1456 4584 δρᾶσαι
1483 4514 1783 4586 δυνάμενος

1868 3314 2004 3367 riam
2039 3323 2094 3366 et
2123 3313 2495 3381 I’ulcheriam)
2526 3313 2582 3368 in
2617 3315 2769 3368 omni
2798 3314 3002 3382 pietate
3053 3322 3109 3367 et
3158 3313 3447 3382 disciplina

1867 3404 2081 3458 Domini
2120 3419 2334 3458 necnon
2393 3404 2544 3458 cultu
2575 3419 2856 3458 sacrarum
2887 3404 3181 3473 imaginum
3223 3403 3449 3456 erudire

1868 3511 1977 3549 non
2013 3497 2282 3550 cessabat.
2315 3495 2504 3566 Neque
2537 3511 2628 3550 res
2661 3495 3037 3564 Theophilum
3090 3497 3272 3550 latuit.
3324 3495 3450 3549 Illas

1869 3591 2018 3644 en'm
2081 3604 2374 3644 accersens
2432 3596 2632 3644 cuncta
2682 3604 2749 3644 ex
2801 3590 2883 3643 eis
2928 3589 3338 3643 sciscitabatur.
3377 3590 3452 3642 Ac

1871 3684 2096 3755 quidem
2134 3685 2358 3755 reliquae
2383 3684 2587 3740 saniori
2628 3693 2808 3739 mente
2861 3701 2924 3740 ac
2972 3685 3229 3750 consilio,
3289 3685 3452 3754 quid-

1873 3778 2003 3849 quid
2037 3779 2126 3833 ille
2154 3779 2553 3848 interrogabat.
2585 3779 2739 3833 velut
2767 3794 2930 3833 ansas
2983 3795 3046 3834 ac
3089 3778 3344 3848 capiendi
3375 3779 3453 3830 lc-

1874 3868 2090 3922 nocinia
2116 3868 2366 3937 quaedam
2398 3877 2719 3922 constanter
2749 3867 3123 3922 declinabant.
3161 3867 3456 3921 Pulcheria

1877 3969 2082 4023 autem,
2115 3963 2319 4030 quippe
2363 3969 2477 4014 tum
2508 3967 2668 4014 aetate
2689 3967 2801 4013 tum
2833 3975 2997 4014 sensu
3023 3959 3268 4028 parvula,
3293 3975 3455 4028 quam

1879 4052 2079 4108 blande
2109 4053 2177 4107 ab
2211 4053 2302 4108 illa
2341 4052 2756 4122 exciperentur,
2790 4068 2855 4106 ac
2912 4052 3193 4104 fructuum
3242 4051 3456 4120 copiam

1878 4145 2190 4208 referebat,
2248 4160 2359 4199 una
2409 4159 2632 4215 quoque
2685 4142 3093 4196 venerabilium
3158 4140 3457 4209 imaginum

1879 4236 2258 4290 adorationem
2299 4249 2636 4296 memorans,
2697 4233 2776 4287 sic
2825 4233 3112 4290 nimirum.
3167 4231 3312 4284 haud
3366 4230 3460 4283 tir-

1882 4330 2055 4384 miore
2107 4345 2239 4384 sane
2269 4328 2502 4400 judicio,
2542 4329 2749 4391 locuta,
2814 4326 3015 4378 multas
3066 4339 3188 4379 eam
3247 4324 3300 4377 in
3333 4337 3459 4376 arca

1883 4437 2093 4494 puppas
2118 4422 2344 4487 habere,
2390 4421 2600 4490 hasque
2632 4427 2756 4490 post
2786 4419 2974 4474 oscula
3025 4418 3240 4472 illarum
3297 4415 3465 4488 629

1885 4515 2051 4584 capiti
2083 4515 2276 4583 orique
2305 4513 2622 4568 admovere.
2661 4511 2800 4566 Hinc
2834 4511 2914 4564 ira
2942 4518 3224 4578 (rastroque
3257 4507 3465 4562 furoris

198 4612 359 4681 αὐτῇ,
415 4610 584 4681 μόνην
642 4611 918 4681 ἀπέτεμεν
949 4609 1048 4680 τὴν
1099 4609 1234 4681 προς
1278 4607 1374 4678 τὴν
1412 4606 1646 4678 μάμμην
1675 4607 1766 4661 τῶε

1890 4610 2133 4681 percitus
2169 4607 2534 4678 Theophilus,
2587 4620 2712 4660 cum
2767 4603 2909 4658 nihil
2956 4602 3009 4658 ei
3044 4601 3222 4656 facere
3251 4610 3462 4670 posset,

198 4703 392 4758 τούτου
417 4703 737 4774 θυγατέρων
767 4704 970 4775 ἄφιξιν.

272 4881 342 4945 ζ’.
371 4880 600 4942 Τούτοις
618 4880 824 4948 ἀδελφὰ
845 4880 939 4936 καὶ
967 4883 1031 4954 τῇ
1068 4881 1296 4953 βασιλίδι
1312 4881 1564 4954 Θεοδώρᾳ
1590 4884 1793 4953 συμῦέ-

202 4977 393 5047 6ηκεν.
447 4973 692 5044 ’Υπῆρχέ
722 4991 775 5027 τι
806 4973 886 5044 τῷ
912 4973 1122 5045 βασιλεῖ
1159 4977 1653 5048 παρακεκομμένον
1697 4977 1792 5030 ἀν-

202 5068 450 5139 δράριον,
485 5065 566 5135 τῷ
607 5065 897 5137 Ὁμηρικῷ
925 5065 1161 5139 Θερσίτῃ
1202 5067 1512 5139 διενηνοχὸς
1543 5068 1668 5122 κατ’
1698 5070 1794 5123 ού-

204 5160 293 5212 δὲν
335 5155 608 5230 (Δένδερις
641 5156 811 5228 δνομα
839 5155 1059 5228 τούτῳ),
1093 5158 1282 5229 ἄσημά
1329 5175 1388 5212 τε
1420 5145 1795 5233 φθεγγόμενον

208 5253 304 5304 καὶ
334 5248 583 5320 γέλωτας
633 5248 814 5304 κινοῦν
844 5249 940 5303 καὶ
984 5250 1252 5322 θυμηδίας
1280 5251 1468 5306 ἕνεκεν
1495 5256 1610 5317 τοῖς
1640 5252 1795 5322 βασι-

210 5341 377 5405 λείοις
426 5338 862 5407 ὲνδιαιτώμενον.
897 5332 1068 5404 Οὗτος
1094 5341 1224 5410 γοῦν
1268 5343 1609 5416 εἰσπηδήσας
1663 5343 1796 5396 ποτὲ

214 5433 354 5487 κατὰ
382 5433 476 5486 τὸν
505 5432 606 5502 τῆς
634 5432 955 5504 Αύγούστης
979 5436 1334 5490 κοιτωνίσκον
1363 5437 1663 5491 κατέλαϐεν
1693 5439 1790 5490 αύ-

213 5525 313 5596 τὴν
345 5525 495 5589 θείας
523 5525 740 5589 εἰκόνας
768 5527 1311 5601 ὲμπεριειλημμένην
1331 5531 1560 5594 καὶτοῖς
1591 5530 1793 5600 ἑαυτῆς

214 5617 426 5687 όμμασι
447 5617 590 5686 μετά
619 5619 853 5690 σπουδῆς
881 5620 1286 5691 προσαγούσης.
1317 5622 1535 5686 Ταύτας
1563 5623 1655 5676 ὑπ’
1673 5621 1794 5691 ὅφιν

221 5711 341 5764 ἰδὼν
365 5703 525 5774 οὗτος
557 5711 586 5764 ό
620 5713 954 5784 παραπαίων
992 5713 1045 5767 τί
1077 5729 1136 5766 τε
1167 5708 1277 5768 είεν
1314 5715 1670 5777 ἐπυνθάνετο,
1703 5717 1798 5767 καὶ

1887 4703 2102 4757 ﬁliabus
2147 4718 2210 4758 ea
2253 4701 2450 4757 saltem
2480 4715 2604 4756 cum
2636 4698 2757 4752 avia
2797 4695 3171 4752 familiaritate
3203 4693 3468 4764 deinceps

1887 4794 2194 4850 interdixit.

1962 4891 2014 4943 7.
2053 4888 2363 4943 Germanus
2387 4887 2520 4940 huic
2569 4899 2728 4941 casus
2781 4883 3013 4954 contigit
3074 4881 3239 4936 etiam
3294 4879 3472 4934 Theo-

1891 4979 2042 5034 dorze
2063 4978 2338 5048 Augustae.
2404 4978 2536 5031 Erat
2594 4974 2914 5045 imperatori
2969 4972 3179 5026 delirus
3237 4969 3468 5040 quidam

1894 5065 2285 5134 homunculus,
2322 5067 2599 5123 Homerici
2637 5066 2786 5120 illius
2815 5065 3085 5118 Thersitae
3136 5062 3274 5117 nihil
3310 5061 3474 5114 dissi-

1895 5166 2059 5229 milis,
2090 5163 2360 5218 Dendcris
2385 5160 2631 5222 nomine,
2659 5160 2857 5229 linguae
2880 5156 3176 5227 impeditae,
3220 5169 3282 5208 ac
3299 5155 3473 5208 risum

1894 5269 2244 5327 permovens,
2278 5251 2606 5305 deliciarum
2627 5248 2894 5302 duntaxat
2918 5260 3083 5300 causa
3114 5243 3168 5296 in
3197 5243 3322 5297 aula
3349 5256 3476 5295 ver-

1895 5363 2045 5404 sans.
2079 5346 2177 5399 ilic
2205 5344 2373 5416 igitur
2431 5341 2778 5418 quandoque!
2822 5339 2878 5392 in
2940 5351 3162 5392 sacrum
3217 5335 3478 5403 Augusta:

1900 5439 2217 5494 cubiculum
2273 5446 2480 5490 temere
2533 5433 2786 5488 insiliens
2836 5430 3052 5485 invenit
3109 5427 3481 5495 complecten-

1903 5541 2012 5586 tem
2043 5529 2330 5599 imagines,
2363 5543 2567 5597 easque
2624 5525 2803 5579 oculis
2856 5522 3040 5578 studio
3097 5519 3475 5574 adhibentem.

1905 5621 2012 5676 llas
2045 5619 2248 5674 stultus
2284 5619 2374 5674 ille
2401 5631 2584 5672 coram
2615 5613 2920 5674 contuitus.
2961 5611 3190 5680 rogabat
3213 5606 3478 5676 quidnam

1905 5722 2132 5777 essent;
2163 5722 2329 5784 atque
2358 5713 2440 5768 eis
2493 5708 2685 5765 oculos
2739 5706 2967 5779 propius
3023 5701 3343 5759 adhibebat.
3378 5696 3478 5753 Cui

1513 5810 1750 5865 VARLE
1787 5808 2078 5865 LECTION
2088 5809 2190 5861 ES.

290 5909 336 5938 “
364 5916 461 5962 aut
489 5900 558 5978 ἦν
584 5906 943 5964 omittendum
981 5921 1074 5966 aut
1102 5909 1158 5964 δὲ
1190 5917 1312 5981 post
1339 5909 1433 5973 τὰς
1463 5909 1796 5965 addendum.
