4174 6442
179 417 282 481 693

1285 409 1655 468 ANNALES.
1696 432 1762 443 -
1788 405 2296 467 THEOPHILUS.

3318 419 3424 480 (ἒθᾶ

181 530 533 595 amaturae.
582 526 639 579 Ὀ
666 525 746 588 δὲ,
779 523 886 579 Kal
914 524 1056 578 ποία
1102 522 1458 591 δικαιοσύνη
1500 523 1569 576 ἐν·
1615 521 1746 585 σοι,

1870 521 2145 581 ςενὶιαίειη,
2194 520 2389 588 inquit,
2425 530 2475 575 et
2532 527 2985 584 mansuetudinem
3046 538 3094 581 et
3136 531 3425 598 justitiam.

182 624 265 675 ὅτι
310 620 470 685 δοὺς-
501 615 924 687 ἐνυπόγραφον
965 615 1152 683 λόγον
1198 614 1445 678 Ἀλεξίῳ
1497 612 1570 666 δι’
1609 610 1755 680 ἐμοῦ

179 716 288 767 οὐκ
339 709 646 781 ἐφύλαξα(
696 708 956 772 τοῦτον;
996 707 1053 762 ’0
1106 707 1162 761 δὲ
1188 705 1441 776 βασιλεὺς
1482 704 1638 775 θυμῷ
1664 703 1757 756 καὶ¹

179 806 312 873 ὀργῇ
343 800 697 871 ἀκατασχέτῳ
750 799 992 867 κινηθεὶς
1025 798 1214 852 τοῦτον
1243 797 1337 850 τοῦ
1367 795 1754 865 θυσιαστηρίου

183 896 371 963 βιαίως
402 896 641 965 ἐξήγαγε
696 892 788 946 καὶ
810 891 1022 961 πληγὰς
1054 892 1117 944 οὐ
1151 890 1378 960 μετρίας
1412 890 1618 951 ἐπιθεὶς
1671 888 1756 953 ἑξ-

181 988 402 1054 ὠρισεν,
427 986 486 1037 οὐ
510 984 598 1038 διὰ
642 987 703 1037 τὸ
730 983 1055 1052 ἐλεγχθῆναι
1087 982 1178 1036 ὑπ’
1208 980 1373 1036 αὑτοῦ
1426 981 1605 1049 μόνον,
1642 979 1755 1033 ἀλλ’

180 1080 263 1130 ὅτι
296 1078 393 1130 καὶ
449 1075 651 1145 ἔμαθεν
707 1075 871 1129 αὑτὸν
906 1074 1083 1127 σέϐειν
1118 1073 1213 1126 καὶ
1269 1074 1435 1143 τιμᾷν
1464 1072 1560 1134 τὰς
1599 1073 1757 1139 ἁγίας

182 1169 400 1231 εἰκόνας
429 1170 525 1221 καὶ
572 1168 671 1238 τὴν
717 1166 900 1221 αὑτοῦ.
922 1167 1238 1220 δυσσέϐειαν
1268 1166 1590 1220 διαϐάλλειν.
1623 1166 1755 1218 Μετ’

181 1262 241 1314 οὐ
276 1260 413 1313 πολὺ
442 1260 499 1313 δὲ
530 1261 590 1311 ὲν
628 1262 693 1330 τῇ
730 1259 957 1332 Μεγάλῃ
1009 1258 1273 1329 ἐκκλησίᾳ
1310 1257 1756 1328 παραγενομένου

184 1353 277 1407 καὶ
327 1350 424 1405 τοῦ
455 1351 792 1421 πατριάρχου
824 1350 988 1403 αὐτὸν
1023 1350 1401 1413 ὀνειδίσαντος,
1454 1350 1630 1417 ἤγαγε
1666 1348 1757 1401 τὸν

182 1441 613 1511 ἁρχιεπίσκοπον
668 1442 805 1510 μετὰ
843 1441 1263 1511 παρακλήσεως.
1320 1440 1426 1492 Τοῦ
1456 1439 1510 1492 δὲ
1542 1438 1757 1503 ἀνάξιον

183 1535 379 1588 ἑαυτὸν
404 1534 472 1588 δι’
493 1534 529 1588 ἃ
554 1526 787 1587 πέπονθε
820 1533 917 1601 τῆς
948 1534 1244 1602 ἱερωσύνης
1282 1533 1585 1602 κρίναντος.
1610 1534 1637 1585 ὀ
1662 1532 1758 1602 βαι

186 1624 368 1687 σιλεὺς
424 1624 705 1693 οἰκονόμον
737 1624 897 1677 αὐτὸν
933 1624 1032 1693 τῆς
1058 1623 1316 1694 Μεγάλης
1343 1625 1633 1691 ἐκκλησίας
1665 1643 1761 1677 πΞττ

187 1714 434 1786 ποίηκεν.
488 1717 601 1770 Καὶ
662 1716 899 1780 ’Δλέξιον
947 1716 1042 1769 τοῦ
1101 1714 1472 1785 δεσμωτηρίου
1514 1714 1757 1767 ἐκϐαλὼν

185 1809 468 1863 ἀπέδωκεν
507 1811 689 1862 πᾶσαν
717 1808 881 1862 αὐτοῦ
912 1808 1010 1879 τὴν
1040 1807 1274 1879 ὓπαρξιν
1299 1810 1394 1862 καὶ
1422 1811 1478 1860 ὲν
1512 1811 1643 1877 τιμῇ
1676 1803 1752 1861 εῖ-

185 1918 298 1969 χεν.
342 1900 400 1953 '0
424 1900 482 1953 δὲ
507 1901 806 1971 ἀποκαρεὶς
831 1890 929 1971 τὴν
968 1900 1254 1969 Ἀνθεμίου
1285 1902 1449 1971 μονὴν
1476 1900 1755 1971 ᾠκοδόμη-

189 2008 301 2057 σεν,
332 1994 427 2046 καὶ
455 1994 512 2046 ἰν
535 1994 671 2047 am
696 1992 1005 2056 τελειωθεὶς
1036 1991 1209 2063 ἐτάφη
1245 1993 1425 2056 ὀσίως.

260 2258 316 2314 ι’.
340 2260 434 2332 Τῷ
459 2258 499 2313 ε’
528 2261 692 2315 αὐτοῦ
722 2261 834 2315 ἔτει
868 2263 898 2315 ὀ
924 2262 1349 2333 ὀνομαστότατος
1383 2265 1559 2334 πάσης
1609 2267 1761 2317 Ἀνα-

185 2353 351 2421 τολῆς
405 2352 713 2422 στρατηγὸς
744 2354 1000 2423 Μανουὴλ
1039 2356 1289 2425 μεγάλως
1339 2352 1409 2425 ἦν
1455 2341 1763 2428 τιμώμενος

188 2444 344 2515 παρὰ
378 2443 458 2513 τῷ
481 2443 710 2514 βασιλεῖ,
746 2445 837 2498 καί
871 2462 1001 2498 ποτε
1033 2447 1173 2516 μετὰ
1202 2447 1465 2517 Μύρωνος
1491 2450 1583 2503 τοῦ
1616 2452 1765 2517 λογο-

191 2534 345 2588 θέτου
372 2534 466 2587 τοῦ
495 2533 695 2606 δρόμου
721 2537 815 2589 καὶ⁵
844 2534 1109 2607 πενθεροῦ
1142 2536 1235 2590 τοῦ
1272 2540 1526 2606 Πετρωντὶ
1556 2542 1763 2610 συμϐιο

194 2620 298 2677 λῶν
328 2624 523 2693 λόγους
550 2624 705 2687 τινὰς
729 2623 982 2696 διεϐλήθη
1008 2624 1086 2696 τῷ
1112 2625 1321 2695 βασιλεῖ
1368 2629 1444 2691 ὤς
1481 2631 1579 2699 τῆς
1612 2630 1765 2699 βασι-

200 2717 343 2779 ιείας
388 2715 675 2786 ὀρέγεται,
709 2716 804 2768 καὶ
859 2716 1152 2785 ἑμελετᾶτο
1201 2717 1351 2773 δεινὰ
1409 2722 1529 2773 κατ’
1580 2722 1762 2777 αὑτοῦ.

196 2806 346 2859 Λέων
373 2805 431 2858 δὲ
462 2805 492 2857 ὀ
517 2802 1019 2875 πρωτοϐεστιάριος
1044 2806 1140 2860 τοῦ
1169 2808 1424 2879 Μανουὴλ
1466 2812 1764 2881 φροντίζων

194 2898 285 2949 καὶ
313 2896 711 2966 προϊστάμενος
751 2894 1118 2950 διεϐεϐαιοῦτο
1145 2898 1223 2967 τῷ
1255 2897 1462 2966 βασιλεῖ
1490 2901 1565 2963 ὡς
1596 2900 1764 2971 ψευδῆ

194 2988 301 3038 εἰσι
328 2986 401 3038 τὶ
429 2986 550 3038 κατ’
575 2984 739 3038 αὑτοῦ
770 2984 1058 3053 λεγόμενα.
1085 2988 1152 3039 Ἀ
1180 2986 1366 3054 μαθὼν
1393 2990 1645 3057 Μανουὴλ
1673 2991 1766 3043 καὶ

194 3078 293 3145 τὴν
317 3077 494 3147 ὀργὴν
517 3075 613 3129 τοῦ
652 3075 917 3146 βασιλέως
943 3077 1206 3131 ἐκκλίνων
1232 3080 1327 3132 καὶ
1359 3079 1456 3143 τὰς
1493 3080 1764 3148 διαϐολὰς,

1863 610 2000 665 Tum
2065 610 2448 667 Theodorus:
2500 615 2826 686 Ecqucenam
2883 626 2975 671 tua
3034 620 3239 686 iustitia
3273 660 3287 683 ,
3344 623 3434 690 qui

1860 718 1952 771 per
1979 717 2060 754 me
2080 701 2460 771 subscriptione
2488 712 2579 758 tua
2615 705 2889 774 ﬁrmatam
2924 707 3081 773 ﬁdem
3122 708 3308 763 Alea-io
3339 712 3434 763 de-

1858 791 2018 855 deris,
2084 806 2177 843 nec
2223 802 2340 845 eam
2386 794 2716 849 servaveris?
2776 794 2873 850 His
2910 796 3207 864 imperator
3258 800 3433 867 impo-

1862 882 1996 937 tenti
2030 883 2107 937 ira
2137 882 2435 954 furoreque
2456 886 2706 941 concitus
2738 887 2806 940 ab
2827 886 2986 941 altari
3008 887 3279 943 violenter
3306 890 3405 944 abs
3432 922 3435 925 λ

1860 981 2097 1028 tractum
2129 976 2409 1030 hominem
2435 976 2766 1045 graviusque
2810 978 3139 1033 verberibus
3178 979 3435 1033 allectum

1862 1064 1915 1118 in
1943 1065 2195 1119 exsilium
2227 1066 2456 1135 expulit.
2483 1066 2598 1121 Nec
2630 1082 2699 1120 eo
2723 1067 2986 1122 duntaxat
3009 1070 3256 1133 nomine,
3287 1071 3434 1139 quod

1862 1160 1906 1213 is
1932 1174 2057 1213 eum
2083 1160 2550 1228 reprehendisset,
2579 1163 2674 1217 sed
2711 1164 2857 1232 quod
2882 1166 3045 1218 etiam
3084 1166 3266 1221 colere
3309 1182 3437 1221 eum

1860 1265 1923 1304 ac
1953 1251 2204 1305 venerari
2252 1267 2436 1307 sacras
2499 1254 2771 1324 imagines
2817 1256 3049 1325 ejusque
3099 1257 3435 1325 impietatem

1859 1341 2173 1410 vituperare
2202 1342 2466 1399 audisset.
2497 1345 2617 1400 Non
2659 1349 2832 1402 multo
2867 1342 3210 1418 postautem,
3230 1367 3352 1405 cum
3380 1352 3436 1405 in

1862 1429 2110 1500 Magnam
2149 1432 2450 1487 Ecclesiam
2475 1435 2718 1490 venienti
2754 1438 3057 1505 patriarcha
3093 1455 3207 1494 rem
3235 1439 3438 1509 probro

1860 1524 2171 1592 ohjeeissct,
2200 1525 2675 1596 archiepiscopum
2711 1542 2837 1581 cum
2877 1529 3254 1584 obsecratione
3276 1531 3440 1585 redu-

1860 1614 1956 1668 xit.
1979 1616 2076 1669 lllo
2101 1626 2281 1671 autem
2316 1617 2602 1687 indignum
2638 1634 2696 1672 se
2722 1618 3033 1673 sacerdotio
3065 1622 3439 1676 conclamante

1862 1707 1931 1760 ob
1961 1723 2080 1760 eam
2109 1723 2219 1775 qua
2250 1707 2431 1762 fuerat
2452 1709 2692 1764 violatus
2716 1709 2993 1778 iniuriam,
3019 1710 3316 1779 imperator
3334 1713 3439 1766 Ma-

1860 1813 1977 1865 gna:
2022 1797 2278 1853 Ecclesia:
2319 1812 2663 1853 (economum
2692 1799 2840 1854 fecit.
2873 1800 3061 1854 Alexio
3091 1818 3222 1855 vero
3262 1818 3291 1855 e
3316 1818 3441 1857 car-

1861 1902 1987 1943 cere
2012 1887 2213 1942 educto
2242 1888 2605 1943 substantiam
2634 1903 2852 1943 onmem
2889 1889 3150 1954 restituit,
3174 1907 3238 1945 ac
3260 1893 3436 1946 virum

1859 1979 2021 2049 632
2057 1979 2247 2034 coluit.
2278 1980 2482 2035 Verum
2535 1980 2625 2035 ille
2663 1980 2851 2051 posita.
2896 1982 3116 2037 caesarie
3158 1984 3436 2039 Anthemii

1863 2073 2262 2125 monasterium
2319 2071 2610 2135 condidit,
2668 2073 2834 2141 inque
2893 2072 2987 2125 illo
3040 2074 3184 2129 diem
3244 2078 3441 2131 obiens

1863 2164 2037 2217 sancti
2071 2164 2353 2231 sepultura
2383 2164 2562 2219 elatus
2591 2164 2715 2221 fuit.

1936 2253 2018 2308 l0.
2048 2254 2252 2320 Quinto
2282 2258 2400 2326 ejus
2428 2257 2641 2327 imperii
2678 2276 2821 2316 anno
2853 2265 3019 2317 totius
3060 2261 3305 2318 Orientis
3332 2262 3438 2315 du-

1864 2362 1989 2400 cum
2048 2348 2525 2403 nominatissimus
2570 2350 2782 2405 Manuel
2834 2369 3029 2422 magno
3080 2353 3133 2405 in
3185 2352 3364 2422 pretio
3410 2368 3437 2404 a

1874 2436 2185 2507 Theophilo
2212 2438 2540 2493 habebatur.
2591 2440 2640 2495 ls
2682 2443 3010 2512 quandoque
3043 2458 3169 2497 cum
3218 2442 3441 2513 Myrone

1866 2529 2043 2583 dromi
2073 2528 2350 2597 Iogotheta
2381 2546 2444 2585 ac
2470 2532 2720 2587 Petronze
2752 2549 2945 2589 socero
2975 2534 3223 2603 quaedam
3269 2530 3439 2588 collo-

1866 2627 2030 2673 cutus
2054 2618 2197 2687 apud
2226 2620 2616 2690 imperatorem
2662 2623 2879 2678 delatus
2926 2634 3030 2687 est,
3078 2625 3244 2696 quasi
3268 2626 3439 2693 impe-

1866 2709 2007 2763 rium
2040 2708 2324 2764 allectaret
2378 2720 2435 2765 et
2489 2712 2612 2782 dira
2644 2714 2911 2770 adversus
2943 2731 3068 2769 eum
3130 2716 3438 2769 moliretur.

1865 2800 2069 2856 Contra
2105 2816 2241 2854 vero
2275 2802 2388 2857 Leo
2416 2806 2871 2872 protovestiarius
2918 2807 2984 2862 de
3032 2808 3295 2861 Manuelis
3353 2822 3443 2861 sa-

1866 2889 1978 2943 lute
2000 2890 2290 2955 sollicitus,
2310 2891 2574 2962 illumque
2592 2893 2913 2961 defendens,
2939 2896 3073 2950 falso
3104 2898 3219 2952 hare
3242 2898 3295 2951 in
3316 2914 3443 2953 eum

1862 2982 2053 3051 jactari
2090 2981 2233 3037 serio
2260 2983 2579 3039 afﬁrmabat.
2614 2985 2827 3040 Manucl
2866 2987 2959 3040 ubi
2996 2987 3111 3043 haec
3153 2990 3441 3058 comperit.

1869 3073 2117 3142 iramque
2149 3074 2497 3144 imperatoris
2528 3077 2834 3139 declinans,
2880 3095 2943 3132 ac
2974 3080 3180 3148 quibus
3220 3081 3444 3150 peteba-

196 3166 369 3236 λάθρα
399 3166 502 3235 τῆς
548 3167 758 3228 πόλεως
801 3165 1033 3231 ἐξελθὼν
1068 3167 1229 3239 μέχρι
1284 3170 1475 3222 Πυλῶν
1523 3174 1615 3225 καὶ
1654 3176 1766 3236 τοῖς

1875 3172 1963 3216 tur
2007 3165 2309 3220 calumnias
2358 3167 2617 3236 fugitans,
2669 3170 2809 3222 clam
2873 3171 3007 3224 urbe
3075 3171 3230 3241 Pylas
3273 3188 3445 3241 usque

195 3256 411 3325 δημίοις
436 3256 710 3327 ὀχήμασιν
748 3255 949 3318 ἐπιϐὰς
999 3256 1208 3326 ἀπῆλθε
1246 3258 1422 3326 φυγὰς
1470 3261 1633 3330 μέχρι
1666 3259 1771 3312 τῶν

198 3346 529 3417 κλεισουρῶν
559 3347 886 3417 Συρίας,τάς
921 3346 1027 3399 τῶν
1052 3347 1231 3401 ἵππων
1256 3348 1439 3417 ἰγνύας
1470 3352 1767 3404 ἐκκόπτων.

208 3437 478 3505 Ἐδήλωσε
509 3436 567 3489 δὲ
589 3438 700 3500 τοῖς
730 3434 814 3507 [Ρ.
844 3435 970 3508 420]
997 3437 1336 3508 ’Δγαρηνοῖς,
1366 3438 1441 3499 ὡς
1470 3441 1773 3506 Βασιλέως

198 3530 386 3599 ὁρτὴν
404 3529 606 3599 φεύγω
621 3544 638 3561 ’
664 3529 763 3583 καὶ
787 3529 843 3583 sl
867 3547 934 3599 τε
945 3530 1031 3599 μὴ
1054 3531 1635 3601 καταναγκάσητέμε
1662 3534 1775 3601 τὴν

198 3623 408 3675 πίστιν
426 3637 548 3690 μου
571 3621 940 3686 καταλιπεῖν,
969 3624 1327 3691 προσφεύγω
1355 3624 1514 3692 ὑμῖν.
1542 3627 1607 3677 Et
1623 3626 1774 3678 οὕτω

198 3711 294 3765 καί
321 3710 423 3763 ἐπὶ
446 3711 683 3775 τούτοις
708 3710 1123 3780 προσδέχεσθέ
1156 3730 1251 3781 με,
1272 3715 1460 3781 λόγον
1486 3714 1773 3781 ἀπαθείας

196 3817 292 3869 μοι
314 3801 739 3858 ἀποστείλατε.
775 3802 840 3853 Οί
859 3801 914 3855 δὲ
944 3800 1086 3871 μετὰ
1108 3803 1284 3872 χαρᾶς
1313 3803 1471 3871 λόγον
1516 3806 1775 3858 ἀποστεί-

202 3894 392 3957 λαντες
430 3893 827 3964 προσεδέξαντο
873 3895 949 3959 ὼς
983 3895 1205 3965 βασιλέα
1243 3896 1552 3967 Ῥωμαίων.
1605 3899 1776 3953 Τοῦτο

202 3984 444 4047 ἀκούσας
473 3986 503 4038 ὀ
528 3984 781 4054 βασιλεὺς
807 3986 867 4038 ἰν
890 3986 1057 4058 πολλῇ
1098 3986 1274 4055 θλίψει
1326 3988 1421 4041 καὶ
1449 3987 1657 4059 ἀθυμίᾳ
1682 3991 1774 4059 γέ-

202 4092 345 4144 γονε,
376 4076 469 4130 καὶ
500 4076 694 4148 βουλὴν
715 4076 1024 4147 βουλεῦεται
1054 4078 1147 4132 καὶ
1170 4081 1403 4133 ποιεῖται
1438 4082 1575 4149 μετά
1604 4082 1775 4136 Ἰωάν-

204 4186 292 4222 νου
324 4170 621 4237 συγκέλλου
652 4171 779 4238 περὶ
802 4170 1011 4223 τούτου.
1068 4170 1127 4225 '0
1161 4170 1218 4225 δὲ
1243 4166 1395 4225 εἶπεν
1419 4189 1434 4204 ·
1465 4176 1532 4227 El
1561 4176 1776 4241 προθύ-

201 4280 323 4330 μως
337 4262 556 4326 βούλει
601 4261 709 4315 τὸν
742 4262 1036 4331 Μανουὴλ
1068 4264 1217 4331 πρὸς
1245 4263 1319 4317 σὲ
1344 4264 1562 4328 ἐλθεῖν,
1590 4260 1638 4319 ὦ
1659 4266 1773 4329 ,Βα-

205 4350 401 4416 σιλεῦ,
430 4350 618 4417 αὐτὸς
659 4349 775 4420 ἐγὼ
799 4351 1035 4421 ἕτοιμος
1056 4351 1231 4406 τοῦτο
1258 4354 1471 4408 ποιεῖν.
1496 4355 1777 4422 Χρήματα

201 4442 406 4496 λαϐὼν
434 4443 532 4495 καί
558 4443 706 4510 πρὸς
736 4443 844 4496 τὸν
870 4444 1325 4513 Ἀμερμουμνῆν
1350 4445 1615 4510 σταλεὶς,
1636 4445 1777 4511 τοὺς

1871 3263 2144 3317 egressus,
2175 3254 2521 3323 publicisque
2557 3259 2878 3312 conscensis
2919 3259 3194 3319 curribus.
3228 3262 3297 3314 ad
3342 3261 3441 3332 Sy-

1876 3342 1970 3394 riae
2003 3358 2178 3411 usque
2199 3345 2452 3401 clusuras
2481 3350 2682 3403 excisis
2704 3366 2973 3419 equorum
3004 3354 3306 3421 potilitibus
3346 3372 3446 3411 au-

1874 3429 2041 3499 fugit;
2076 3433 2511 3505 signifieavitquc
2544 3438 2831 3509 Agarenis,
2871 3457 2926 3495 se
2952 3443 3289 3511 imperatoris
3306 3447 3448 3500 iram

1874 3522 2071 3590 fugere,
2109 3542 2171 3577 ac
2195 3527 2294 3578 nisi
2331 3525 2488 3593 [idem
2510 3529 2748 3582 deserere
2798 3540 3009 3600 cogant,
3046 3532 3116 3585 ad
3139 3550 3224 3588 ros
3246 3550 3302 3588 se
3322 3551 3447 3596 pro-

1876 3615 2053 3684 fagum
2094 3620 2342 3672 transire.
2374 3618 2525 3684 Quod
2554 3622 2601 3673 si
2632 3622 2707 3675 ita
2741 3624 2920 3692 hisque
2954 3626 3329 3681 conditionibus
3352 3644 3445 3680 ac-

1875 3708 2093 3777 cipiant,
2123 3709 2280 3777 ﬁdem
2310 3713 2357 3765 ei
2396 3714 2692 3767 securitatis
2713 3716 2948 3768 mittant.
3001 3716 3083 3769 Illi
3114 3719 3309 3772 nuntio
3356 3735 3445 3773 re-

1875 3803 2044 3853 creati
2069 3815 2133 3855 ac
2168 3801 2297 3864 laeti,
2330 3818 2392 3856 ea
2419 3804 2619 3858 fretum
2655 3805 2790 3858 nihil
2826 3805 3024 3875 impari
3059 3822 3122 3861 ac
3152 3809 3450 3877 imperato-

1877 3907 1992 3945 rem
2021 3894 2330 3948 ltomanum
2362 3896 2512 3949 cultu
2542 3906 2923 3966 susceperunt.
2952 3898 3010 3951 ld
3043 3898 3135 3952 ubi
3169 3899 3449 3970 TheOphi-

1875 3981 1962 4036 lus
2008 3983 2239 4047 audivit,
2293 3986 2497 4055 ingenti
2551 4002 2789 4042 mcerore
2835 3991 3145 4060 mentisque
3200 3994 3449 4062 angustia

1874 4074 2139 4128 concidit.
2175 4074 2476 4145 Habitoque
2509 4093 2633 4131 cum
2661 4078 2873 4135 Joanne
2919 4080 3171 4151 Syncello
3217 4085 3449 4138 consilio

1876 4163 1954 4217 ait
1978 4164 2067 4219 ille
2100 4183 2113 4218 :
2152 4163 2210 4219 Si
2246 4182 2368 4219 vere
2401 4183 2464 4220 ea:
2508 4169 2686 4221 animo
2728 4168 3027 4224 Manuelem
3068 4174 3137 4225 ad
3174 4182 3225 4225 te
3264 4178 3451 4230 reverti

1876 4257 2041 4323 cupis,
2063 4272 2092 4309 ο
2122 4258 2432 4326 imperator,
2468 4258 2522 4312 id
2553 4260 2646 4312 tibi
2682 4268 2741 4312 ut
2766 4269 3031 4329 praestem,
3082 4265 3215 4317 mihi
3269 4284 3448 4334 prom-

1877 4357 2023 4414 ptum
2068 4358 2165 4401 est.
2206 4349 2441 4419 Acceptis
2486 4367 2714 4420 namque
2744 4354 2978 4421 pecuniis
3028 4364 3347 4427 arreptoque
3382 4361 3451 4412 ad

1876 4438 2302 4492 Amermumnem
2336 4441 2543 4503 itinere,
2586 4442 2740 4510 quasi
2783 4457 2868 4495 eos
2905 4444 2995 4512 qui
3046 4446 3100 4497 in
3132 4462 3341 4499 carcere
3388 4465 3451 4501 ac

205 4534 273 4584 ἐν
294 4532 565 4602 ,είρκταῗς
608 4532 793 4601 δῆθεν
851 4534 1331 4602 ἐπισκεψόμενος
1363 4535 1464 4587 καί
1512 4535 1769 4602 δεσμοῖς,

1882 4528 2103 4582 uinculis
2132 4540 2378 4582 tenentur
2401 4531 2685 4596 inoisurus,
2711 4533 3159 4604 subscriptumque
3188 4538 3447 4606 majesta~

204 4625 366 4695 ἔχων
406 4625 834 4696 ἐνυπότραερον
880 4627 1068 4694 λόγον
1109 4626 1271 4695 παρὰ
1308 4625 1416 4693 τῆς
1443 4626 1566 4695 σῆς
1598 4628 1776 4693 βασι·

202 4720 373 4785 λείας
394 4757 411 4781 ,
438 4717 514 4771 δι’
550 4711 638 4772 ὧν
681 4720 871 4772 πείσω
929 4717 1037 4771 τὸν
1064 4720 1358 4786 Μαι-ουὴλ
1384 4722 1470 4785 είς
1510 4721 1655 4789 ὄψιν
1681 4722 1779 4774 ἐλ-

205 4810 352 4873 θεῖν,
375 4809 535 4863 δοκῶ
556 4808 730 4863 τοῦτο
765 4807 983 4875 πρᾶξαι
1013 4808 1090 4873 τῷ
1113 4826 1178 4862 τε
1207 4811 1395 4865 ἐνυπο
1404 4810 1601 4880 γράφω
1622 4813 1779 4881 λόςδίςι

206 4904 302 4957 καὶ
332 4901 409 4970 τῇ
435 4900 550 4970 ἐμῇ
574 4900 887 4955 πειθοῖκαὶ
914 4901 986 4968 τῇ
1005 4903 1280 4968 εὐσεϐείᾳ
1312 4904 1547 4957 ἐκείνου
1582 4906 1679 4958 καὶ
1703 4904 1781 4970 τῷ

203 4994 367 5058 εἰκὸς
396 4989 553 5045 εἶναι
593 4991 711 5059 τὴν
754 4991 1008 5058 πατρίδα
1040 4992 1229 5046 αὑτοῦ
1256 4991 1417 5061 ἐρᾷν.
1465 4994 1522 5048 Ὁ
1543 4994 1598 5046 δὲ
1625 4994 1780 5063 βασι-

204 5083 335 5146 λεὺς
384 5074 680 5152 πάμπολλα
714 5083 976 5151 χρήματα
1027 5082 1120 5133 καὶ
1151 5080 1301 5151 δῶρα
1346 5082 1467 5144 δοὺς
1500 5082 1646 5151 αὐτῷ
1677 5086 1783 5135 ἁπ-

209 5173 472 5227 έστειλεν.
513 5174 571 5225 '0
591 5172 647 5224 δὲ
672 5169 927 5224 εἰσελθὼν
942 5171 1039 5224 καὶ
1055 5172 1178 5233 τοὺς
1203 5172 1261 5223 ὲν
1284 5172 1500 5242 δεσμοῖς
1524 5175 1782 5242 ρογεύσας

211 5266 307 5318 καὶ
332 5265 426 5318 τὸν
482 5262 977 5332 πρωτοσύμϐουλον
1004 5263 1384 5333 θηρασάμενος
1432 5265 1665 5333 ἠδυνήθη
1695 5266 1786 5318 καὶ

213 5356 388 5424 λάθρα
420 5354 499 5423 τῷ
552 5354 807 5422 Μανουὴλ
851 5357 1135 5424 συντυχεῖν
1162 5354 1256 5406 καὶ
1310 5353 1491 5407 δοῦναι
1519 5356 1665 5424 αὐτῷ
1697 5358 1789 5407 τὸν

215 5450 597 5519 ὲνυπόγραφον
647 5447 805 5515 λόγον
835 5448 929 5500 καὶ
956 5447 1017 5501 τὸ
1065 5446 1338 5515 φυλακτδν
1368 5447 1461 5500 τοῦ
1506 5448 1785 5517 βασιλέως.

229 5541 286 5593 '0
319 5541 419 5609 μὲν
452 5535 546 5592 οὖν
577 5538 748 5591 ταῦτα
782 5537 993 5607 πράξας
1045 5537 1406 5606 ὑπέστρεψεν,
1461 5538 1790 5605 ἁναγγείλας

223 5630 296 5697 τῷ
333 5630 547 5699 βασιλεῖ
578 5630 775 5684 πάντα.
812 5630 872 5683 '0
898 5630 955 5684 δὲ
981 5628 1239 5697 Μανουὴλ
1257 5628 1680 5699 ἐξαιτησάμενος
1702 5630 1792 5682 τὸν

224 5721 648 5790 Ἀμερμουμνῆν
677 5718 815 5789 μετὰ
839 5720 948 5773 τῶν
979 5720 1339 5790 αἰχμαλώτων
1373 5718 1658 5789 Ῥωμαίων
1684 5720 1794 5771 τῶν

232 5812 644 5882 καθειργμένων
694 5813 749 5863 ὲν
800 5812 1086 5879 φυλακαῖς.
1118 5814 1298 5864 πῖστιν
1328 5804 1473 5881 αὖτῷ
1504 5810 1622 5872 δοὺς
1655 5810 1793 5880 ὑπὲρ

1881 4622 1944 4674 tis
1975 4630 2078 4675 tuae
2116 4639 2277 4675 manu
2322 4625 2617 4677 securitatis
2659 4624 2889 4694 diploma
2912 4628 3125 4690 habens,
3150 4629 3271 4682 inde
3289 4630 3449 4700 633

1879 4713 2115 4767 Mauueli
2136 4731 2387 4768 suasurus
2404 4722 2458 4766 ut
2478 4731 2532 4768 se
2546 4715 2635 4768 tibi
2653 4725 2959 4786 praesentem
2980 4719 3234 4772 exhibeat.
3254 4719 3316 4773 Id
3331 4738 3450 4775 vero

1882 4806 2012 4859 nihil
2033 4808 2156 4860 mihi
2185 4825 2392 4861 cassum
2432 4824 2699 4862 cessurum
2732 4811 2981 4872 arbitror,
3020 4821 3129 4863 tum
3156 4812 3449 4883 subscripta

1882 4899 1976 4953 illa
2009 4902 2304 4953 securitatis
2338 4899 2443 4967 ﬁde
2465 4916 2683 4970 meaque
2719 4903 2978 4955 suasionis
3009 4902 3076 4964 vi,
3114 4910 3221 4955 tum
3254 4905 3351 4956 uiri
3374 4907 3449 4973 ip-

1882 5007 1940 5044 sa
1963 4992 2177 5059 pietate,
2204 5008 2264 5044 ac
2290 4992 2429 5062 quod
2452 4992 2736 5046 verisimile
2762 5002 2837 5046 est
2868 4994 3036 5063 ipsum
3053 4995 3282 5062 patriam
3305 5013 3449 5050 suos-

1885 5079 2235 5149 quediligere.
2280 5082 2581 5151 Imperator
2617 5084 2800 5151 itaque
2852 5081 3059 5151 ingenti
3117 5083 3449 5140 instructum

1888 5174 2244 5243 pecuniarum
2275 5173 2327 5226 vi
2357 5173 2708 5242 copiosisque
2755 5172 3081 5225 muneribus
3112 5187 3139 5224 a
3174 5188 3230 5225 se
3273 5174 3451 5233 homi-

1888 5276 2013 5313 nem
2062 5259 2299 5327 ablegat.
2348 5260 2623 5328 lngrcssus
2654 5273 2784 5312 vero
2836 5258 3096 5320 Joannes,
3147 5260 3453 5327 vinetisque

1889 5346 2148 5415 clargitus
2171 5359 2398 5399 munere
2437 5359 2502 5397 ac
2538 5343 2932 5414 protosymbuli
2966 5355 3284 5413 expugnato
3330 5346 3455 5399 ani-

1893 5454 2001 5502 mo,
2037 5437 2271 5491 Manueli
2304 5444 2364 5490 ut
2407 5435 2621 5489 occulte
2653 5435 2801 5503 loqui
2833 5434 3105 5502 fidemque
3145 5436 3458 5490 securitatis

1893 5549 1957 5586 ae
1994 5530 2401 5600 imperatoriam
2431 5543 2652 5583 crucem
2688 5527 2819 5580 dare
2845 5526 3034 5580 liceret
3061 5525 3318 5580 obtinuit.
3368 5527 3459 5581 Sit!

1895 5624 2079 5691 itaque
2103 5629 2326 5690 peracto
2365 5620 2586 5689 negotio
2637 5631 2893 5671 reversus
2926 5624 3254 5669 cunctorum
3296 5620 3460 5666 ratiu-

1895 5729 2018 5769 nem
2055 5713 2350 5781 imperator
2366 5710 2575 5764 retulit.
2624 5708 2838 5762 Manucl
2862 5716 3043 5761 autem
3062 5705 3241 5758 oblata
3266 5706 3459 5757 Amcr—

1899 5821 2135 5863 tuumna’.
2157 5804 2580 5874 supplicatione,
2624 5811 2683 5855 ut
2733 5817 2855 5855 cum
2891 5798 3151 5851 Romanis
3190 5811 3327 5863 quos
3359 5798 3461 5847 sub
