4174 6442
774 368 881 431 695

2014 378 2153 436 8U]
2167 378 2388 436 lii.)le
2431 380 2799 441 M.\GISTR[

3925 392 4027 455 690

773 488 1023 543 custodia
1046 488 1263 543 vinctos
1305 486 1528 543 tenebat
1578 489 1939 557 sust-ipienda:
1983 492 2351 560 expeditionis

2460 495 2658 546 τούτων
2689 496 2761 556 ὼς
2787 498 2844 547 οὐ
2873 492 3178 562 φεύξονται,
3204 498 3361 567 είπερ
3387 500 3694 563 ἐξέλθωσιν,
3725 502 3861 555 ἀλλὰ
3882 506 4032 558 πολε-

773 579 1090 633 I'acultatem
1114 578 1339 643 faceret,
1373 579 1638 634 obstricta
1671 582 1747 634 illi
1778 580 1883 636 [ide
1918 583 2097 652 fugam
2127 584 2350 638 minime

769 682 1113 740 arrepturos,
1163 671 1435 740 siquidem
1488 672 1555 726 ad
1601 672 1805 727 bellum
1850 675 2083 737 exirent,
2118 676 2210 729 sed
2243 676 2352 728 for-

774 764 902 817 titer
924 773 1282 833 pugnaturos,
1306 780 1372 818 ex
1402 773 1531 817 voto
1554 766 1891 834 impetravit.
1924 768 2220 837 Assumpto
2250 769 2351 822 ita.

772 870 878 922 que
913 856 1327 909 Amermumnis
1352 855 1486 915 filio,
1513 856 1848 927 copiosoque
1877 858 2051 913 fretus
2079 861 2345 921 exercitu,

770 946 1040 1000 adversus
1090 947 1285 1000 Persas
1324 946 1500 1000 aciem
1534 947 1765 1009 direxit;
1822 958 2086 1017 partaque
2139 950 2346 1020 ingenti

767 1031 1023 1096 victoria,
1066 1033 1159 1087 sed
1206 1042 1262 1088 et
1315 1032 1565 1087 liberatis
1618 1034 1885 1103 Agarenis
1924 1051 1952 1087 a
1980 1034 2109 1089 feris
2157 1036 2349 1090 bestiis

770 1125 1081 1179 vastitatem
1118 1125 1334 1194 regioni
1367 1124 1750 1189 aﬂ‘erentibus,
1802 1129 2063 1195 majorem
2116 1128 2220 1181 sibi
2251 1129 2350 1181 lio-

770 1231 959 1269 uorem
1006 1230 1070 1269 ac
1096 1216 1402 1271 claritatem
1437 1216 1581 1285 apud
1621 1217 1742 1269 illos
1786 1218 2126 1280 conciliavit,
2185 1220 2350 1273 nihil-

768 1325 876 1377 que
905 1317 1026 1363 erat
1060 1308 1205 1378 quod
1238 1308 1307 1362 ab
1338 1308 1751 1372 Amermumne,
1786 1324 1891 1377 qua
1921 1310 2063 1378 apud
2083 1326 2209 1364 eum
2232 1329 2349 1380 gra-

771 1401 844 1454 tia
884 1401 1149 1471 pollebat,
1182 1416 1290 1455 nou
1313 1410 1771 1470 consequeretur.
1798 1401 2165 1467 Quamobrem
2190 1405 2347 1472 longe

770 1493 939 1545 animi
969 1492 1166 1547 anxius
1192 1508 1257 1547 ac
1289 1493 1577 1555 sollicitus,
1607 1504 1668 1545 ut
1689 1493 1755 1545 ad
1788 1494 2065 1548 Romanos
2084 1497 2346 1563 gentiles-

771 1601 879 1654 que
905 1601 1035 1640 suos
1063 1586 1295 1649 rediret,
1329 1594 1450 1655 post
1491 1586 1841 1656 interjectum
1882 1588 2101 1656 aliquod
2134 1598 2349 1658 tempus

771 1680 849 1734 ait
874 1678 1047 1751 Syria:
1089 1680 1334 1750 regulis:
1372 1679 1430 1733 Si
1463 1682 1590 1733 mihi
1628 1680 2019 1735 Amermumnis
2051 1682 2223 1749 ﬁlium
2273 1701 2350 1737 co-

772 1772 992 1843 piasque
1018 1770 1368 1835 prwbueritis,
1400 1780 1559 1841 atque
1586 1771 1661 1824 his
1681 1787 1774 1840 ego
1807 1772 2034 1840 stipatus
2063 1776 2350 1842 expeditio-

2460 588 2721 654 μήσουσιν
2756 586 3010 654 ἰσχυρῶς,
3048 586 3206 655 ἔτυχε
3249 589 3346 657 τῆς
3390 593 3681 659 αἰτήσεως,
3716 597 3812 646 καί
3860 596 4033 647 λαϐὼν

2454 680 2545 729 τὸν
2571 676 2664 728 τοῦ
2690 678 3080 746 Ἀμερμουμνῆ
3116 682 3227 731 υἱὸν
3258 682 3352 733 καὶ
3405 682 3531 735 λαὸν
3559 685 3811 737 πλεῖστον
3844 686 4033 755 ἐξῆλθε

2454 770 2592 821 κατὰ
2624 770 2867 834 Περσῶν,
2900 772 2994 823 καὶ
3024 771 3181 840 νίκην
3218 774 3463 843 μεγάλην
3496 778 3747 844 ποιήσας,
3780 777 3921 832 ἀλλὰ
3950 785 4037 832 καὶ

2455 861 2636 929 Θηρῶν
2695 862 3001 914 ἁτιοάσσων
3048 864 3174 922 τοὺς
3239 864 3570 935 Ἀγαρηνοὺς
3623 868 4038 939 λυμαινομένων

2453 951 2675 1014 τούτους
2702 951 3091 1020 ἐλευθερώσας,
3128 954 3185 1003 ἐν
3220 954 3426 1022 μείζονι
3461 956 3663 1022 μᾶλλον
3691 962 3813 1010 τὸτε
3836 963 3975 1028 τιμῇ
4007 961 4035 1027 ἦ

2453 1044 2512 1096 τὸ
2540 1046 2804 1112 πρότερον
2841 1044 3181 1109 καθίσταται,
3219 1047 3312 1097 καὶ
3363 1047 3541 1098 πάντα
3571 1043 3639 1117 ἦν
3688 1050 3856 1111 αὐτὸς
3891 1053 4038 1116 παρὰ

2453 1137 2530 1207 τῷ
2555 1137 2943 1205 Ἀμερμουμνῇ
2972 1137 3290 1206 δυνάμενος.
3330 1140 3492 1193 Ὀἓεν
3524 1142 3780 1210 φροντίδα
3835 1142 4039 1212 πολλὴν

2453 1227 2590 1293 ἔχων
2618 1226 2713 1278 τοῦ
2745 1225 2980 1290 ἐξελθεῖν
3008 1230 3087 1289 είς
3137 1228 3467 1298 Ῥωμανίαν.
3523 1232 3662 1299 μετὰ
3689 1235 3883 1300 καιρόν
3916 1251 4038 1285 τινα

2452 1316 2603 1370 εἶπεν
2631 1318 2765 1387 πρὸς
2791 1319 2915 1381 τοὺς
2944 1320 3212 1383 δυνάστας
3234 1322 3455 1391 Συρίας,
3490 1323 3573 1374 ὅτι
3615 1326 3750 1376 Ἐάν
3798 1344 3902 1393 μοι
3936 1327 4042 1378 τὸν

2452 1408 2589 1461 υἱὸν
2612 1407 2719 1461 τοῦ
2746 1410 3160 1477 Ἀμερμουμνῆ
3192 1411 3487 1478 παρέξητε
3506 1414 3603 1465 καί
3628 1416 3783 1467 λαὸν
3808 1416 3913 1468 καὶ
3945 1417 4041 1477 ἐξ·

2456 1498 2629 1563 ἔλθω,
2692 1501 2981 1565 ὑποτάξαι
3034 1502 3150 1569 ἔχω
3208 1502 3324 1569 τὴν
3370 1505 3718 1572 Ῥωμανιάν.
3750 1508 3813 1559 Oi
3860 1506 3921 1559 δὲ
3948 1508 4037 1557 τὸν

2456 1589 2510 1643 Ἀ
2522 1593 2880 1661 μερμουμνῆν
2905 1593 3146 1656 εἰπόντες
3168 1594 3359 1647 τοῦτον
3381 1596 3728 1650 ἀπέστειλαν.
3746 1599 3805 1651 Ὀ
3832 1600 3890 1651 δὲ
3921 1601 4038 1652 Μα-

2454 1680 2614 1751 νουηλ
2652 1680 2823 1735 ἐλθὼν
2857 1683 3084 1752 πλησίον
3131 1684 3241 1737 τῶν
3281 1685 3531 1754 θεμάτων
3561 1688 3660 1754 τῆς
3713 1690 4033 1757 ’Δνατολῆς,

2454 1776 2547 1828 καὶ
2588 1775 3099 1844 προσκαλεσάμενος
3131 1778 3257 1838 τοὺς
3309 1778 3652 1846 ὑποχειρίους
3686 1779 3861 1846 αὐτῷ,
3900 1781 4033 1832 ἀλλὰ

772 1879 893 1915 nem
942 1879 1235 1933 suscepero,
1285 1862 1605 1916 Romaniam
1648 1863 1957 1932 subjugabo.
2026 1864 2354 1918 Retulerunt

2460 1865 2552 1918 καὶ
2583 1866 2672 1917 τὸν
2711 1866 2821 1917 υἱὸν
2854 1868 2946 1917 τοῦ
2973 1867 3371 1936 ’Δμερμουμνῆ
3398 1869 3472 1930 ὡς
3516 1868 3677 1935 δῆθεν
3707 1869 4040 1937 διακινήσων

778 1957 858 2011 illi
885 1958 949 2010 ad
977 1957 1449 2018 Amermumnem,
1498 1965 1552 2010 et
1592 1956 1941 2010 dimiserunt.
1989 1955 2204 2011 Manuel
2254 1972 2347 2019 au-

773 2059 884 2102 tem
920 2048 988 2102 ad
1024 2048 1323 2103 Orientalis
1356 2063 1525 2117 prope
1560 2047 1801 2102 themata
1830 2045 2121 2112 accedens,
2152 2063 2349 2103 convo-

773 2142 1022 2211 catisque
1049 2136 1215 2212 634
1237 2156 1377 2210 quos
1403 2140 1506 2194 sub
1541 2147 1814 2210 potestate
1861 2140 2097 2193 habebat
2133 2142 2347 2194 ordini-

774 2236 899 2298 bus,
930 2234 995 2288 ad
1017 2234 1242 2302 haecque
1257 2233 1668 2287 Amermumnis
1700 2232 1834 2293 lilio.
1864 2242 2119 2300 tanquam
2139 2234 2349 2286 scilicet

771 2328 944 2382 animi
988 2326 1268 2382 relaxandi
1316 2327 1485 2397 gratia
1535 2342 1597 2380 ac
1643 2335 1966 2391 venalurus,
2022 2326 2348 2395 longiusque

773 2420 844 2475 ab
865 2419 1117 2475 hostibus
1146 2419 1451 2489 digressus,
1486 2418 1898 2473 Amermumnis
1922 2419 2243 2488 complexus
2279 2417 2344 2469 ii-

776 2511 907 2565 iium
937 2527 1001 2566 ac
1033 2512 1406 2574 deosculatus,
1430 2510 1496 2563 ad
1530 2526 1655 2563 eum
1689 2509 1843 2563 inﬁt:
1877 2508 1990 2579 Ego
2027 2510 2229 2579 quidem
2280 2508 2350 2561 ad

764 2609 1150 2675 imperatorem
1183 2623 1246 2675 ac
1270 2606 1488 2673 propria
1519 2610 1770 2665 revertor,
1793 2603 1881 2671 qui
1899 2602 2029 2655 nihil
2049 2604 2102 2655 in
2123 2603 2229 2656 vita
2254 2618 2349 2671 po-

776 2668 881 2750 tius
926 2696 1030 2763 ﬁde
1076 2668 1237 2765 atque
1270 2668 1472 2749 'civibus
1523 2668 1819 2746 habendum
1858 2692 2086 2745 ducam:
2136 2700 2192 2742 tu
2230 2668 2350 2745 vero

775 2804 894 2842 cum
922 2789 1044 2851 tuis,
1096 2787 1264 2841 omnis
1300 2804 1331 2839 a
1363 2785 1508 2839 nobis
1574 2784 1703 2837 mali
1750 2798 1984 2843 securus,
2038 2792 2087 2836 te
2136 2783 2207 2836 ad
2236 2794 2350 2837 tuos

776 2883 1015 2952 recipito.
1046 2859 1223 2949 Atque
1250 2878 1339 2933 hic
1365 2876 1589 2948 quidem
1624 2892 1750 2931 cum
1782 2876 2034 2946 lacrymis
2058 2888 2120 2927 ac
2142 2874 2350 2944 pudore

777 2986 1034 3028 reversus
1056 2981 1142 3027 est
1171 2988 1185 3025 :
1220 2970 1435 3024 Manuel
1466 2983 1598 3023 vero
1638 2968 1705 3022 ad
1745 2968 2133 3037 imperatorem
2162 2968 2350 3036 prol'e-

776 3073 899 3121 ctus
923 3074 1027 3127 est,
1060 3063 1343 3133 praemisso
1362 3061 1454 3131 qui
1479 3062 1599 3130 ejus
1628 3060 1923 3114 adventum
1950 3060 2025 3112 illi
2048 3058 2348 3112 nuntiaret.

777 3158 1081 3225 imperator
1114 3156 1316 3210 nuntio
1349 3154 1652 3208 liberaliter
1700 3161 1946 3221 accepto,
1998 3168 2063 3206 ac
2105 3168 2213 3221 qua
2256 3167 2352 3221 par

2451 1957 2545 2008 καὶ
2605 1959 2952 2025 κυνηγήσων,
2984 1956 3267 2026 πόρρωθεν
3294 1958 3405 2009 τῶν
3435 1957 3711 2025 πολεμίων
3739 1962 4039 2026 γενόμενος

2452 2050 2545 2100 καὶ
2585 2049 2942 2119 περιπλακεὶς
2972 2048 3049 2117 τῷ
3091 2049 3189 2117 υἱῷ
3214 2048 3305 2101 τοῦ
3330 2049 3720 2120 ’Δμερμουμνῆ
3755 2051 3849 2102 καὶ
3872 2068 4041 2100 κατα-

2454 2141 2681 2209 φιλήσας
2714 2137 2865 2193 εἷπεν
2890 2155 2903 2167 '
2952 2139 3224 2208 Ἐςὼμὲν
3256 2140 3587 2209 ἀπέρχομαι
3620 2142 3763 2207 πρὸς
3801 2142 4039 2205 τὸνβα-

2452 2233 2627 2285 σιλέα
2660 2233 2757 2285 καί
2783 2232 2853 2283 τὰ
2885 2232 3027 2295 Ῐδιτ,
3055 2230 3250 2299 μηδὲν
3290 2232 3360 2283 ἐν
3388 2230 3467 2294 τῷ
3502 2232 3620 2295 βίῳ
3658 2231 4041 2298 προτιμήσας

2453 2324 2713 2386 πίστεως
2732 2322 2828 2375 καὶ
2851 2322 3289 2390 συμφυλετῶν·
3332 2323 3413 2375 σὺ
3439 2321 3505 2374 δὲ
3542 2322 3692 2391 μετὰ
3741 2321 3859 2374 τῶν
3884 2322 4035 2381 σῶν,

2451 2417 2532 2481 ὡς
2585 2416 2781 2483 μηδὲν
2829 2415 3031 2468 δεινὼ·
3089 2416 3408 2468 πείσεσθαι
3473 2417 3830 2468 ὑποπτεύων
3897 2405 4039 2481 παρ’

2453 2508 2642 2577 ἡμῶν,
2670 2509 2834 2562 ἄπιθι
2881 2509 3028 2575 πρὸς
3054 2509 3195 2574 τοὺς
3226 2510 3397 2573 σούς.
3428 2510 3538 2562 Καὶ
3580 2505 3735 2569 οὗτος
3765 2509 3865 2577 μὲν
3895 2510 4039 2577 μετὰ

2452 2601 2703 2670 δακρύων
2747 2602 2842 2653 καὶ
2891 2600 3154 2670 αἰσχύνης
3188 2602 3554 2671 ὑπέστρεψεν,
3613 2602 3641 2652 ὁ
3670 2601 3727 2653 δὲ
3773 2602 4039 2668 Μανουὴλ

2454 2693 2649 2763 ἐχώρει
2707 2693 2843 2762 πρὸς
2873 2693 2963 2747 τὸν
2995 2694 3254 2760 βασιλέα,
3295 2694 3730 2763 προαποστείλας
3772 2695 3961 2756 αὐτοῖς
3992 2696 4038 2727 ²⁸

2452 2788 2543 2838 τὸν
2567 2786 2893 2855 μηνύσοντα.
2944 2787 3001 2840 Ὀ
3033 2788 3089 2841 δὲ
3134 2787 3388 2857 βασιλεὺς
3414 2790 3505 2841 τὸν
3532 2788 3773 2859 μηνυτὴν
3821 2789 4037 2857 φιλοτι-

2461 2880 2776 2949 μησάμενος
2808 2881 3113 2948 αὐτάρκως,
3147 2882 3238 2934 καὶ
3281 2882 3370 2933 τὴν
3397 2882 3655 2951 Μανουὴλ
3682 2884 3756 2945 ὡς
3782 2884 3931 2946 ἄξιον
3970 2877 4043 2950 ἦν

2457 2970 2878 3039 ὑποδεξάμενος,
2913 2972 3212 3041 μάγιστρον
3241 2972 3401 3035 εὐθὺς
3451 2973 3541 3023 καὶ
3572 2972 3895 3041 δομὼτικον
3926 2973 4040 3023 τῶν

2459 3061 2663 3130 σχολῶν
2689 3062 2935 3132 ἐποίησε,
2972 3063 3064 3115 καὶ
3094 3064 3219 3126 τοὺς
3254 3064 3418 3116 αὐτοῦ
3447 3066 3639 3126 παῖδας
3668 3068 3731 3116 ἐκ
3760 3066 3850 3117 τοῦ
3880 3065 4041 3129 ἁγίου

2458 3154 2831 3223 βαπτίσματος
2851 3156 3158 3220 ἀνεδέξατο.

776 3258 899 3303 erat
932 3248 1273 3302 humanitate
1311 3262 1374 3303 ac
1419 3245 1801 3300 benevolentia
1840 3245 2089 3298 Manuele
2122 3254 2399 3312 suscepto,
2450 3248 2770 3316 magistrum
2815 3250 2998 3302 statim
3042 3264 3104 3302 ac
3140 3248 3450 3303 scholarum
3484 3248 3849 3301 domesticum
3897 3263 4039 3317 pra:-

779 3345 929 3409 fecit,
955 3345 1185 3415 ejusque
1214 3342 1423 3396 liberos
1445 3357 1475 3395 ε
1508 3356 1666 3395 sacro
1698 3340 1849 3394 fonte
1876 3340 2139 3407 suscepit.

852 3443 939 3495 11.
965 3440 1124 3495 Anno
1153 3440 1272 3509 ejus
1325 3436 1545 3507 imperii
1587 3436 1822 3505 septimo
1879 3434 2180 3502 imperator
2224 3448 2348 3486 cum
2387 3437 2428 3495 c

779 3534 1029 3591 Mauuele
1072 3538 1129 3586 et
1175 3537 1371 3585 senatu
1424 3537 1732 3596 cunctaque
1793 3524 2037 3580 exercitu
2090 3523 2355 3578 adversus

782 3625 1063 3694 A‘garenos
1093 3618 1398 3689 profectus,
1437 3616 1695 3686 facilique
1725 3614 1948 3685 negotio
1976 3614 2150 3682 captis
2181 3614 2354 3682 Ζεβε-

786 3725 871 3768 tro
905 3720 961 3767 et
994 3710 1302 3769 Samosato,
1325 3707 1464 3762 urbe
1487 3706 1874 3775 divitiislonge
1903 3704 2354 3773 locupletissima,

785 3802 933 3874 quod
958 3801 1512 3856 indeAmermumnes
1524 3795 1793 3851 oriundus
1804 3804 1969 3858 esset,
1986 3794 2212 3849 victoria
2226 3810 2355 3863 spo-

785 3896 986 3964 liisque
1019 3894 1199 3948 elatus
1218 3905 1473 3969 reversus
1501 3897 1605 3944 est.
1643 3886 1895 3956 Cumque
1917 3886 1985 3939 ad
2012 3887 2195 3939 locum
2222 3886 2357 3955 Brya

788 3985 1052 4044 venisset,
1088 3980 1295 4035 exstrui
1334 3977 1592 4048 palatium
1619 3977 1771 4046 jubet
1800 3975 2099 4044 hortosque
2125 3976 2360 4046 plantari

784 4093 851 4132 ac
883 4076 1114 4139 vivaria,
1141 4083 1305 4143 atque
1331 4087 1501 4142 aquas
1522 4069 1717 4125 deduci
1741 4087 1757 4135 ;
1786 4068 1931 4139 quod
1955 4077 2009 4123 et
2033 4068 2235 4123 factum
2254 4077 2359 4123 est.

787 4171 920 4225 Inde
951 4170 1004 4223 in
1040 4167 1233 4222 urbem
1263 4164 1502 4226 rediens,
1535 4162 1888 4217 Circensibus
1917 4160 2063 4215 ludis
2078 4160 2360 4226 exhibitis,

790 4262 1078 4331 primoque
1123 4259 1239 4326 ipse
1274 4269 1505 4320 munere
1536 4252 1753 4314 ludens.
1785 4251 2034 4305 candidis
2072 4251 2233 4320 equis
2276 4252 2363 4306 in-

789 4363 981 4411 vectus
1008 4351 1290 4421 spoliaque
1319 4347 1597 4415 triumpho
1639 4344 1930 4398 traducens
1976 4343 2154 4399 victor
2202 4360 2365 4398 coro-

791 4455 952 4499 natus
973 4454 1076 4502 est,
1106 4438 1438 4493 factionibus
1454 4435 1913 4491 acclamantibus:
1940 4434 2079 4487 Bene
2095 4436 2367 4503 fausteque

792 4536 1012 4600 veneris,
1032 4534 1174 4587 omni
1204 4532 1380 4599 major
1402 4528 1797 4597 comparatione
1820 4528 2154 4596 jactionarie.

863 4627 1026 4699 635
1077 4626 1162 4711 ιε.
1216 4624 1374 4677 Anno
1426 4621 1545 4690 ejus
1592 4618 1807 4689 imperii
1864 4627 2060 4673 octavo
2108 4618 2367 4673 defuncto

796 4719 1103 4791 patriarcha
1124 4714 1397 4779 ‘Antonio,
1437 4712 1674 4767 Joannes
1697 4711 1969 4780 syucellus
1997 4711 2211 4779 (potius
2240 4727 2370 4764 vero

2536 3430 2620 3502 [Ρ.
2654 3428 2782 3499 421]
2811 3426 2899 3480 ια’.
2930 3428 3019 3495 Τῷ
3065 3426 3108 3490 ξ’
3136 3428 3299 3479 αὐτοῦ
3333 3426 3441 3478 ἔτει
3494 3426 3775 3496 ἐξέρχεται
3808 3426 3838 3478 ὀ
3882 3425 4043 3494 βασι-

2458 3522 2583 3585 λεὺς
2608 3520 2745 3590 μετὰ
2761 3520 3016 3588 Μανουὴλ
3052 3522 3145 3570 καὶ
3176 3519 3275 3587 τῆς
3300 3520 3604 3587 συγκλήτου
3634 3519 3727 3570 καὶ
3751 3516 3846 3570 τοῦ
3876 3534 4043 3586 στρα-

2458 3613 2550 3665 τοῦ
2613 3612 2812 3673 παντὸς
2843 3612 2980 3663 κατὰ
3038 3610 3373 3680 ’Λγαρηνών.
3432 3611 3538 3663 Καὶ
3568 3610 3812 3669 εὐπετῶς
3839 3611 3943 3676 τήν
3984 3625 4042 3660 τε

2459 3707 2736 3775 Ζάπετρον
2779 3705 2873 3757 καὶ
2898 3704 2987 3755 τὸν
3018 3704 3376 3772 Σαμοσάτορα
3406 3702 3622 3771 πλούτῳ
3639 3701 3906 3769 κομῶντα
3957 3702 4045 3752 δια

2459 3798 2518 3851 τὸ
2534 3796 2593 3848 Ἀ
2603 3814 2665 3865 με
2676 3812 2811 3865 ρμου
2821 3795 2958 3865 μνῆν
2976 3795 3183 3847 ἐκεῖθεν
3200 3790 3338 3847 εἶναι
3357 3791 3709 3862 παραλαϐὼν,
3732 3794 3963 3862 ἐπανῄει
3980 3795 4043 3860 τῇ

2463 3892 2586 3960 νίκῃ
2610 3890 2704 3941 καὶ
2733 3893 2843 3951 τοῖς
2872 3888 3132 3957 λαφύροις
3162 3887 3554 3956 γαυρούμενος.
3592 3888 3701 3937 Καὶ
3736 3886 3909 3937 ἐλθὼν
3948 3886 4043 3953 μέ-

2462 4001 2553 4053 χρι
2585 3983 2676 4035 τοῦ
2718 3982 2865 4051 Βρύα
2897 3980 3193 4049 προσέταξε
3226 3980 3487 4031 παλάτιον
3513 3975 4046 4045 οίκοδομηθῆναικαὶ

2464 4075 2826 4144 παραδείσους
2857 4072 3187 4141 φυτευθῆναι
3218 4074 3311 4125 καὶ
3343 4070 3512 4124 ὕδατα
3542 4070 3793 4137 ἀγαγεῖν.
3855 4069 3924 4120 ’Δ
3955 4068 4046 4119 καὶ

2465 4166 2771 4232 γεγόνασιν.
2801 4163 3037 4215 Ἐκεῖθεν
3067 4178 3124 4213 τε
3160 4164 3240 4224 εἰς
3261 4162 3358 4230 τὴν
3385 4161 3539 4213 πόλιν
3564 4162 3921 4229 ἀφικόμενος,
3956 4162 4045 4210 ίπ·

2469 4259 2629 4310 πικὸν
2663 4248 2892 4325 ποιήσας
2934 4257 3021 4306 καὶ
3056 4257 3117 4305 τὸ
3154 4254 3371 4324 πρῶτον
3399 4253 3550 4322 βαῖον
3586 4253 3807 4317 παίξας,
3835 4251 4048 4319 ᾰρματι

2468 4348 2646 4415 λευκῷ
2705 4346 3117 4415 ὲποχησάμενος
3164 4347 3259 4398 καὶ
3302 4348 3369 4398 τὰ
3424 4346 3643 4414 λάφυρα
3670 4344 4047 4414 θριαμϐεύσας

2470 4440 2960 4507 ὲστεῳανὼθη,τῶν
2988 4438 3051 4507 δή
3062 4455 3175 4507 μων
3204 4439 3547 4490 ὲπιϐοιὲιντων
3568 4454 3582 4468 ·
3608 4436 3818 4501 Καλῶς
3846 4433 4047 4501 ἦλθες,

2471 4532 2793 4598 ἁσύγκριτε
2820 4528 3197 4597 φακτωνάρη.

2547 4622 2633 4689 ιβ’.
2662 4620 2750 4689 Τῷ
2778 4621 2828 4689 η’
2857 4620 3049 4672 τούτου
3082 4620 3211 4678 ἔτει,
3254 4617 3348 4670 τοῦ
3379 4619 3716 4687 πατριάρχου
3763 4618 4051 4669 Ἀντωνίου

2475 4714 2916 4779 τελευτήσαντος,
2972 4711 3087 4762 ἀντ’
3120 4708 3284 4762 αὑτοῦ
3320 4714 3706 4779 χειροτονεῖται
3746 4712 4005 4775 Ἰωάννης
4027 4712 4055 4762 ὁ

792 4777 1005 4881 :Iannes
1063 4820 1121 4865 et
1184 4777 1489 4882 Mambres)
1563 4805 1617 4857 in
1682 4777 1799 4873 ejus
1858 4777 2046 4856 locum
2108 4803 2356 4858 sull‘ectu:

2479 4804 2791 4874 σύγκελλος,
2834 4803 3035 4871 Ἰαννὴς
3085 4802 3140 4855 δὲ
3202 4802 3403 4870 μᾶλλον
3436 4804 3528 4853 καὶ
3576 4801 3855 4871 Ἰαμϐρῆς,
3890 4804 3920 4853 ὀ
3964 4804 4057 4854 ἐπὶ

795 4915 915 4969 est,
968 4906 1016 4959 is
1056 4902 1314 4957 nimirum
1356 4899 1515 4968 cujus
1546 4897 1601 4950 iu
1636 4896 1819 4951 Leone
1862 4897 2100 4949 Armeno
2140 4906 2194 4949 et
2231 4911 2369 4963 pra:-

798 4998 1103 5053 varicatore
1158 4991 1363 5046 mentio
1405 5005 1568 5059 supra
1620 4986 1804 5041 habita
1855 4997 1959 5050 est,
2014 4988 2178 5041 homo
2230 5002 2369 5056 pra:-

797 5088 994 5158 stigiis,
1045 5083 1477 5139 divinationibus
1517 5096 1583 5135 ex
1626 5081 1770 5151 pelvi
1803 5080 2061 5149 omnique
2094 5080 2371 5149 impietate

801 5175 1293 5232 nominatissimus.
1354 5173 1422 5229 Et
1467 5188 1599 5227 vero
1657 5172 1913 5226 idoneum
1964 5187 2227 5241 organum
2283 5188 2372 5227 re-

799 5271 900 5338 gie
950 5268 1245 5337 impietatis
1286 5274 1572 5327 inventus,
1637 5264 1832 5319 collata
1884 5280 2009 5318 cum
2061 5280 2127 5318 eo
2178 5281 2366 5334 opera,

801 5374 923 5428 qua
976 5358 1044 5412 ad
1091 5357 1375 5415 interitum
1412 5357 1699 5419 exsistant,
1729 5371 1999 5424 propense
2048 5358 2231 5410 omnia
2274 5372 2369 5409 ex-

802 5460 1025 5505 secutus
1083 5457 1205 5512 est;
1264 5462 1327 5501 ac
1402 5463 1566 5516 quem
1630 5448 1969 5516 parturiebat
2017 5449 2371 5512 (occultabat

801 5546 1025 5611 tamen)
1086 5542 1384 5612 impietatis
1445 5542 1792 5605 basiliscum,
1857 5532 2151 5612 imperator
2199 5543 2373 5597 edidit

2479 4898 2571 4951 τοῦ
2607 4896 2890 4965 Ἀρμενίου
2923 4896 3019 4948 καὶ
3046 4894 3365 4963 παραϐἀτου
3392 4895 3621 4956 Λέοντος
3655 4912 3759 4963 μνη
3770 4896 4057 4962 μονευοεὶς

2475 4992 2879 5062 γραμματικὸς,
2910 4989 3237 5061 βεϐοημένος
3261 4988 3350 5040 ἐπί
3383 5005 3440 5039 τε
3475 4986 3733 5055 μαγείαις
3768 4988 3863 5039 καὶ
3892 4987 4057 5039 λεκα-

2476 5084 2821 5153 νομαντείαιε
2852 5082 2944 5135 καὶ
2974 5080 3121 5149 πασῃ
3154 5078 3398 5147 ἀσεϐείᾳ.
3460 5080 3553 5139 Ὃς
3584 5078 3817 5146 ὄργανον
3862 5080 4057 5146 ἐπιτή-

2477 5177 2616 5229 δειον
2663 5175 2907 5245 εὑρεθεὶς
2947 5174 3046 5242 τῆς
3070 5172 3165 5224 τοῦ
3202 5171 3462 5241 βασιλέως
3489 5170 3742 5231 ἀσεϐείας
3782 5172 3879 5223 σὺν
3910 5171 4057 5237 αύτῷ

2477 5262 2658 5319 πάντα
2673 5266 2739 5317 τὰ
2763 5262 3187 5333 πρὸςὰπὼλειαν
3212 5261 3612 5329 κατειργάσατο
3629 5277 3642 5290 °
3669 5260 3765 5313 καὶ
3787 5260 3845 5311 δν
3867 5260 4059 5312 ὤδινεν

2478 5360 2694 5427 κατεῖχε
2721 5355 2777 5409 δὲ
2815 5354 3127 5423 βασιλίσκον
3155 5354 3253 5421 τῆς
3279 5351 3534 5413 ἀσεϐείας
3562 5352 3589 5403 ὁ
3617 5350 3874 5421 βασιλεὺς
3908 5351 4060 5421 ἐξέρ-

2482 5450 2610 5520 ρηξε
2642 5451 2737 5502 καὶ
2760 5451 3047 5507 ἀπέτεκεν,
3087 5446 3185 5507 τὰς
3236 5446 3397 5512 ἁγίας
3448 5443 3664 5506 εἰκόνας
3700 5444 4058 5513 ἁναχρίεσοαι

2482 5544 2789 5612 προστάξας
2820 5542 2851 5609 ἦ
2886 5537 3295 5606 ὲπαλείφεσθαι.

800 5633 1141 5703 peperitque,
1180 5633 1520 5701 promulgato
1546 5633 1727 5689 edicto
1758 5650 1865 5704 quo
1896 5650 2077 5690 sacras
2108 5636 2374 5705 imagines
2410 5636 2580 5690 oblini
2611 5651 2672 5689 ac
2698 5634 2901 5689 aboleri
2924 5633 3163 5703 juberet.

2144 5726 2374 5780 VMiH’.
2412 5724 2816 5779 LECTIONES.

877 5814 920 5844 "’
944 5811 1092 5881 αὐτῷ
1123 5828 1305 5884 margo
1344 5813 1403 5868 Ρ.
