4174 6442
172 386 269 452 697

1290 378 1657 443 ANNALES.
1697 409 1765 417 --
1803 381 2312 448 TllEOl’lllLUS.

3324 406 3433 465 698

244 498 311 568 ιγ’
319 541 334 554 ,
364 491 583 560 Οὗτοςὸ
624 496 875 565 Ἰωάννης
927 494 1032 564 πρὸ
1069 493 1163 546 τοῦ
1217 494 1407 558 ἄστεος
1445 495 1650 565 οἴκημα
1689 497 1752 548 ἐκ

1934 499 2014 552 ίῦ.
2081 501 2180 554 llic
2235 503 2473 558 Joannes
2537 514 2814 561 exstructa
2875 508 2930 562 in
2977 511 3131 567 urbis
3172 517 3441 582 pomcerio

174 592 334 647 λίθων
357 590 638 655 λαξευτῶν
674 589 1114 653 κατασκευάσας,
1143 586 1173 640 ὃ
1199 585 1435 657 Τροῦλος
1475 587 1638 658 μέχρι
1660 586 1756 640 τοῦ

171 685 267 739 νῦν
290 685 642 754 ὀνομάζεται,
663 682 752 736 διά
771 698 934 734 τινων
966 681 1167 734 θυσιῶν
1183 680 1380 750 ὡμίλει
1401 683 1514 744 τοῖς
1539 680 1756 750 δαίμοσι

174 780 266 831 καὶ
291 776 372 846 τῷ
399 774 690 844 βασιλείτὰ
715 773 976 843 μέλλοντα
994 773 1344 842 διεσήμαινεν
1365 789 1381 804 ο
1409 771 1437 824 ὃ
1465 773 1560 826 καὶ
1573 774 1759 842 ἀοίκη-

173 887 263 924 τον
289 870 508 938 ἔμεινεν
538 865 628 920 διὰ
653 867 750 929 τὰς
783 868 841 920 ἐν
871 866 1022 936 αὐτῷ
1044 868 1344 936 γενομένας
1372 865 1494 920 τότε
1521 867 1629 919 τῶν
1647 865 1757 920 δαι-

177 962 361 1032 μόνων
388 961 646 1030 ὲπιφοιτή
656 969 790 1022 σεις.

248 1047 334 1103 ιδ’.
377 1048 467 1101 Ἐν
501 1045 716 1111 τούτοις
750 1046 1054 1116 Ἀγαρηνοῦ
1093 1064 1237 1110 τινος
1265 1048 1490 1114 γυναίου
1541 1048 1760 1118 πνεῦμα

174 1139 434 1201 Πύθωνος
465 1138 698 1206 ἔχοντος,
731 1137 760 1191 ὃ
790 1138 1134 1207 αἰχμάλωτον
1162 1137 1376 1201 ἐλαϐεν,
1428 1139 1760 1209 ὲκμαντεύε-

179 1231 305 1284 σθαι
365 1229 554 1298 μαθὼν
579 1232 607 1283 ό
643 1229 898 1299 βασιλεὺς
933 1229 1442 1300 μεςακαλεσάμενος
1486 1231 1762 1286 ἐκπυνθά-

177 1341 354 1385 νεται,
385 1323 533 1384 τίνος
561 1326 596 1393 ἡ
646 1323 890 1393 βασιλεία
933 1326 990 1374 ἐν
1021 1323 1234 1387 πολλοῖς
1279 1325 1560 1394 διαρκέσει
1585 1325 1756 1379 ἔτεσι·

179 1418 273 1470 καὶ
314 1419 565 1482 ὲξεῖπεν·
615 1417 676 1471 Ἠ
706 1416 828 1469 τῶν
874 1417 1312 1484 Μαρτιωακίων.
1339 1419 1497 1472 Κατὰ
1554 1418 1759 1488 πληρο-

178 1509 379 1578 φορίαν
402 1508 465 1580 δὴ
504 1509 604 1578 τῆς
637 1510 894 1578 τοιαύτης
923 1509 1251 1578 προφάσεως
1281 1509 1376 1563 τὸν
1407 1510 1617 1581 μονήρη
1651 1512 1763 1581 βίον

179 1600 477 1668 κατέκρινε
507 1598 900 1670 Μαρτινάκιον,
935 1602 1027 1655 τὸν
1058 1599 1226 1655 αὑτοῦ
1256 1596 1403 1655 οἷκον
1431 1603 1663 1672 ποιήσας
1683 1605 1765 1666 εἰς

182 1693 440 1763 μοναχῶν
468 1693 906 1764 φροντιστήριον.
934 1693 1220 1748 Ἐντεῦθεν
1252 1696 1344 1748 καὶ
1371 1697 1764 1767 Κωνσταντίνῳ

176 1786 258 1854 τῷ
284 1786 602 1858 Τριφυλλίῳ
633 1785 711 1846 τὰ.
731 1786 1128 1859 συμϐησόμενα
1159 1787 1308 1857 αύτῷ
1332 1789 1762 1859 προδεδήλωκεν,

177 1877 263 1930 ὅτι
296 1876 606 1943 Ὡσαύτως
637 1876 738 1931 καὶ
778 1877 862 1932 σὺ
879 1879 978 1947 καὶ
1002 1879 1073 1932 τὰ
1098 1879 1281 1934 τέκνα
1301 1880 1766 1949 ἁποκαρήσεσθε

178 1970 455 2038 κληρικοὶ
525 1969 624 2024 ἐπὶ
695 1970 1136 2038 αὐτοκράτορος
1190 1973 1518 2026 Βασιλείου
1549 1990 1562 2003 ·
1601 1975 1628 2027 ὃ
1671 1976 1766 2028 καὶ

181 2078 248 2116 συ
258 2063 555 2132 μσέὸηκεν.
575 2062 804 2133 Ὁμοίως
831 2065 923 2116 καὶ
951 2064 1134 2127 ἄλλοις
1163 2063 1376 2127 πολλοῖς
1393 2066 1459 2119 τὰ
1490 2083 1554 2119 συ
1563 2067 1768 2136 μϐησό-

183 2173 327 2225 μενα
368 2157 556 2217 αὐτοῖς
585 2153 878 2224 προύλεγε,
905 2157 1000 2209 καὶ
1028 2157 1121 2210 τὸν
1153 2155 1377 2225 βασιλέα
1411 2157 1480 2210 τὰ
1504 2159 1641 2225 μετὰ
1668 2158 1767 2210 θά-

180 2264 344 2299 νατον
370 2247 537 2300 αὐτοῦ
573 2246 861 2314 ὀφείλοντα
879 2247 1132 2314 γενέσθαι
1157 2248 1403 2317 ἁκριδῶς
1428 2248 1766 2318 προηγόρευ-

183 2357 297 2398 σεν.
321 2339 405 2411 [Ρ.
441 2337 569 2409 422]
595 2339 732 2392 ἀλλὰ
756 2341 850 2415 καὶ
873 2340 972 2413 τὴν
997 2341 1104 2393 τῶν
1134 2344 1360 2397 εἰκόνων
1392 2345 1768 2415 προσκύνησιν

185 2431 284 2482 καὶ
307 2431 410 2498 τὴν
429 2429 525 2482 τοῦ
567 2429 743 2500 Ἰαννῆ
775 2412 1126 2500 καθαίρεσιν.
1175 2434 1284 2487 Καὶ
1318 2412 1576 2504 Γεωργίῳ
1607 2412 1768 2506 δὲ’τῷ

183 2525 288 2586 τὰς
316 2522 717 2592 στρατιωτικὰς
747 2522 961 2584 δέλτους
975 2521 1373 2594 ἐπειλημμένῳ
1399 2526 1490 2577 ἐπὶ
1512 2529 1576 2597 τῇ
1609 2543 1768 2594 σφεν-

182 2613 314 2682 δόνῃ
344 2607 501 2664 εἶπεν
545 2615 609 2679 τῇ
639 2611 783 2666 κατὰ
827 2609 926 2665 τοῦ
955 2613 1290 2682 ἱπποδρόμου
1343 2615 1767 2684 ὰποκτάνεσθαι,

185 2709 286 2758 καὶ
314 2705 416 2776 τὴν
447 2703 683 2775 ὕπαρξιν
714 2704 881 2759 αὑτοῦ
911 2705 991 2776 τῷ
1025 2705 1284 2778 βασιλείῳ
1315 2707 1640 2778 ἀνειλῆφθαι
1674 2727 1768 2763 τα-

187 2797 351 2868 μειψο

267 2899 349 2945 ιε’.
383 2891 478 2960 τῷ
507 2891 551 2944 θ’
576 2892 646 2943 αύ
657 2890 744 2944 τοῦ
768 2889 878 2943 ἔτει
899 2891 962 2942 Ἀ
975 2889 1136 2960 ραϐες
1171 2891 1308 2959 μετὰ
1329 2891 1614 2960 δυνάμεως
1640 2894 1769 2946 πολ-

186 2987 291 3052 λῆς
334 2985 480 3038 κατὰ
519 2982 828 3051 Ῥωμανίας
863 2981 1111 3053 ἐξῄεσαν,
1153 2983 1248 3036 καὶ
1283 2985 1312 3036 ὸ
1359 2982 1610 3052 βασιλεὺς
1655 2983 1771 3054 ἅμα

187 3079 307 3138 τοῖς
337 3075 614 3146 πρόσφυξι
646 3074 881 3144 Πέρσαις
910 3075 1002 3127 καὶ
1033 3076 1142 3137 τοῖς
1192 3073 1438 3144 τάγμασι
1497 3073 1594 3128 καὶ
1649 3077 1772 3130 Μα-

189 3167 362 3238 vouin
388 3166 697 3235 δομεστίκῳ
726 3165 846 3218 κατ’
871 3165 1050 3219 αὐτῶν
1082 3167 1296 3238 ἐχώρει.
1347 3167 1455 3218 Καὶ
1497 3167 1771 3240 συμϐολῆς
1800 3206 1842 3262 C

189 3263 499 3330 γενομένης
537 3260 793 3331 ἡττηθεὶς
837 3262 865 3313 ὁ
917 3259 1170 3329 βασιλεὺς
1219 3261 1383 3329 μέσον
1414 3261 1630 3330 εἰσῆλθε
1663 3263 1771 3316 τῶν

192 3353 459 3424 Περσῶν,
525 3353 618 3405 ὑπ’
670 3351 851 3405 αὐτῶν
907 3351 1280 3422 περισωθῆναι
1344 3351 1771 3421 ὐπολαμὸάνων.

191 3442 453 3516 Μανουὴλ
473 3443 529 3498 δὲ
556 3444 631 3506 ὡς
653 3442 795 3512 ἔγνω
819 3441 1169 3512 περισκοπῶν
1216 3444 1276 3494 έν
1315 3443 1466 3512 μέσῳ
1494 3444 1604 3495 τῶν
1633 3445 1773 3513 Περ-

191 3540 305 3592 σῶν
330 3538 426 3591 τὸν
461 3536 682 3606 βασιλέα
729 3535 880 3599 ὄντα,
912 3536 1109 3597 αὐτοὺς
1146 3535 1204 3588 δὲ
1263 3533 1622 3604 βουλομένους
1672 3537 1773 3609 ἢδη

189 3636 309 3694 τοῖς
343 3630 551 3700 Ἄραψι
577 3628 765 3682 τοῦτον
791 3627 1126 3698 παραδοῦναι
1161 3628 1255 3680 καὶ
1284 3625 1352 3680 δι’
1383 3627 1550 3681 αὐτοῦ
1578 3631 1776 3681 καταλ-

191 3727 430 3793 λαγῆναι
465 3723 670 3784 αὐτοῖς,
703 3719 992 3789 διασχίσας
1022 3719 1187 3788 μέσον
1214 3718 1394 3772 αὐτῶν
1425 3720 1518 3771 καὶ
1550 3719 1643 3773 τοῦ
1675 3737 1774 3790 χα-

191 3819 341 3870 ὶινοῦ
381 3814 478 3870 τοῦ
511 3815 680 3867 ἵππου
731 3812 829 3866 τοῦ
879 3812 1142 3882 βασιλέως
1191 3811 1490 3880 λαϐόμενος
1537 3812 1774 3877 ἐξεῖλκεν

192 3915 398 3965 ἄκοντα
426 3907 637 3970 τοῦτον,
665 3905 927 3974 αἰσχύνην
971 3903 1273 3974 ἡγούμενος
1304 3904 1365 3956 ού
1399 3903 1692 3973 καθεκτὴνι,
1727 3906 1776 3958 εἰ

191 4005 287 4056 τὸν
318 4002 551 4072 βασιλέα
611 3999 898 4068 Ῥωμαίων
951 3996 1188 4065 Ἄραϐες
1223 3996 1569 4065 αἰχμάλωτον
1597 3997 1776 4049 λάϐω-

195 4113 303 4150 σιν.
342 4099 404 4149 ’0
435 4094 489 4148 δὲ
513 4092 763 4163 βασιλεὺς
789 4090 867 4160 τῷ
895 4090 1004 4143 δέει
1034 4089 1132 4142 τοῦ
1157 4089 1553 4158 καθεστηκότος
1579 4089 1779 4151 ἐκστὰς

195 4188 542 4261 προσρυῆναι
563 4187 727 4240 πάλιν
762 4187 872 4246 τοῖς
901 4185 1137 4253 Πέρσαις
1167 4182 1438 4234 ἐϐούλετο.
1485 4182 1544 4236 ὐ
1565 4182 1620 4234 δὲ
1654 4184 1778 4236 Μα-

203 4281 360 4351 δουὴλ
395 4281 460 4334 τδ
504 4278 658 4346 ξίφος
687 4277 960 4330 ἀνέτεινεν
993 4275 1070 4338 ὡς
1104 4275 1363 4340 πατάξων
1414 4275 1597 4328 αὐτόν.
1643 4275 1702 4328 '0
1722 4274 1779 4328 δὲ

196 4374 460 4444 φοϐηθεὶς
483 4371 727 4442 ἐξῆλθεν.
765 4367 1006 4421 Ἑκεῐθέν
1039 4383 1099 4418 τε
1125 4367 1182 4432 ὲξ
1206 4366 1470 4437 αἰσχύνης
1505 4367 1778 4436 ὑποστρέ-

195 4485 288 4535 φει
309 4469 368 4518 ὲν
414 4462 494 4533 τῷ
521 4461 820 4534 Δορυλαίῳ.
874 4459 931 4512 '0
979 4459 1037 4511 δὲ
1077 4457 1333 4527 Μανουὴλ
1361 4460 1419 4509 ὲν
1454 4459 1532 4527 τῷ
1555 4457 1780 4530 πολέμῳ

1859 608 1924 646 ex
1973 592 2140 646 sectis
2179 593 2454 660 lapidibus
2499 597 2663 651 domo
2710 600 2974 669 (Trullus
3032 603 3305 674 hodieque
3351 626 3446 663 vo-

1859 685 2050 752 catur)
2105 685 2392 740 sacrificiis
2430 689 2758 756 quibusdam
2815 691 3157 748 daemonibus
3209 696 3441 752 inutilia.

1861 778 1977 828 rius
2017 788 2199 842 utens,
2247 795 2369 846 quze
2413 779 2596 836 futura
2638 791 2817 847 erant,
2867 783 3184 853 imperatori
3228 789 3444 843 denun-

1863 863 2050 918 tiabat.
2104 866 2423 921 Manserunt
2471 869 2618 924 aedes
2673 873 2777 926 illa:
2815 873 3106 943 inhospita:
3145 879 3216 930 ob
3241 880 3445 934 daemo-

1861 971 1993 1009 num
2025 974 2121 1026 per
2151 959 2266 1013 hate
2297 970 2540 1030 tempora
2570 963 2623 1015 in
2649 963 2757 1017 illis
2780 965 3170 1034 frequentiam.

1934 1049 2020 1102 Η.
2077 1051 2224 1103 Inter
2292 1052 2406 1106 haec
2465 1054 2765 1124 Agarenam
2818 1061 3108 1126 quamdam
3161 1061 3447 1115 mulierem

1861 1139 2010 1193 bello
2060 1149 2273 1208 captam
2329 1143 2523 1210 spiritu
2585 1145 2832 1216 Pythone
2887 1147 3120 1202 alllatam
3177 1167 3299 1204 cum
3359 1167 3450 1204 va—

1861 1234 2081 1287 ticinari
2147 1233 2443 1302 imperator
2489 1236 2763 1300 audisset,
2823 1239 3050 1308 rogabat
3090 1255 3155 1293 cx
3208 1243 3318 1305 illa,
3354 1259 3452 1297 cu-

1860 1326 1950 1396 jus
1986 1326 2040 1378 in
2074 1325 2237 1379 domo
2274 1327 2569 1396 imperium
2615 1328 2669 1380 in
2701 1344 2875 1383 annos
2908 1331 3092 1398 plures
3121 1332 3447 1387 duraturum

1863 1428 2030 1472 esset.
2077 1416 2177 1472 Cui
2223 1417 2843 1473 illazMartinaciorum.
2895 1421 3027 1490 Ejus
3056 1425 3300 1478 vaticinii
3347 1426 3452 1478 ﬁde

1863 1524 2038 1576 eaque
2096 1509 2388 1563 occasione
2455 1509 2808 1564 Martinaeem
2867 1512 3124 1566 monachi
3195 1516 3451 1569 instituto

1867 1599 2166 1661 damnavit,
2211 1601 2441 1670 ejusque
2473 1601 2700 1656 domum
2749 1603 2805 1656 in
2855 1605 3250 1658 monasterium
3298 1607 3452 1661 rede-

1867 1690 1961 1760 git.
1988 1692 2124 1746 llinc
2149 1708 2367 1760 quoque
2392 1692 2758 1748 Constantino
2783 1694 3106 1763 Triphyllio,
3139 1714 3260 1766 quae
3285 1712 3451 1751 even-

1871 1795 1989 1838 tura
2034 1793 2238 1844 essent,
2283 1785 2568 1854 przedixit,
2614 1785 2841 1854 perinde
2887 1789 3101 1842 scilicet
3145 1805 3271 1844 eum
3315 1792 3454 1845 lihe-

1872 1893 2072 1947 rosque
2101 1878 2372 1931 clericalis
2395 1878 2605 1933 ordinis
2637 1879 2808 1950 gratia
2835 1881 3126 1936 detonsnm
3155 1884 3220 1937 iri
3254 1883 3456 1939 Basilio

1871 1970 2199 2038 imperatore
2226 1988 2240 2035 ;
2279 1969 2446 2041 636
2471 1971 2616 2040 quod
2645 1980 2698 2026 et
2736 1973 2987 2042 contigit.
3027 1975 3296 2030 Similiter
3323 1993 3458 2045 quo-

1869 2079 1975 2131 que
2003 2064 2261 2117 aliisnon
2294 2064 2486 2132 paucis
2525 2063 2741 2118 futuros
2778 2076 3010 2120 eventus
3045 2070 3451 2135 praznuntiavit.

1869 2156 2047 2210 Etiam
2091 2157 2184 2225 qui
2226 2156 2296 2209 ab
2346 2157 2494 2211 illius
2534 2167 2712 2212 morte
2765 2159 2985 2215 futurus
3024 2170 3172 2215 esset
3221 2161 3455 2230 impera-

1871 2257 1987 2311 tor,
2039 2249 2187 2302 clare
2229 2248 2538 2319 TheOphilo
2584 2249 2798 2315 edidit;
2851 2252 2982 2306 item
3031 2253 3148 2307 fore
3208 2261 3266 2306 ut
3320 2253 3459 2306 ima-

1869 2341 2025 2412 gines
2076 2342 2483 2395 venerationem
2536 2343 2854 2413 cultumque
2915 2347 3249 2415 reciperent,
3300 2356 3356 2399 et
3395 2357 3454 2400 ut

1869 2433 2074 2489 Jannes
2115 2434 2243 2488 sede
2283 2441 2625 2489 moveretur.
2657 2434 2894 2504 Georgio
2929 2452 3152 2506 quoque
3190 2437 3456 2491 militares

1873 2534 2086 2588 tabulas
2146 2541 2444 2588 consecuta
2505 2533 2570 2586 ad
2633 2532 2776 2588 Circi
2851 2533 3074 2588 fundam
3144 2535 3452 2588 necandum

1870 2626 1988 2681 fore
2031 2627 2324 2681 vaticinata
2359 2634 2463 2690 est,
2492 2627 2720 2697 ejusque
2769 2626 2902 2682 ﬁsco
2934 2627 3292 2683 addiccndam
3329 2629 3458 2683 sub-

1870 2719 2149 2773 stantiam.

1947 2899 2032 2954 15.
2070 2897 2289 2968 Imperii
2330 2897 2620 2968 Theophili
2657 2913 2803 2951 anno
2839 2912 2987 2952 nono
3021 2897 3228 2952 Arabes
3270 2897 3460 2968 ingen-

1877 2990 2026 3044 tibus
2070 2990 2244 3058 copiis
2291 2991 2550 3045 Romanaa
2594 2990 2821 3044 ditionis
2865 2990 3176 3059 provincias
3225 2991 3455 3060 locaque

1877 3081 2159 3147 invasere;
2208 3082 2264 3134 in
2308 3095 2447 3150 quos
2489 3081 2790 3149 imperator
2821 3097 2946 3133 eum
2974 3081 3158 3135 Persis
3187 3083 3455 3150 profugis,

1876 3174 2247 3242 Romanisque
2296 3172 2468 3240 copiis
2523 3187 2587 3225 ac
2633 3168 2884 3224 Manuele
2930 3170 3234 3226 domestico
3283 3173 3458 3226 aciem

1876 3266 2088 3320 eduxit.
2142 3264 2409 3319 Conserta
2454 3279 2631 3332 pugna
2681 3263 2860 3317 victus
2903 3263 3204 3332 imperator
3248 3264 3303 3317 in
3345 3280 3462 3317 mc-

1876 3357 2028 3411 dium
2077 3357 2362 3410 Persarum
2401 3371 2618 3424 agmen,
2664 3371 2763 3424 per
2801 3371 2897 3409 eos
2951 3356 3246 3410 liberatum
3285 3374 3344 3411 se
3391 3358 3456 3412 iri

1876 3451 2174 3504 arbitratus
2201 3491 2215 3513 ,
2257 3448 2448 3503 subiit.
2503 3447 2713 3502 Manuel
2765 3448 3257 3514 circumlustrans,
3300 3459 3360 3503 ut
3404 3449 3459 3503 in

1877 3540 2061 3594 medio
2123 3540 2413 3592 Persarum
2473 3551 2653 3590 cuneo
2713 3536 3012 3590 haerentem
3072 3537 3458 3607 imperatorem

1877 3631 2153 3700 cognovit,
2181 3631 2403 3700 jamque
2453 3627 2560 3682 illis
2598 3629 2958 3682 constitutum
3003 3643 3122 3684 esse
3157 3639 3217 3682 ut
3263 3630 3460 3683 Arabi-

1877 3724 1982 3778 bus
2023 3723 2201 3791 ipsum
2247 3721 2545 3791 proderent
2595 3719 2851 3789 illiusque
2893 3721 3072 3790 pretio
3111 3737 3303 3774 eorum
3345 3738 3472 3792 grue

1881 3815 2007 3869 tiam
2063 3815 2300 3874 inirent,
2355 3820 2621 3882 perrupto
2684 3812 2903 3865 illorum
2958 3828 3134 3867 cuneo
3196 3812 3464 3882 frenoque

1881 3903 2230 3976 imperatoris
2287 3917 2430 3972 equo
2493 3902 2840 3973 apprehenso
2903 3919 3044 3972 pene
3103 3905 3464 3958 reluctantem

1879 3997 2170 4061 trahebat;
2213 3995 2364 4049 nullo
2390 3994 2554 4049 modo
2597 3993 2888 4049 ferendum
2928 3995 3190 4064 probrum
3232 3995 3462 4059 ducens,

1879 4093 1925 4148 si
1965 4092 2038 4144 ita
2070 4089 2139 4143 ab
2182 4088 2459 4143 Arabibus
2502 4087 2876 4141 Romanorum
2917 4088 3303 4156 imperatorem
3345 4088 3466 4157 capi

1881 4184 2248 4252 contingeret.
2303 4180 2372 4235 At
2429 4180 2728 4247 imperator
2785 4179 3001 4232 timoris
3052 4178 3220 4231 nimia
3269 4179 3322 4230 vi
3386 4193 3470 4232 sa-

1882 4277 2038 4330 niore
2077 4283 2261 4327 mente
2294 4271 2542 4342 dejectus
2570 4271 2638 4325 ad
2683 4273 2880 4326 Persas
2923 4285 3118 4324 rursus
3161 4270 3468 4324 desciscere

1882 4367 2120 4421 volebat.
2149 4364 2364 4418 Manuel
2387 4361 2627 4433 gladium
2651 4363 2870 4416 strinxit
2893 4363 3049 4431 quasi
3076 4377 3467 4432 percussurus;

1883 4475 1992 4529 quo
2034 4459 2260 4512 territus
2294 4457 2590 4524 imperator
2621 4455 2808 4516 exivit,
2844 4454 3078 4523 indeque
3107 4455 3338 4523 pudore.
3386 4455 3468 4507 in-

193 4557 434 4628 τρωθεὶς
464 4557 561 4608 καὶ
600 4552 836 4623 νοσήσας
863 4551 1236 4621 ἐτελεύτησεν,
1267 4550 1466 4614 πολλὰς
1511 4550 1772 4621 ἀνδραγα-

1888 4553 2148 4621 gentique
2179 4557 2400 4618 accepta
2444 4547 2620 4612 clade,
2667 4548 2970 4619 Dorylaeum
3018 4548 3204 4601 rediit.
3251 4547 3468 4602 Manuel

194 4653 323 4716 θίας
359 4651 501 4704 κατὰ
553 4643 874 4716 Ἀγαρηνῶν
938 4643 1300 4713 ποιησάμενος
1324 4659 1339 4672 ·
1395 4644 1456 4697 τὺ
1507 4643 1566 4698 δὲ
1621 4645 1782 4715 σῶμα

196 4742 367 4798 αὐτοῦ
402 4738 753 4807 ἀπεκομίσθη
796 4739 853 4789 ὲν
887 4739 953 4806 τῇ
984 4736 1076 4788 ὑπ’
1100 4735 1266 4788 αὐτοῦ
1298 4737 1581 4811 κτισθείσῃ
1619 4741 1778 4810 μονῇ,

193 4839 263 4906 τῇ
333 4835 601 4900 σύνεγγυς
640 4829 866 4900 κειμένῃ
901 4827 1005 4896 τῆς
1055 4827 1148 4880 τοῦ
1204 4831 1484 4902 ’Λσπαρος
1529 4832 1780 4904 κινστέρ-

199 4947 320 5000 νης.

269 5117 372 5176 ις’.
389 5109 500 5161 Καὶ
521 5107 684 5171 εὐθὺς
697 5101 943 5160 διαϐολαὶ
965 5106 1101 5178 πρὸς
1122 5105 1214 5160 τὸν
1238 5105 1463 5176 βασιλέα
1489 5105 1629 5161 κατὰ
1644 5107 1784 5176 Περ-

201 5205 310 5257 σῶν
363 5204 459 5256 καὶ
518 5201 744 5256 ἀπειλαὶ
789 5201 929 5255 κατὰ
957 5200 1232 5268 Θεοφόὸου
1258 5199 1332 5262 ὡς
1369 5201 1661 5270 ἀντὰρτου,
1687 5200 1783 5252 καὶ

201 5296 490 5365 προδότου,
525 5293 626 5347 καὶ
658 5293 977 5362 δυσμενοῦς.
1034 5291 1216 5345 Ταῦτα
1270 5292 1458 5360 μαθὼν
1488 5291 1779 5360 Θεόφοόος,

203 5389 328 5450 τοὺς
361 5387 584 5457 Πέρσας
641 5385 969 5437 καταλαϐὼν
1026 5383 1295 5453 κατῆλθεν
1349 5382 1454 5446 ἕως
1487 5383 1738 5450 Σινώπης
1765 5399 1779 5414 ·

206 5481 326 5549 ητις
377 5477 478 5547 τὴν
524 5477 721 5544 κλῆσιν
765 5476 987 5544 εἴληφεν
1012 5475 1122 5528 ἀπό
1160 5491 1304 5538 τινος
1330 5473 1438 5527 τῶν
1470 5473 1784 5544 Ἀμαζόνων

210 5568 378 5638 αὐτὴν
437 5567 798 5636 δειμαμένης,
856 5568 1166 5636 ’Ᾱμαστρις
1190 5565 1248 5619 δὲ
1296 5565 1328 5631 ὴ
1361 5565 1491 5636 πρὶν
1525 5563 1782 5635 Κρῶμμα

212 5659 577 5730 ὠνομασμένη
609 5659 719 5710 ἀπὸ
760 5658 1118 5727 ’Λμάστριδος
1165 5657 1264 5727 τῆς
1291 5656 1572 5728 Περσίδος,
1614 5656 1780 5723 θυγα-

216 5752 338 5819 τρὸς
374 5750 672 5818 Ὀξυάρτου
701 5748 935 5813 ἀδελφοῦ
968 5749 1215 5818 Δαρείου,
1263 5749 1386 5818 ἥτις
1419 5747 1783 5817 συνοικήσασα

221 5843 474 5913 Διονυσίῳ
513 5841 592 5914 τῷ
635 5840 960 5911 Ἡρακλείας
995 5841 1261 5910 τυράννῳ,
1285 5841 1375 5894 ὑπ’
1407 5841 1601 5910 ἐκείνῳ
1623 5837 1786 5895 οὖσαν

1882 4660 1912 4698 e
1955 4642 2146 4711 prmlio
2187 4640 2409 4694 saueius
2452 4638 2756 4708 morboque
2800 4646 3089 4706 correptus
3122 4638 3267 4692 diem
3306 4638 3468 4704 obiit,

1884 4735 2073 4789 multis
2111 4733 2380 4787 adversus
2421 4730 2702 4801 Agarcnos
2747 4739 2972 4784 strenue
3011 4729 3317 4798 bellicaque
3358 4729 3472 4782 for-

1883 4825 2117 4881 titudine
2166 4823 2311 4877 clare
2343 4822 2528 4893 gestis.
2559 4821 2690 4891 Ejus
2737 4821 2973 4875 cadaver
2992 4819 3155 4890 637
3185 4819 3252 4872 ad
3277 4835 3470 4872 mona-

1882 4919 2108 4974 sterium
2129 4916 2380 4978 relatum,
2402 4913 2547 4982 quod
2575 4914 2690 4982 ipse
2709 4921 3093 4967 construxerat
3114 4910 3256 4964 haud
3277 4913 3468 4980 procul

1889 5011 1958 5064 ab
1990 5008 2210 5078 Asparis
2238 5007 2497 5060 cisterna.

1962 5097 2048 5151 l6.
2081 5095 2276 5149 Statim
2306 5093 2637 5163 proditionis
2681 5091 2848 5144 delati
2896 5091 3072 5145 Persae
3105 5089 3252 5158 apud
3287 5090 3468 5158 impe-

1891 5197 2131 5244 ratorem
2169 5203 2180 5238 :
2217 5185 2501 5239 intentata:
2552 5183 2714 5236 minae
2761 5181 2817 5234 in
2873 5181 3298 5250 Theophobum,
3351 5191 3469 5234 tan-

1891 5297 2052 5352 quam
2088 5288 2352 5350 tyrannus
2383 5287 2440 5332 ct
2476 5275 2702 5331 rebellis
2727 5291 2790 5329 ac
2821 5275 3073 5345 proditor
3103 5283 3158 5328 et
3184 5274 3360 5328 hostis
3379 5288 3463 5327 es-

1891 5381 1995 5428 set.
2024 5370 2402 5439 Theophobus
2433 5369 2734 5437 compertis
2761 5383 2998 5436 quorum
3021 5382 3150 5422 reus
3178 5367 3466 5437 agebatur,

1893 5464 2189 5533 assumptis
2216 5478 2401 5517 secum
2435 5461 2724 5516 Persarum
2751 5463 2950 5516 turmis
2972 5502 2985 5523 ,
3042 5461 3302 5530 Sinopem
3337 5475 3472 5515 con-

1892 5559 2076 5613 cessit.
2127 5557 2375 5624 (Accepit
2417 5555 2513 5608 illa
2546 5569 2750 5608 nomen
2779 5569 2807 5606 a
2833 5553 3070 5622 quadam
3105 5556 3465 5619 Amazonum,

1893 5667 2014 5720 qua:
2063 5665 2182 5704 eam
2252 5648 2520 5703 condidit.
2586 5645 2852 5700 Amastris
2908 5661 3076 5706 vero,
3140 5662 3263 5715 qua:
3318 5646 3470 5714 prius

1892 5748 2150 5797 (Iromma
2186 5752 2495 5805 vocaretur,
2554 5742 2622 5795 ab
2672 5740 2985 5795 Amastridc
3037 5741 3224 5802 Persa,
3260 5740 3466 5794 Oxiarti

1900 5836 2042 5892 Darii
2070 5837 2256 5891 fratris
2282 5835 2407 5890 ﬁlia.
2441 5835 2564 5889 Fuit
2605 5835 2718 5888 haec
2746 5849 2884 5887 uxor
2923 5834 3162 5903 Dionysii
3197 5833 3470 5889 lleraclca‘.
