4174 6442
719 395 826 455 699

1954 390 2099 449 SYM
2110 388 2253 447 EON
2267 388 2333 445 [3
2375 388 2743 448 MAGISTRI

3862 402 3970 465 700

722 500 959 571 tyranni,
1020 496 1114 567 qui
1169 497 1323 552 urbis
1371 511 1495 551 cum
1535 496 1828 566 potiretur,
1877 512 1945 549 ex
1976 498 2162 551 uxoris
2186 511 2289 550 no—

2413 497 2494 567 τὴν
2524 498 2680 550 πόλιν
2707 498 2814 551 ἀπὸ
2837 499 2939 567 τῆς
2970 498 3206 569 συζύγου
3229 502 3597 572 ὠνομακέναι.
3623 507 3733 559 Καὶ
3762 512 3973 581 ταύτην

723 591 868 644 mine
900 589 1048 644 illam
1101 588 1444 657 appellavit.)
1479 586 1856 655 Theophobus
1910 603 2075 656 quam
2102 588 2293 642 urbem

722 688 1057 750 occuparat,
1116 678 1332 749 tyranni
1372 677 1494 747 jure
1552 676 1793 730 tenebat.
1849 677 2153 747 Imperator
2204 676 2296 731 ubi

722 773 965 835 rescivit,
1004 771 1211 841 ingenti
1238 785 1473 825 mcerore
1495 769 1724 823 allectus
1747 777 1849 824 est.
1875 770 2094 824 Veritus
2114 778 2297 823 autem

721 878 790 917 ne
818 861 895 915 illi
923 876 983 915 se
1003 859 1284 914 Arabibus
1341 859 1726 929 adjungerent,
1761 859 1817 912 in
1870 858 2298 928 Paphlagoniam

723 965 898 1018 usque
932 950 1121 1014 venit;
1158 948 1395 1018 dataque
1428 948 1534 1003 fide
1560 949 1697 1002 nihil
1740 950 1868 1003 mali
1901 966 2182 1019 passuros,
2206 967 2293 1007 as-

720 1052 1056 1111 sumptoque
1079 1040 1421 1111 Theophoho
1454 1042 1508 1095 in
1543 1042 1735 1096 urbem
1791 1042 1976 1096 rediit.
2000 1044 2181 1097 Persae
2210 1059 2300 1098 re-

722 1134 857 1202 liqui
909 1132 976 1186 ad
1023 1133 1188 1188 sedes
1237 1132 1441 1202 cuique
1481 1133 1689 1188 dudum
1734 1133 2040 1202 assignatas
2071 1134 2297 1189 reversi.

722 1223 893 1277 Porro
917 1223 1292 1293 Theophobus
1322 1240 1430 1276 non
1460 1223 1642 1276 minus
1685 1222 1900 1276 civibus
1921 1238 2084 1291 quam
2116 1224 2301 1279 Persis

722 1315 898 1368 amori
933 1314 1263 1376 habebatur,
1291 1330 1355 1368 ea
1384 1313 1596 1367 ratione
1626 1313 1774 1383 quod
1792 1313 2134 1369 orthodoxus
2158 1326 2296 1369 erat.

796 1403 885 1457 l7.
920 1403 1214 1472 Theophili
1241 1403 1593 1471 imperatoris
1627 1418 1774 1457 anno
1812 1402 2028 1457 decimo
2053 1406 2301 1458 nascitur

725 1493 777 1547 ei
809 1492 954 1547 illius
980 1506 1048 1547 ex
1071 1493 1383 1555 Theodora,
1407 1494 1497 1547 cui
1522 1493 1806 1547 Michaelis
1837 1508 2039 1548 nomen
2080 1494 2297 1549 indidit.

726 1582 1051 1637 Procedenti
1099 1599 1166 1638 ex
1210 1599 1364 1637 more
1415 1584 1481 1638 ad
1539 1585 1875 1638 Blachernas
1903 1584 2101 1639 obvius
2125 1584 2301 1641 factus

727 1676 998 1744 quispiam
1032 1675 1108 1729 ait
1131 1693 1144 1728 :
1184 1675 1367 1746 Equus
1392 1692 1492 1743 quo
1528 1676 1730 1728 vehitur
1746 1675 1997 1744 majestas
2023 1666 2136 1737 tua,
2156 1692 2299 1729 meus

2402 586 2731 656 παραλαϐὼν
2756 590 2977 657 κατεῖχε
2996 592 3342 660 τυραννικῶς
3362 608 3376 622 ·
3407 594 3544 662 ὅπερ
3570 595 3733 661 γνοὺς
3757 599 3785 650 6
3812 598 3971 667 βασι-

2401 677 2525 737 λεὺς
2551 678 2609 728 ἐν
2644 679 2855 752 μεγάλῃ
2881 679 3028 752 λύπῃ
3054 681 3266 750 γέγονε.
3294 684 3631 752 Φοόούμενος
3656 690 3713 743 δὲ
3756 692 3831 761 μὴ
3860 710 3973 744 πα-

2403 768 2683 839 ραρῤυῶσι
2713 773 2827 832 τοῖς
2875 772 3103 842 Ἄραψι,
3156 774 3322 846 μέχρι
3370 778 3748 846 Παφλαγονίας
3783 784 3975 854 ἀπῄει,

2402 861 2495 910 καὶ
2528 859 2722 927 λόγους
2745 864 2929 926 αὐτοῖς
2967 864 3043 928 ὡς
3058 865 3212 919 οὐδὲν
3252 867 3534 923 πείσονται
3571 872 3821 938 δεδωκὼς
3881 880 3979 929 καὶ

2400 951 2491 1003 τὸν
2514 952 2780 1021 Θεόιροϐον
2804 956 3204 1027 ἁναλαῦόμενος
3235 959 3572 1031 ὑπέστρεψεν
3602 966 3659 1017 ὲν
3687 968 3752 1035 τῇ
3796 967 3977 1030 πόλει,

2400 1044 2510 1097 τῶν
2533 1046 2708 1100 ἄλλων
2756 1048 2984 1118 Περσῶν
3028 1052 3492 1121 παραγενομένων
3537 1051 3708 1125 οὗπερ
3748 1058 3978 1123 ἕκαστος

2402 1139 2822 1208 κατεσκήνωσεν
2862 1139 2922 1205 ἐξ
2956 1140 3150 1211 ἀρχῆς.
3198 1144 3485 1211 Ἠγαπᾶτο
3527 1146 3583 1199 δὲ
3623 1149 3650 1199 6
3702 1148 3977 1218 Θεόφοΰος

2402 1230 2557 1297 παρὰ
2618 1230 2727 1283 τῶν
2788 1232 3023 1286 πολιτῶν
3067 1235 3165 1304 οὐχ
3191 1228 3355 1304 ἧττον
3388 1236 3421 1307 ἦ
3455 1238 3565 1290 τῶν
3626 1241 3852 1311 Περσῶν
3901 1245 3980 1307 ὡς

2401 1318 2701 1388 όρθόδοξος.
3406 1372 3409 1375 .

2479 1410 2565 1475 ιζ’.
2598 1414 2688 1483 Τῷ
2720 1413 2752 1467 ι’
2772 1414 2935 1468 αὑτοῦ
2980 1415 3089 1470 ἔτει
3120 1418 3331 1485 γίνεται
3366 1420 3446 1489 τῷ
3507 1422 3714 1489 βασιλεί
3739 1425 3822 1497 [Ρ.
3850 1427 3979 1498 ινδ]

2403 1508 2530 1567 παῖς
2564 1507 2627 1557 ὲκ
2665 1508 2969 1576 Θεοδώρας,
3008 1509 3068 1561 ὃν
3103 1512 3457 1580 ἐπωνόμασεν
3488 1512 3725 1586 Μιχαὴλ.
3777 1519 3980 1584 ’Λπερ-

2369 1599 2617 1667 -χομένῳ
2654 1598 2709 1650 δὲ
2748 1598 2824 1667 τῷ
2855 1599 3062 1668 βασιλεῖ
3108 1601 3245 1671 πρὸς
3292 1603 3623 1674 Βλαχέρνας,
3665 1608 3849 1670 καθὼς
3901 1611 3980 1661 εἴ-

2404 1689 2573 1751 θιστο,
2615 1689 2928 1758 ὑπήντησεν
2981 1691 3133 1761 αὐτῷ
3184 1709 3267 1755 τις
3327 1693 3538 1760 λέγων·
3612 1697 3675 1749 '0
3721 1695 3984 1767 ἵππος-ᾧ

726 1764 1047 1831 est.Qua:rit
1069 1765 1369 1835 imperator
1394 1780 1462 1818 ex
1493 1764 1696 1819 comite
1720 1764 1921 1819 stabuli
1957 1766 2105 1834 cujus
2137 1783 2297 1834 equus

2413 1780 2711 1849 ἐποχεῖται
2750 1781 3101 1847 ὴβασιλεία
3128 1800 3247 1838 σου
3302 1786 3446 1852 ἐμός
3472 1788 3660 1841 ἐστιν.
3715 1791 3773 1842 Ὀ
3804 1791 3857 1843 δὲ
3884 1764 3983 1860 βαν-

725 1862 811 1912 sit.
841 1858 944 1925 Qui
965 1859 1076 1913 ait:
1105 1859 1291 1913 Obsicii
1314 1859 1481 1929 638
1505 1874 1674 1912 comes
1704 1868 1809 1911 tua:
1832 1858 2103 1927 majestati
2137 1859 2297 1911 misit.

2413 1842 2592 1930 60.26:
2639 1872 2731 1923 τὸν
2774 1842 3004 1943 *διόμητα
3040 1872 3134 1926 τοῦ
3190 1842 3436 1960 arripiet;
3463 1842 3985 1949 smptbtno:V'.1:l-

728 1952 998 2006 Postridie
1020 1951 1201 2021 itaque
1224 1966 1290 2005 eo
1322 1951 1559 2006 adducto
1579 1950 1831 2021 (contigit
1855 1950 2001 2005 enim
2022 1964 2148 2003 eum
2169 1956 2301 2003 tunc

731 2044 785 2096 in
810 2042 943 2097 urbe
966 2044 1197 2115 versari)
1229 2044 1343 2098 ait:
1368 2042 1658 2112 Cujusnam
1679 2053 1752 2096 est
1776 2043 1978 2113 equus?
1996 2043 2303 2112 Respondit

728 2146 786 2185 se
812 2132 966 2185 illum
991 2133 1277 2187 coemisse.
1307 2132 1604 2186 Obnitente
1641 2142 1825 2186 autem
1851 2132 1945 2201 qui
1977 2142 2130 2186 actor
2155 2140 2325 2195 erat,»

728 2222 891 2291 vique
924 2224 1164 2276 ablatum
1190 2222 1432 2287 dicente,
1467 2239 1570 2278 nec
1603 2224 1773 2277 ullum
1795 2224 1914 2293 ejus
1938 2224 2176 2293 pretium
2209 2240 2299 2277 so-

729 2316 904 2368 lutum
942 2330 1086 2373 esse.
1124 2317 1203 2369 ait
1243 2316 1581 2384 imperator:
1635 2314 1836 2379 Quidni
1874 2316 2021 2385 prius
2063 2315 2302 2369 solvisti?

729 2408 819 2477 qui
881 2410 1209 2478 respondit:
1258 2408 1481 2463 Centum
1517 2408 1599 2462 illi
1656 2426 1897 2463 nummos
1934 2410 2300 2474 numerabant,

728 2502 1095 2570 quaerebatque
1143 2502 1281 2554 inter
1332 2500 1597 2555 scholares
1649 2501 1767 2554 alas
1801 2502 2011 2571 adlegi;
2060 2502 2114 2554 id
2158 2518 2302 2565 vero,

729 2592 867 2660 quod
888 2592 1040 2645 homo
1063 2593 1286 2662 ignavus
1328 2602 1466 2656 erat,
1500 2594 1717 2646 minime
1742 2603 2045 2645 consecutus
2083 2609 2178 2647 nec
2198 2610 2312 2647 cen-

730 2693 839 2734 tum
863 2699 1104 2737 nummos
1124 2684 1361 2753 accipere
1390 2683 1580 2737 voluit.
1627 2683 1932 2751 imperator
1982 2684 2166 2752 itaque
2193 2699 2312 2737 cer-

733 2775 839 2835 tior
862 2774 1041 2828 factus
1068 2788 1273 2844 equum
1303 2774 1356 2828 vi
1389 2775 1631 2829 ablatum
1654 2790 1797 2837 esse,
1834 2776 2014 2843 ipsum
2046 2775 2308 2837 reddidit.

727 2866 929 2934 iubens
943 2874 1001 2920 et
1032 2866 1186 2920 illum
1212 2866 1356 2920 inter
1382 2866 1666 2921 scholares
1697 2865 1912 2920 referri.
1946 2866 2063 2920 Non
2094 2867 2314 2936 acquie-

733 2955 810 3008 vit
835 2955 925 3009 ille
951 2963 1012 3009 ut
1043 2971 1248 3026 equum
1281 2958 1582 3026 acciperet,
1635 2958 1869 3026 aurique
1901 2956 2118 3011 duabus
2147 2956 2306 3011 libris

732 3047 968 3102 donatus
998 3048 1280 3104 abscessit.

2407 1979 2514 2027 νες
2571 1963 2744 2016 ἐστὶν
2797 1968 2831 2018 ὁ
2873 1966 3095 2031 lassae;
3167 1967 3225 2019 Ὀ
3280 1969 3338 2021 δέ
3392 1985 3591 2039 φησιν·
3674 1972 3735 2024 ’0
3792 1976 3987 2042 κόμης

2409 2053 2515 2106 τοῦ
2582 2055 2822 2121 όψικὶου
2889 2056 3253 2113 ἀπέστειλεν
3327 2063 3515 2115 αὐτὸν
3572 2063 3645 2130 τῇ
3693 2067 3987 2134 ,βασιλείᾳ

2411 2164 2548 2199 σου.
2584 2148 2660 2217 Τῇ
2690 2148 2747 2200 δὲ
2792 2148 3054 2219 ἐπαύριον
3091 2150 3182 2207 τὸν
3215 2153 3430 2221 κόμητα
3471 2154 3565 2207 τοῦ
3604 2156 3817 2226 ὁψικίου
3848 2159 3988 2225 ἀγα-

2407 2237 2520 2303 γὼν
2545 2238 2726 2308 (ἔτυχε
2756 2239 2865 2310 γὰρ
2887 2241 2945 2293 ὲν
2968 2243 3034 2310 τῇ
3058 2242 3212 2295 πόλει
3249 2244 3412 2297 αὐτὸν
3443 2241 3605 2315 εἶναι)
3653 2247 3755 2318 ἔφη
3780 2265 3793 2277 ·
3816 2236 3987 2315 Τίνος

2408 2328 2581 2383 ἐστίν
2611 2332 2643 2382 ό
2667 2330 2884 2396 lassor;
2918 2331 2974 2384 '0
3003 2332 3061 2385 δὲ
3114 2332 3218 2402 ἔφη
3251 2350 3265 2364 ·
3320 2335 3606 2404 Ἠτόρασα
3634 2340 3841 2394 αὐτόν.
3876 2341 3987 2392 Τοῦ

2408 2416 2467 2469 δὲ
2523 2417 2881 2485 ἐγκαλοῦντος
2936 2421 3337 2492 ἀνθισταμένου
3395 2428 3489 2479 καὶ
3550 2428 3801 2496 λέγοντος
3845 2436 3991 2500 μετὰ

2413 2506 2536 2575 βίας
2561 2509 2857 2575 ἀφελέσθαι
2882 2512 3044 2566 αὐτὸν
3077 2516 3172 2566 καὶ
3203 2516 3371 2585 χωρὶς
3401 2519 3732 2588 τιμήματος,
3774 2523 3803 2572 6
3831 2522 3991 2589 βασι-

2413 2601 2538 2661 λεὺς
2565 2599 2667 2669 ἔφη
2691 2618 2705 2631 ⁸
2738 2602 2842 2655 Διὰ
2863 2605 3027 2672 τίμὴ
3064 2609 3356 2674 πρότερον
3382 2608 3498 2675 τὴν
3552 2610 3734 2680 τιμὴν
3761 2614 3989 2668 ἀπέχο-

2412 2692 2569 2755 giae;
2624 2691 2681 2744 '0
2724 2690 2781 2744 δὲ
2833 2694 3189 2764 ἀποκριθείς·
3230 2697 3287 2765 ρ’
3352 2701 3689 2771 νομίσματα
3742 2704 3993 2759 ἐδίδουν

2412 2778 2576 2844 αὐτῷ
2597 2798 2609 2810 ·
2641 2783 2827 2848 αὐτὸς
2853 2784 2920 2837 δὲ
2957 2786 3146 2855 ἐζήτει
3170 2789 3451 2853 γενέσθαι
3491 2794 3839 2862 σχολὰριος,
3891 2799 3993 2851 καί

2415 2869 2514 2923 διὰ
2540 2871 2608 2923 τὸ
2634 2869 2790 2927 εἶναι
2817 2877 3006 2931 αὐτόν
3035 2879 3242 2934 δειλὸν
3264 2885 3479 2938 τούτου
3501 2886 3822 2955 ἀποτυχὼν
3848 2889 3997 2943 οὐδὲ

2414 2960 2487 3012 τὰ
2522 2959 2577 3028 ρ’
2608 2966 2949 3035 νομίσματα
2982 2970 3253 3039 ἠθέλησε
3301 2976 3531 3029 λαϐεῖν.
3594 2978 3717 3031 Ἐπὶ
3777 2981 3996 3044 τούτοις

2414 3050 2733 3119 βεϐαιωοεὶς
2767 3060 2795 3110 6
2827 3059 3079 3127 βασιλεὺς
3112 3064 3195 3115 ὅτι
3230 3064 3341 3137 βίᾳ,
3378 3068 3469 3119 τὸν
3500 3070 3668 3122 ἵππον
3717 3072 3996 3126 ἀποδέδω-

733 3160 849 3205 κεν,
885 3143 1076 3213 ὁρίσας
1098 3145 1193 3196 καὶ
1224 3142 1505 3214 σχολάριον
1536 3145 1698 3198 αὑτὸν
1745 3146 1990 3215 ποιῆσαι.
2033 3143 2091 3198 '0
2116 3143 2174 3198 δὲ
2204 3143 2294 3196 τὸν
2335 3142 2502 3198 ἵππον
2566 3148 2641 3219 μὴ
2680 3149 2960 3223 βουληθεὶς
3019 3155 3223 3222 λαϐεῖν,
3279 3158 3474 3214 ἔλασεν
3522 3162 3746 3232 χρυσέου
3804 3166 3997 3237 λίτρας

737 3239 781 3308 β’
811 3239 905 3291 καὶ
936 3239 1200 3306 ἀπῆλθεν.

809 3340 893 3392 18·.
920 3337 1207 3392 Saracenis
1236 3337 1451 3391 inl‘estis
1474 3338 1646 3408 signis
1674 3338 1962 3392 Amorium
1995 3338 2308 3407 petentibus

2491 3336 2579 3406 ιη’.
2623 3338 2828 3390 Τῶν-δὲ
2861 3340 3194 3410 Σαρακηνῶν
3218 3343 3311 3396 ἐπὶ
3335 3345 3398 3397 τὸ
3439 3346 3691 3417 Ἀμόριον
3728 3350 3998 3408 ἐλθόντων

734 3434 1036 3501 imperator
1073 3431 1332 3486 celeriter
1360 3431 1414 3483 in
1455 3429 1861 3499 Cappadociam
1904 3445 2081 3500 usque
2125 3432 2315 3500 capias

735 3524 943 3577 eduxit.
989 3522 1409 3576 Amcrmumnes
1456 3537 1591 3575 vero
1651 3522 1873 3576 selectis
1917 3522 2313 3593 quinquaginta

736 3615 1010 3679 millibus,
1048 3614 1548 3683 prmlectoqueillis
1579 3613 1807 3669 Gundee
1856 3614 1974 3667 viro
2004 3614 2147 3668 inter
2176 3614 2315 3683 Aga-

736 3730 898 3769 renos
937 3714 1080 3767 fama
1110 3712 1437 3774 clarissimo,
1472 3711 1741 3765 adversus
1790 3710 2179 3779 imperatorem
2213 3709 2314 3761 mi-

735 3807 825 3859 sit.
854 3804 1123 3860 Conserto
1157 3802 1346 3872 praelio
1373 3801 1671 3871 imperator
1708 3800 1888 3853 victus
1914 3800 2181 3868 fususque
2204 3806 2310 3863 est,

736 3899 933 3967 vixque
985 3913 1018 3950 a
1070 3894 1225 3950 clade
1254 3910 1377 3949 cum
1407 3893 1614 3963 probro
1642 3893 1758 3962 ipse
1790 3892 2088 3946 incolumis
2113 3891 2308 3944 evasit.

738 3990 993 4044 Saraceni
1042 4003 1175 4043 vero
1233 3986 1475 4055 undique
1528 3986 1711 4039 cincto
1762 3984 1987 4038 Amorio
2034 3983 2311 4050 variisque

737 4081 939 4151 praeliis
1004 4087 1236 4143 tentato,
1298 4077 1445 4148 quod
1506 4076 1813 4146 oppidanos
1852 4084 2077 4131 strenue
2116 4074 2308 4129 urbem

736 4180 1145 4241 propugnantes
1169 4168 1447 4228 viderent,
1495 4164 1840 4220 obsidionem
1880 4164 2094 4218 solvere
2138 4163 2313 4216 medi-

738 4266 1011 4320 tabantur.
1039 4263 1243 4318 Verum
1278 4261 1481 4315 Leonis
1511 4258 1825 4329 philosophi
1856 4257 2160 4325 discipulus
2188 4255 2312 4325 qui-

736 4356 880 4418 dam,
935 4362 1049 4409 tum
1086 4353 1141 4407 in
1172 4349 1428 4421 praesidio
1468 4364 1656 4419 agens,
1710 4348 1764 4401 in
1811 4348 1927 4401 haec
1953 4345 2121 4400 verba
2153 4359 2310 4397 man-

735 4450 831 4503 dat
861 4466 873 4500 :
911 4445 1203 4500 Dummodo
1230 4444 1361 4496 duos
1404 4442 1577 4496 solum
1610 4442 1715 4493 dies
1749 4441 2030 4492 stationem
2061 4438 2307 4503 teneatis,

739 4540 916 4592 urbem
949 4532 1391 4604 evertetis;quod
1416 4542 1474 4586 et
1496 4530 1747 4601 contigit.
1784 4529 2007 4583 Prodita
2039 4529 2186 4582 enim
2226 4536 2309 4581 est

738 4650 765 4686 a
795 4630 1044 4695 Buditze,
1085 4643 1250 4698 quem
1281 4627 1502 4690 vocant,
1522 4633 1576 4679 et
1607 4639 1635 4677 a
1678 4622 2095 4693 Manic0pliane.
2146 4620 2308 4677 Com-

736 4722 994 4794 prehensi
1046 4735 1113 4775 ex
1158 4717 1449 4774 catholicis
1504 4717 1610 4770 viri
1658 4715 1823 4785 639
1860 4713 2308 4778 nominatissimi,

738 4813 1079 4883 Theophilus
1100 4811 1368 4881 patricius
1401 4809 1621 4877 duxque
1669 4808 1967 4871 exercitus,
1992 4806 2316 4861 Melissenus

746 4914 803 4961 ct
828 4906 1039 4968 Aetius,
1094 4884 1422 4958 Theodorus
1475 4914 1697 4970 quoque
1749 4898 2229 4969 protospatharius
2261 4908 2318 4952 et

738 4998 1029 5054 eunuchus
1057 4995 1343 5059 Craterus,
1366 4994 1628 5050 Callistus
1678 4993 2016 5056 tnrmarcha,
2050 4991 2321 5047 Constan-

745 5091 892 5143 tinus
921 5088 1255 5158 drungarius
1281 5094 1339 5141 et
1375 5086 1580 5140 Basoes
1623 5099 1853 5149 cursor;
1898 5083 2123 5153 quidam
2153 5085 2319 5137 etiam

746 5182 1021 5254 agminum
1045 5180 1308 5251 praefecti.
1335 5179 1482 5244 Quos
1504 5193 1628 5232 eum
1659 5177 1955 5246 imperator
1991 5176 2153 5230 vellet
2180 5174 2326 5229 redi-

750 5290 921 5334 mere,
960 5273 1144 5326 missis
1193 5272 1387 5341 legatis
1430 5271 1497 5325 ad
1547 5271 1999 5324 Amermumnem
2054 5283 2181 5322 cum
2222 5266 2327 5321 du-

744 5367 919 5422 contis
945 5364 1301 5427 centenariis,
1328 5366 1450 5435 ejus
1475 5361 1950 5431 nequiitanimum
1982 5375 2318 5430 expugnare;

746 5458 841 5526 qui
872 5456 1100 5520 diceret,
1139 5470 1231 5507 nec
1268 5456 1312 5506 si
1347 5452 1537 5506 millies
1557 5464 1800 5505 centenas
1833 5452 1993 5505 libras
2028 5468 2088 5504 eo
2110 5454 2319 5505 nomine

747 5559 1047 5602 numeraret
1078 5548 1377 5615 utcaptivos
1399 5546 1668 5615 reciperet,
1697 5544 1773 5596 eel
1798 5561 1956 5597 unum
1988 5543 2315 5597 liberandum

753 5643 881 5707 (ore.

822 5733 904 5785 19.
941 5730 1186 5801 Captivis
1247 5732 1434 5801 itaque
1486 5731 1534 5785 ir
1591 5731 1801 5799 Syriam
1834 5729 2109 5792 adductis,
2150 5729 2321 5781 multa

749 5827 830 5878 eis
858 5824 939 5879 vis
967 5843 992 5878 τι
1025 5826 1456 5895 protnsvmlmln,
1506 5824 1637 5893 quin
1665 5835 1714 5878 el
1750 5842 1776 5875 κ
1822 5824 2049 5878 Bndilza
2074 5822 2320 5875 adhibita

2419 3428 2446 3479 6
2475 3426 2724 3496 βασιλεὺς
2744 3429 3025 3498 συντόμως
3074 3431 3237 3500 μέχρι
3274 3434 3675 3500 Καππαδοκίας
3706 3438 3996 3508 ἐξήλασεν.

2431 3516 2488 3568 Ὀ
2518 3516 2573 3569 δὲ
2606 3519 3032 3589 Ἀμερμουμνῆς
3068 3528 3110 3574 ν’
3134 3523 3381 3591 χιλιάδας
3414 3526 3541 3579 λαὸν
3583 3529 3879 3598 ἀφορίσας,
3904 3533 3996 3585 δε-

2416 3607 2605 3671 δωκὼς
2633 3609 2814 3672 αὐτοῖς
2839 3612 2931 3663 καὶ
2958 3611 3051 3664 τὸν
3074 3613 3309 3683 Γουνδεῆ
3346 3615 3583 3686 ἄρχοντα
3624 3620 3998 3689 ὀνομαστότα-

2417 3716 2506 3750 τον
2558 3699 2686 3752 ὄντα
2721 3704 2779 3753 ὲν
2820 3705 2932 3764 τοῖς
2978 3704 3325 3775 ’Δγαρηνοῖς,
3378 3708 3670 3761 ἀπέστειλε
3712 3713 3855 3763 κατὰ
3902 3714 3998 3767 τοῦ

2420 3790 2705 3859 βασιλέως.
2734 3794 2848 3848 Καὶ
2879 3795 3122 3863 πολέμου
3149 3799 3446 3867 γενομένου
3493 3800 3750 3869 ἡττηθεὶς
3774 3806 3804 3855 ό
3833 3804 3998 3873 βασι-

2417 3884 2541 3947 λεὺς
2565 3884 2754 3953 ἔφυγε,
2780 3892 2873 3942 καὶ
2898 3890 3014 3957 μετ’
3044 3888 3307 3958 αἰσχύνης
3348 3890 3655 3962 ὑπέστρεψε
3689 3894 3844 3963 μόλις
3874 3898 3998 3950 δια-

2417 3978 2633 4041 σωθείς.
2690 3981 2753 4032 Οί
2809 3979 2866 4032 δὲ
2930 3982 3244 4051 Σαρακηνοὶ
3324 3984 3883 4053 περιχαρακώσαντες
3939 3990 4003 4043 τὸ

2428 4070 2680 4141 Ἀμόριον
2732 4074 2825 4125 καὶ
2880 4073 3111 4136 πολλοὺς
3168 4074 3440 4143 πολέμους
3480 4078 3829 4146 ποιήσαντες,
3866 4085 3996 4135 ἐπεὶ

2418 4161 2694 4231 σταθερῶς
2722 4165 2848 4225 τοὺς
2889 4164 3036 4217 ἔνδον
3096 4166 3535 4234 ἀγωνιζομένους
3588 4168 3797 4239 ἐώρων,
3833 4172 4005 4241 ἡδου-

2414 4255 2657 4326 λήθησαν
2697 4258 3076 4327 ὑποχωρῆσαι.
3122 4257 3388 4329 Μαθητὴς
3434 4260 3490 4312 δέ
3518 4278 3602 4324 τις
3633 4264 3867 4327 Λέοντος
3898 4268 3996 4319 τοῦ

2414 4346 2705 4416 φιλοσόφου
2747 4349 2803 4401 ἐν
2865 4348 2942 4416 τῷ
2993 4348 3216 4419 κάστρῳ
3254 4348 3330 4402 ὢν
3391 4352 3587 4419 μηνύει
3637 4353 3884 4420 τούτους,
3920 4358 4005 4410 ὅτι

2416 4442 2483 4493 El
2533 4439 3094 4508 προσκαρτερήσετε
3156 4441 3267 4494 δύο
3329 4442 3558 4512 ἡμέρας
3585 4483 3601 4505 ,
3658 4445 4006 4513 ἐκπορθεῖτε

2413 4530 2588 4599 ἡμᾶς.
2628 4533 2693 4585 Ὃ
2714 4532 2808 4584 καὶ
2836 4533 3065 4600 γέγονεν
3087 4549 3100 4562 ι
3140 4533 3406 4603 προεδόθη
3447 4535 3555 4603 γὰρ
3592 4535 3696 4587 ὑπὸ
3720 4536 3815 4588 τοῦ
3842 4538 4005 4605 λεγοο

2419 4625 2581 4693 μένου
2614 4622 2872 4693 Βουδίτζη
2913 4625 3007 4676 καὶ
3037 4622 3134 4675 τοῦ
3163 4625 3600 4692 Μανικοφάνους.
3639 4627 4004 4701 Κατεσχέοη-

2422 4734 2521 4769 σαν
2547 4717 2605 4769 δὲ
2631 4716 2821 4786 ἄνδρες
2836 4716 3256 4786 ὀνομαστότατοι
3311 4716 3421 4769 τῶν
3452 4718 3712 4782 εὐσεϐῶν,
3738 4721 4003 4789 θεόφιλος

2424 4807 2713 4876 πατρίκιος
2752 4806 2844 4858 καὶ
2869 4807 3166 4877 στρατηγοὶ
3196 4806 3225 4857 ὃ
3256 4823 3314 4858 τε
3338 4805 3672 4877 Μελισσηνδς
3694 4809 3833 4860 καὶὸ
3882 4810 4002 4862 ’Δὲν

2422 4916 2557 4965 τιος,
2588 4900 2681 4951 καὶ
2708 4898 2982 4965 Θεόδωρος
3018 4898 3508 4969 πρωτοσπαθάριος
3543 4898 3637 4950 καὶ
3689 4897 3949 4969 εὐνοῦχος
3976 4904 4007 4955 6

2425 4990 2738 5058 Κρατερὸς,
2789 4988 3092 5051 Κάλλιστος
3154 4989 3531 5058 τουρμάρχης,
3595 4990 4009 5055 Κωνσταντίνος

2423 5080 2783 5150 δρουγγὰριος
2814 5082 2909 5133 καὶ
2936 5080 3149 5149 Βασόης
3172 5082 3200 5132 6
3226 5079 3462 5149 δρομεὺς
3501 5079 3591 5131 καί
3623 5096 3766 5141 τινες
3802 5082 4008 5150 ἄρχον-

2427 5188 2517 5234 τες
2572 5171 2683 5223 τῶν
2739 5171 3059 5239 ταγμάτων.
3114 5171 3223 5233 Οὓς
3264 5170 3643 5240 ἐξωνήσασθαι
3678 5170 4012 5241 βουλόμενος

2428 5266 2455 5317 6
2505 5263 2757 5333 βασιλεὺς
2814 5262 3135 5316 ἀποστέλλει
3182 5262 3441 5330 πρέσϐεις
3488 5262 3623 5331 πρὸς
3674 5263 3766 5314 τὸν
3800 5262 4011 5333 Ἀμερ-

2435 5359 2648 5426 μουμνῆ
2710 5356 2847 5425 μετὰ
2906 5355 3275 5425 κεντηναρίων
3331 5355 3637 5408 διακοσίων.
3706 5355 3848 5408 Ἀλλ’
3905 5359 4010 5409 οὐκ

2433 5449 2650 5502 ἔπεισεν
2697 5449 2943 5513 εἰπόντα,
2992 5449 3075 5501 ὅτι
3129 5450 3305 5502 Χίλια
3340 5447 3704 5515 κεντηνιῲια
3734 5449 3843 5500 ἐὰν
3894 5466 4011 5503 :ta-

2427 5538 2667 5608 ,ιιὰσχῃς
2720 5544 2880 5609 λόγῳ
2945 5539 3051 5594 τοῦ
3126 5540 3595 5608 συνειλεγμένου
3662 5538 3836 5605 λαοῦ,
3895 5544 4010 5594 οὐκ

2429 5633 2809 5701 ἐλευθερώσω
2837 5632 3055 5687 οὐδένα
3088 5634 3329 5687 τούτων.

2510 5727 2595 5776 ιθν.
2636 5725 2755 5777 Τῶν
2781 5723 3142 5793 αἰχμαλώτων
3172 5723 3263 5776 οὖν
3294 5725 3351 5774 ἐν
3410 5722 3577 5791 Συρίᾳ
3625 5721 4011 5790 ἁπαχθέντων,

2428 5818 2513 5889 μ’.
2540 5815 2665 5887 424]
2694 5817 2859 5870 πολλὰ
2892 5817 3043 5886 παρὰ
3092 5815 3188 5869 τοῦ
3220 5813 3711 5885 πριυτοσυμὸνύλου
3759 5816 4019 5879 avaram-
