4174 6442
162 396 255 457 70!

1258 397 1626 456 ANNALES.
1671 421 1733 431 -·
1771 396 2282 459 THEOPIIILUS.

3297 403 3401 461 τίη

3357 440 3401 461 ιω

3357 440 3402 461 ¹ω

162 514 397 576 συέντες,
430 512 567 565 ἀλλὰ
599 514 703 581 μὴν
735 512 825 566 καὶ
873 512 968 565 τοῦ
1022 512 1299 581 Βουδίτζη,
1330 516 1396 581 τῇ
1440 511 1548 564 τῶν
1596 508 1736 564 ἑπτὰ

1842 514 1999 576 longa
2027 530 2295 569 annorum
2320 527 2526 585 septem
2562 517 2800 571 carceris
2827 519 3193 572 maceratione
3215 536 3229 580 ;
3250 534 3407 571 eum-

160 605 367 673 χρόνων
418 603 719 673 καθείρξει,
762 606 858 658 καὶ
910 604 984 673 μή
1038 603 1351 666 πεισθέντες
1400 603 1738 673 ἀρνήσασθαι

159 698 246 747 τὸν
266 696 529 763 Χριστὸν,
561 696 706 761 ξίφει
740 695 1157 765 ἀπετμήθησαν,
1198 694 1318 746 ἀντὶ
1349 694 1449 763 τῆς
1481 695 1739 764 προσκιίο

165 804 252 855 ρου
290 788 441 856 ζωῆς
464 790 564 856 τὴν
592 789 811 841 αἰώνιον
835 789 1242 855 ἀγαπήσαντες.
1289 787 1387 840 καὶ
1444 788 1583 855 μετὰ
1608 790 1739 855 μίαν

160 878 373 948 ⁴ἡμέραν
395 880 455 930 ὲν
485 880 563 948 τῷ
592 879 823 949 ποταμῷ
868 881 1197 953 ἐρρίφησαν.
1232 882 1303 933 Τὸ
1346 881 1404 933 δὲ
1437 883 1738 952 παραδοξὸ-

156 986 341 1033 τατον,
376 970 460 1022 ὅτι
483 969 687 1039 ἑκάστη
722 969 932 1038 κεφαλὴ
961 969 1099 1037 μετὰ
1132 970 1232 1037 τὴν
1261 970 1499 1037 ἐκτομὴν
1526 969 1601 1039 τῷ
1623 971 1737 1041 ἰδίῳ

161 1059 376 1128 σώματι
400 1061 582 1132 ἡνὼθη
617 1063 710 1115 καὶ
742 1061 981 1131 συνερρύη
1003 1078 1017 1092 ·
1064 1064 1155 1115 καὶ
1180 1061 1369 1129 ὥσπερ
1392 1063 1447 1113 αί
1479 1063 1649 1131 ψυχαὶ
1680 1065 1738 1114 ἐν

158 1156 236 1207 ἑνὶ
268 1155 427 1223 τόπῳ
477 1154 573 1207 τοῦ
624 1155 980 1225 παραδείσου,
1011 1154 1153 1207 οὓτω
1188 1156 1282 1207 καὶ
1320 1154 1429 1207 τῶν
1462 1155 1634 1221 ἁγίων
1668 1154 1737 1207 τὰ

156 1248 391 1314 σώματα
419 1248 548 1316 μιᾶς
570 1249 723 1311 ὁσίας
744 1265 819 1300 πα
829 1246 898 1317 ρὰ
914 1247 1024 1299 τῶν
1056 1247 1262 1299 πιστῶν
1289 1246 1500 1316 ἔλαχον.
1520 1246 1737 1299 Τούτων

153 1336 560 1391 τελειωθέντων
587 1338 873 1391 ἐκέλευσεν
900 1340 927 1391 6
980 1337 1472 1407 πρωτοσύμϐουλος
1501 1337 1593 1389 καὶ
1646 1338 1736 1390 τὸν

96 1472 99 1473 ν
154 1428 451 1497 Ilo-J65:qu
480 1428 985 1498 ἁποκεφαλισθῆναι
1020 1428 1211 1491 εἰπὼν,
1266 1429 1348 1480 ὅτι
1402 1424 1733 1492 ιιάίοῦτος,

152 1522 202 1572 εί
238 1516 313 1588 ῆν
343 1522 522 1589 ὀρθὸς
546 1522 921 1589 Χριστιανὸς,
956 1523 1067 1574 οὐκ
1088 1517 1218 1588 εἶχε
1239 1522 1591 1589 pag-aptam.
1626 1521 1735 1572 Καὶ

151 1612 350 1664 τούτου
384 1612 804 1681 γενομένου-καὶ
828 1611 921 1664 τοῦ
968 1612 1221 1681 σώματος
1266 1612 1430 1665 αὐτοῦ
1487 1612 1735 1680 ῥιφέντος

152 1702 296 1770 μετὰ
326 1701 438 1754 τῶν
469 1703 661 1769 ἁγίων,
688 1702 794 1768 ἔξω
816 1702 917 1771 τῆς
942 1700 1160 1770 στοιϐῆς
1179 1701 1386 1755 τούτων
1416 1703 1727 1772 ηὑρίσκετο.

151 1794 268 1846 Καὶ
296 1796 331 1864 ή
364 1795 576 1865 κεφαλὴ
603 1795 659 1848 δὲ
687 1794 854 1848 αὑτοῦ
882 1796 1070 1865 πόρῥω
1100 1795 1191 1847 τοῦ
1228 1794 1477 1863 σώματος
1514 1792 1603 1861 ἦν.
1639 1796 1732 1848 καὶ

150 1885 250 1952 οὐχ
281 1884 360 1947 ὡς
382 1884 490 1936 τῶν
516 1885 688 1951 ἁγίων
718 1885 1221 1955 συγκεκολλημένη.
1275 1884 1381 1937 Καὶ
1418 1887 1496 1947 είς
1525 1886 1613 1937 τὸν
1644 1904 1731 1938 πο-

150 1977 328 2042 ταμὸν
388 1977 677 2045 ῥιφέντων,
718 1979 813 2030 καὶ
879 1978 1101 2030 πάντων
1130 1974 1239 2029 τῶν
1293 1978 1563 2046 σωμάτων
1622 1979 1730 2029 τῶν

149 2068 326 2133 ἁγίων
370 2066 659 2135 βλέποντος
682 2067 775 2120 τοῦ
809 2068 967 2138 ὄχλου
994 2068 1415 2137 εὐπλοησάντων
1446 2070 1537 2121 καὶ
1565 2069 1642 2131 εἰς
1670 2069 1730 2121 τὸ

150 2159 332 2228 πέραν
357 2158 643 2224 ἐλθόντων,
674 2158 839 2212 αὐτοῦ
873 2159 1034 2228 μόνον
1060 2157 1118 2210 τὸ
1141 2160 1301 2226 σῶμα
1325 2160 1373 2211 οἱ
1402 2158 1730 2227 κροκόδειλοι

150 2248 511 2320 διασύραντες
532 2249 841 2320 κατέκοψαν
861 2250 954 2303 καὶ
975 2250 1303 2317 κατέφαγον.

222 2430 298 2505 κ’ῒ
345 2431 408 2485 '0
428 2431 488 2485 δὲ
522 2430 618 2484 τοῦ
644 2429 937 2500 φιλοσόφου
964 2430 1192 2493 Λέοντος
1235 2430 1505 2500 μαθητὴς,
1558 2435 1587 2483 ὁ
1639 2450 1732 2484 και

152 2524 407 2594 μηνυτὴς
440 2524 541 2593 τῆς
565 2519 879 2593 προδοσίας,
928 2523 1189 2593 ἠρωτήθη
1222 2523 1375 2594 παρὰ
1403 2523 1498 2576 τοῦ
1534 2525 1731 2594 Ἀμερ-

151 2614 378 2685 μουμνῆ
410 2615 540 2686 περὶ
565 2616 665 2685 τῆς
693 2615 1004 2686 ἐπιστήμης
1043 2615 1230 2679 αὑτοῦ,
1250 2615 1345 2668 καὶ
1369 2611 1523 2668 εἷπεν
1555 2617 1732 2685 μαθη-

151 2706 252 2776 τὴς
282 2701 430 2759 εἶναι
448 2705 545 2759 τοϐ
571 2706 861 2776 φιλοσόφου
887 2707 1138 2770 Λέοντος.
1190 2705 1428 2768 Ἐκεῖνος
1455 2707 1510 2759 δὲ
1546 2709 1732 2774 pain?”

153 2797 343 2860 ὁποῖός
375 2799 527 2849 ἔστιν
553 2798 583 2849 6
613 2797 785 2861 Λέων,
808 2796 1078 2868 ἐπεθύμει
1099 2797 1287 2851 τοῦτον
1323 2797 1472 2860 ίδείν,
1503 2798 1593 2850 καὶ
1612 2799 1733 2861 δούς

148 2905 257 2941 τινι
307 2886 418 2942 τῶν
457 2886 822 2959 αἰχμαλώτων
855 2889 1161 2959 γράμματα
1214 2889 1352 2958 πρὸς
1395 2891 1601 2943 Λέοντα
1644 2892 1733 2943 τὸν

151 2980 451 3048 φιλόσοφον
480 2980 804 3035 ἀπέστειλεν
836 2983 895 3033 ἐν
950 2982 1547 3042 Κωνσταντινουπόλει,
1601 2983 1733 3034 ὑπο-

152 3072 424 3143 σχόμενος
457 3071 711 3143 δεύτερον
728 3072 893 3126 αὐτὸν
934 3068 1074 3126 εἶναι
1100 3073 1156 3125 ἐν
1181 3076 1335 3142 τιμῇ.
1372 3072 1431 3126 '0
1480 3074 1534 3126 δὲ
1584 3074 1734 3126 Λέων

150 3165 219 3217 τὰ
238 3164 550 3235 γράμματα
587 3163 878 3217 ἀπολαϐὼν
911 3165 1159 3232 ἀνήγαγε
1191 3164 1365 3218 ταῦτα
1392 3164 1635 3235 Θεοφίλῳ
1658 3164 1735 3235 τῷ
1760 3145 1804 3205 C

152 3255 394 3324 βασιλεῖ.
435 3257 495 3310 '0
522 3257 579 3309 δὲ
608 3257 772 3324 γνοὺς
792 3256 861 3309 τὰ
888 3256 987 3326 τῆς
1022 3256 1219 3311 ἑαυτοῦ
1269 3260 1603 3326 ἐπιστήμης,
1640 3259 1735 3310 καὶ

150 3347 236 3399 ὅτι
296 3346 542 3400 τοιοῦτον
583 3347 745 3415 σοφδν
768 3348 938 3419 ἄνδρα
986 3349 1045 3401 ὲν
1089 3351 1155 3417 τῇ
1180 3347 1333 3402 πόλει
1385 3348 1551 3401 αὐτοῦ
1599 3348 1734 3418 ἔχει,

152 3439 605 3510 προσλαϐόμενος
649 3440 811 3493 αὐτὸν
878 3442 958 3502 είς
1007 3441 1067 3492 τὸ
1122 3440 1383 3492 παλάτιον
1418 3440 1474 3492 ἐν
1522 3443 1588 3511 τῇ
1620 3442 1739 3494 Μα-

151 3530 372 3601 γναὺρᾳ
397 3530 571 3594 ἔθετο,
600 3530 878 3600 παραδοὺς
900 3530 1050 3601 αὐτῷ
1068 3532 1163 3583 καὶ
1188 3529 1437 3600 μαθητὰς
1463 3530 1737 3584 διδάσκειν

150 3621 285 3681 τοὺς
342 3620 748 3688 εὐφυεστάτους
801 3620 975 3684 νέων,
1048 3620 1303 3689 παρέχων
1351 3619 1499 3689 αὐτῷ
1558 3621 1738 3673 πᾶσαν

150 3712 456 3765 ἀπάθειαν.
513 3703 683 3775 Οὗτος
749 3712 851 3766 καὶ
909 3711 1316 3783 μητροπολίτης
1382 3710 1519 3780 μετά
1566 3712 1738 3764 ταῦτα

150 3803 569 3874 Θεσσαλονίκης
592 3804 839 3872 γέγονεν,
875 3803 982 3857 ὑπὸ
1014 3801 1108 3857 τοῦ
1141 3803 1445 3872 ἁγιωτάτου
1474 3803 1740 3874 πατριάρ-

150 3912 254 3965 χου
282 3894 553 3950 Μεθοδίου
586 3894 985 3966 χειροτονηθείς
1000 3894 1069 3949 ³⁸.

229 3984 345 4042 κα⁹.
373 3986 465 4056 Τῷ
497 3985 568 4040 ια’
601 3986 765 4040 αὐτοῦ
818 3986 929 4040 Etet
976 3984 1152 4051 κτίζει
1208 3989 1238 4041 6
1268 3987 1517 4059 βασιλεὺς
1549 3990 1605 4041 ἐν
1662 3988 1739 4058 τῷ

154 4078 415 4150 παλατίῳ
436 4077 495 4131 τὸ
526 4078 828 4148 Τρίκογχον
857 4080 955 4131 καὶ
985 4076 1047 4132 τὸ
1097 4078 1393 4147 λεγόμενον
1423 4079 1601 4149 Σίτμα
1645 4082 1741 4133 καὶ

150 4170 259 4233 τὰς
288 4169 609 4240 ἁναϐἀθρας
640 4169 749 4222 τῶν
775 4169 985 4239 δήμων,
1017 4169 1198 4236 ἵστησι
1215 4168 1271 4221 δὲ
1302 4170 1397 4223 καὶ
1424 4169 1525 4239 τὴν
1544 4169 1740 4239 φιάλην

148 4266 215 4316 tv
290 4263 506 4332 γίνεται
533 4262 593 4315 τὸ
627 4261 1040 4333 σαξιμοδέξιμον
1070 4262 1381 4330 λεγόμενον,
1408 4262 1519 4316 τῶν
1558 4262 1741 4317 ἵππων

151 4357 493 4426 ἀμφοτέρων
543 4354 651 4411 τῶν
681 4354 865 4426 μερῶν
918 4355 1283 4425 διερχομένων
1340 4357 1479 4426 μετὰ
1525 4358 1740 4427 χρυσῶν

154 4448 546 4517 σαγισμάτων.
607 4446 744 4499 Ὑπὸ
801 4446 857 4499 δὲ
913 4447 975 4498 τὸ
1027 4446 1332 4517 Τρίκογχον
1389 4446 1632 4501 κάτωθεν
1655 4447 1742 4500 διὰ

154 4542 420 4613 μηχανῆς
452 4539 677 4609 ἐποίησε
699 4539 759 4591 τὸ
789 4539 1079 4607 λεγόμενον
1107 4539 1447 4609 Μυστήριον,
1487 4542 1543 4594 ὲν
1573 4532 1637 4607 ᾧ,
1684 4544 1742 4593 ὲν

151 4637 223 4704 τῇ
244 4624 360 4703 ’μιᾷ
388 4632 565 4701 γωνία
597 4630 626 4683 6
648 4630 742 4683 ἐὰν
769 4630 897 4701 εἴπῃ
933 4646 1018 4693 τις
1072 4632 1129 4683 ἐν
1163 4630 1451 4701 μυστηρίῳ
1504 4649 1741 4702 προσκε-

152 4724 375 4792 κυφὼς,
405 4721 725 4790 ἐξακούεται
753 4724 813 4775 ἐν
839 4724 906 4793 τῇ
939 4722 1103 4792 ἑτέρᾳ
1142 4723 1413 4794 φανερῶς.

227 4904 338 4974 κβ⁹.
381 4903 474 4956 Ἐν
494 4900 709 4963 τούτοις
775 4898 965 4969 μαθὼν
995 4900 1256 4970 Θεόφιλος
1299 4902 1330 4953 6
1368 4901 1620 4972 βασιλεὺς
1658 4904 1740 4957 δτι

152 4995 444 5065 Θεοφάνης
475 4996 504 5046 6
532 4992 641 5047 τῶν
664 4992 1135 5063 ἐκκλησιαστικῶν
1170 4992 1411 5046 κανόνων
1431 4994 1522 5047 καὶ
1555 4993 1741 5064 ὓμνων

153 5088 395 5158 ποιητὴς
442 5085 533 5157 ιΡ.
569 5085 695 5157 425]
758 5086 855 5139 καὶ
905 5083 1180 5153 Θεόδωρος
1220 5084 1248 5136 6
1288 5084 1455 5138 αὑτοῦ
1514 5085 1742 5156 ἁδελφὸς

154 5178 282 5232 καθ’
312 5178 548 5240 ἑαυτοὺς
580 5175 781 5240 ζῶντες
813 5174 913 5244 τὴν
942 5174 1199 5228 ἀσέϐειαν
1228 5175 1395 5229 αὐτοῦ
1420 5177 1742 5246 κωμῳδοῦσι

155 5269 252 5321 καὶ
304 5266 700 5335 διελέγχουσιν,
757 5265 966 5334 ήγαγεν
1001 5264 1199 5328 αὐτοὺς
1239 5265 1375 5335 πρὸς
1403 5266 1590 5331 αὑτὸν,
1651 5269 1742 5320 καί

154 5376 292 5429 φησι
309 5375 325 5388 ·
361 5359 555 5411 Πόθεν
581 5356 754 5421 ὲστέ;
778 5357 841 5409 Ol
868 5354 925 5408 δὲ
953 5350 1107 5409 εἷπον
1141 5373 1153 5386 ’
1180 5360 1284 5411 Ἐκ
1302 5357 1736 5425 Παλαιστίνης.

154 5454 269 5505 Καὶ
288 5453 317 5503 6
346 5449 607 5516 Θεόφιλος
630 5466 645 5480 υ
666 5450 774 5503 Καὶ
809 5448 906 5502 διὰ
937 5450 992 5501 τί
1015 5452 1127 5515 τὴν
1160 5448 1280 5518 γῆν
1307 5449 1474 5519 ὑμῶν
1488 5450 1743 5519 ἀφέντες

156 5544 260 5596 καὶ
295 5546 388 5607 εις
440 5540 556 5607 τὴν
595 5540 890 5610 ἡμετέραν
934 5541 1216 5607 ἐλθόντες
1268 5544 1341 5595 οὺ
1374 5540 1742 5610 πειθαρχεῖτε

158 5634 238 5703 τῇ
258 5635 561 5700 ,ϐασιλείᾳ
586 5652 745 5702 μους
779 5634 898 5689 Τῶν
935 5634 988 5689 δὲ
1044 5635 1209 5705 μηδὲν
1263 5635 1741 5705 ἀποκριναμένων,

1759 1845 1807 1903 Β

1842 623 1948 676 que
1977 607 2147 661 nullis
2179 610 2439 665 aerumnis
2467 625 2531 664 ac
2571 609 2913 664 cruciatibus
2941 610 3137 663 adduci
3193 612 3398 679 potuis-

1842 710 1963 755 sent
1995 709 2055 753 ut
2079 700 2359 754 Christum
2385 710 2670 770 negarent,
2700 701 2883 772 gladio
2918 703 3041 755 caesi
3095 714 3242 765 sunt,
3297 718 3409 773 pra:

1843 798 2194 857 temporanca
2246 789 2460 844 scilicet
2519 801 2779 846 aeternam
2843 791 3010 844 vitam
3068 794 3381 845 adamantas

1840 878 2111 934 Postridie
2166 879 2222 932 iu
2263 879 2467 934 ﬂumen
2526 884 2764 949 projecta
2820 882 3107 936 cadavera.
3143 882 3406 949 Quodque

1839 987 2056 1025 omnem
2108 972 2280 1025 vincit
2335 972 2776 1036 admirationem,
2821 974 3253 1041 uniuscujusque
3321 972 3411 1026 ab.

1838 1062 2069 1117 scissum
2113 1073 2277 1130 caput
2305 1078 2427 1118 cum
2478 1070 2793 1115 suotrunco
2828 1064 3040 1114 unitum
3080 1071 3158 1113 est
3196 1075 3256 1111 ac
3280 1076 3412 1112 con-

1838 1163 2048 1207 sertum
2074 1170 2088 1217 ;
2116 1169 2179 1207 ac
2214 1156 2357 1207 sicut
2380 1154 2575 1208 animae
2602 1153 2792 1207 in'uno
2845 1155 3122 1205 collocata:
3167 1151 3409 1221 paradisi

1835 1246 1979 1309 loco,
2019 1248 2098 1300 sic
2120 1254 2175 1300 et
2203 1262 2436 1315 corpora
2468 1256 2785 1300 sanctorum
2813 1262 2923 1299 uno
2959 1246 3151 1297 funere
3177 1263 3206 1298 a
3236 1245 3409 1297 ﬁdeli-

1840 1336 1942 1389 bus
1962 1336 2101 1388 elata
2126 1345 2272 1389 sunt.
2320 1335 2412 1388 llis
2452 1337 2694 1405 peractis
2736 1336 2901 1406 jussit
2962 1334 3410 1404 protosymbulus

1839 1435 1897 1479 ut
1926 1435 1976 1479 et
2007 1426 2217 1479 Bnditzi
2250 1436 2412 1493 caput
2466 1426 2803 1489 auferretur,
2851 1427 3041 1479 dicens
3070 1445 3082 1478 :
3132 1443 3249 1479 eum
3275 1443 3406 1493 quo.

1837 1535 1955 1588 que,
1980 1521 2023 1571 si
2048 1529 2219 1572 rectus
2256 1519 2437 1587 fuisset
2486 1517 2841 1577 Christianus,
2889 1534 3163 1585 nunquam
3214 1517 3408 1569 Malm-

1838 1613 1996 1664 metlu'
2036 1615 2201 1665 sacris
2253 1612 2588 1665 imbuendum
2623 1611 2751 1679 (ore.
2812 1610 2910 1663 Illo
2952 1610 3133 1676 itaque
3170 1608 3407 1667 sublato.

1836 1704 1955 1770 ejus
1983 1703 2215 1757 cadaver
2246 1718 2351 1757 una
2377 1718 2500 1756 cum
2552 1702 2761 1755 sanctis
2802 1701 3129 1769 projectum,
3163 1707 3314 1749 extra
3347 1698 3409 1749 il-

1836 1793 2016 1846 lorum
2045 1802 2251 1846 struem
2293 1801 2573 1861 repertum
2608 1799 2728 1843 est:
2769 1787 2862 1842 sed
2886 1796 2941 1840 et
2967 1794 3130 1854 caput
3154 1785 3343 1853 procul
3378 1802 3407 1835 ιι

1839 1896 2036 1939 trunco
2066 1895 2338 1938 semotum
2365 1892 2503 1944 erat,
2541 1896 2641 1934 nec
2678 1881 2835 1932 velut
2875 1878 3052 1945 capita
3094 1887 3407 1930 sanctorum

1838 1977 1916 2029 illi
1944 1975 2269 2029 cohmserat.
2306 1972 2573 2041 Projeetis
2594 1985 2815 2039 quoque
2848 1969 2901 2021 in
2930 1968 3133 2021 flumen
3161 1965 3409 2035 corpori-

1837 2069 1961 2129 bus,
1993 2081 2118 2121 cum
2147 2073 2465 2120 sanctorum
2484 2063 2666 2116 omnia
2685 2076 2915 2128 corpora
2951 2067 3232 2126 spectante
3251 2057 3407 2127 plebe

1837 2160 1999 2214 facile
2029 2162 2344 2212 enatasscnt
2372 2153 2537 2225 640
2581 2165 2908 2220 amnemque
2958 2156 3408 2210 transmeasscnt,

1837 2254 1958 2322 ejus
1980 2250 2147 2304 unius
2169 2263 2371 2317 corpus
2398 2244 2659 2301 crocodili
2696 2251 2931 2297 tractum
2959 2242 3409 2309 discerptumquc

1841 2352 2123 2397 vorarunt.

1908 2438 1997 2494 ΞΟ.
2024 2438 2225 2493 Leonis
2252 2445 2436 2491 autem
2466 2431 2783 2504 philosophi
2833 2429 3162 2497 discipulus,
3207 2426 3302 2493 qui
3356 2433 3411 2478 et

1841 2530 2205 2601 proditionem
2240 2528 2613 2589 denuntiarat,
2649 2524 2717 2580 de
2740 2540 2838 2579 sua
2866 2522 3095 2577 scientia
3125 2519 3193 2573 ab
3217 2521 3411 2573 Amer—

1841 2638 2063 2678 mumne
2089 2624 2463 2691 interrogatus
2503 2617 2704 2674 Leonis
2737 2631 2796 2671 se
2831 2613 3148 2685 philos0phi
3171 2611 3414 2679 diSCiptt-

1841 2717 1953 2770 lum
1984 2714 2263 2783 professus
2295 2720 2399 2765 est.
2432 2712 2529 2763 Ille
2571 2722 2761 2778 porro,
2794 2708 2885 2760 ubi
2919 2712 3162 2774 quantus
3191 2702 3276 2753 vir
3304 2702 3415 2754 Leo

1840 2814 1985 2859 esset
2014 2802 2244 2866 audivit,
2271 2803 2391 2870 ejus
2422 2798 2643 2853 videndi
2678 2796 2955 2851 desiderio
3002 2805 3268 2847 accensus
3320 2789 3413 2842 uni

1842 2896 2005 2950 alicui
2063 2896 2407 2963 captivorum
2463 2891 2608 2944 datis
2638 2890 2839 2943 litteris
2885 2886 3051 2940 Leoni
3084 2882 3418 2953 philosopho

1840 2992 2052 3061 Cpolim
2078 2990 2320 3057 scripsit,
2354 2996 2650 3055 sancteque
2686 2986 2764 3037 illi
2823 2982 3095 3037 secundas
3125 2981 3193 3033 ab
3225 2995 3280 3032 se
3313 2979 3413 3030 ho-

1843 3085 1997 3136 noris
2018 3092 2201 3149 partes
2218 3079 2438 3133 obtulit.
2496 3078 2601 3131 Leo
2642 3077 2843 3130 litteris
2872 3074 3113 3143 acceptis
3134 3072 3198 3125 ad
3233 3072 3415 3125 Theo-

1840 3174 2051 3245 philum
2093 3171 2299 3225 retulit.
2336 3168 2677 3237 Theophilus
2720 3167 3003 3234 explorata
3028 3164 3132 3217 viri
3186 3163 3415 3216 scientia

1838 3281 1902 3319 ac
1938 3264 2027 3317 ubi
2054 3271 2265 3316 tantum
2300 3260 2579 3315 hominem
2636 3268 2856 3310 nactum
2893 3271 2950 3309 se
2981 3254 3033 3307 in
3061 3254 3284 3307 civitate
3319 3268 3415 3306 co-

1839 3354 2047 3424 gnovit,
2088 3357 2431 3419 assumptum
2479 3348 2633 3401 illum
2683 3347 2737 3399 iu
2766 3346 2969 3415 palatio
3025 3345 3077 3396 in
3128 3343 3415 3409 Magnaura

1840 3446 2208 3508 constituens,
2261 3443 2523 3511 omnique
2558 3442 2771 3494 donans
2834 3437 3207 3500 immunitate,
3264 3434 3419 3499 inge-

1840 3538 2203 3593 nuosissimos
2226 3535 2603 3590 adolescentes
2634 3532 2954 3601 disciplinas
3004 3528 3205 3582 docere
3230 3526 3414 3595 jussit.

1842 3633 1944 3688 Hic
1992 3640 2182 3701 postea
2235 3627 2643 3682 Thessalonica:
2705 3623 3053 3692 metropolita
3098 3627 3336 3680 creatus,
3386 3633 3415 3670 a

1840 3724 2189 3781 sanctissimo
2221 3720 2534 3792 patriarcha
2571 3717 2853 3773 Methodio
2883 3714 3055 3785 gradu
3104 3720 3287 3767 motus
3310 3720 3414 3765 est.

1913 3994 2004 4048 2i.
2036 3996 2195 4049 Anno
2229 3994 2352 4064 ejus
2401 3991 2695 4047 undecimo
2746 3988 2982 4044 exstruit
3028 3987 3327 4054 imperator
3365 3985 3419 4037 in

1844 4086 2047 4158 palatio
2070 4086 2443 4141 Triconchum
2476 4084 2816 4148 cubiculum,
2859 4090 2915 4136 et
2944 4080 3091 4150 quod
3126 4079 3308 4149 Sigma
3329 4093 3421 4132 vo-

1845 4187 1993 4243 cant,
2025 4178 2335 4248 gradusque
2360 4192 2424 4231 ac
2452 4175 2713 4230 subsellia
2735 4174 3056 4229 factionum.
3085 4170 3265 4225 Struit
3287 4185 3421 4224 vero

1845 4272 2008 4326 etiam
2045 4270 2314 4335 Phialam,
2361 4270 2418 4323 in
2465 4284 2571 4337 qua
2605 4266 2664 4321 fit
2709 4266 2858 4335 quod
2921 4262 3421 4320 Saximo-Jeximum

1846 4370 2066 4427 vocant,
2103 4370 2459 4429 utrarumque
2492 4361 2731 4429 partium
2783 4359 2944 4426 equis
2984 4356 3421 4415 transeuntibus.

1847 4455 2033 4510 aureis
2076 4453 2325 4509 instratis
2359 4452 2639 4523 stragulis.
2671 4451 2787 4505 Sub
2834 4449 3148 4505 Triconcho
3188 4448 3424 4502 inferius

1848 4554 2056 4602 structa
2089 4546 2343 4600 machina
2384 4544 2533 4608 fecit,
2560 4543 2707 4613 quod
2741 4552 2938 4597 vocant
2990 4541 3335 4612 Mysterium;
3369 4541 3421 4592 in

1845 4639 2007 4711 641
2034 4652 2165 4706 quo,
2208 4635 2481 4705 quidquid
2516 4634 2717 4703 aliquis
2748 4633 2804 4686 iu
2830 4648 2942 4686 uno
2965 4632 3166 4700 angqu
3191 4645 3310 4683 sese
3336 4630 3423 4683 in-

1849 4732 2066 4786 clinans
2091 4735 2310 4784 secreto
2330 4727 2552 4782 locutus
2576 4725 2765 4789 fuerit,
2794 4724 2849 4778 in
2877 4724 2985 4778 alio
3013 4723 3162 4778 clare
3194 4722 3422 4776 exaudi—

1851 4834 1959 4877 tur.

1921 4914 2012 4970 ‘22.
2041 4915 2188 4969 Inter
2224 4915 2339 4967 haec
2386 4919 2672 4981 comperto
2729 4910 3071 4980 Theophilus
3128 4910 3426 4977 imperator

1850 5006 2242 5077 Theophanem
2268 5004 2771 5060 ecclesiasticarum
2794 5016 3067 5057 canonum
3098 5016 3161 5054 ac
3184 5000 3425 5053 cantico-

1852 5116 1973 5156 rum
2005 5108 2305 5161 auctorem,
2338 5113 2463 5153 cum
2493 5097 2786 5153 Theodoro
2815 5095 3007 5157 fratre,
3060 5108 3246 5149 secum
3277 5093 3426 5160 ipsos

1851 5198 2074 5262 agentes
2103 5189 2253 5243 illius
2288 5188 2626 5259 impietatem
2660 5187 2921 5255 sugillare
2948 5199 3012 5238 ac
3042 5198 3293 5252 arguere,
3320 5181 3422 5235 sibi

1850 5280 1974 5333 illos
2013 5278 2129 5331 sisti
2161 5276 2354 5346 jubet,
2388 5278 2611 5346 aitque:
2669 5274 2817 5329 Unde
2865 5272 3037 5325 estis?
3070 5271 3239 5325 Aiunt
3292 5269 3369 5321 illi
3408 5287 3423 5322 :

1853 5366 1937 5420 Ex
1987 5364 2300 5419 Palwstina.
2348 5363 2486 5417 Tum
2535 5361 2921 5432 Theophilus:
2958 5358 3097 5424 Quid
3143 5372 3317 5411 causa
3351 5365 3426 5409 est

1851 5473 1946 5509 cur
1972 5473 2090 5509 cum
2113 5457 2287 5525 patria
2319 5454 2503 5507 relicta
2532 5456 2589 5507 in
2611 5454 2789 5506 urbem
2811 5453 3077 5515 veneritis,
3104 5466 3301 5504 morem
3323 5465 3425 5501 non

1851 5549 2050 5617 geratis
2075 5563 2200 5601 mea:
2218 5547 2485 5615 majestati
2510 5546 2756 5612 ?Quibus
2774 5544 2910 5598 nihil
2941 5541 3425 5614 respondentibus,

1852 5651 2044 5691 eorum
2075 5635 2211 5689 dure
2241 5635 2406 5687 facies
2448 5635 2653 5704 percuti
2704 5636 2881 5699 jubet.
2927 5635 3062 5687 Tum
3105 5630 3311 5686 taureis
3360 5630 3424 5684 ad

1443 5730 1530 5783 VA
1543 5729 1679 5783 ill/1E
1733 5728 2021 5783 LECTIM
2034 5730 2132 5780 ES.

235 5819 283 5848 "
314 5819 663 5889 καθαιρεθεὶς
692 5837 879 5889 margo
907 5819 966 5874 l‘.
