  <div class='ocr_page' id='page_1' title='image "/cluster/home/n/w/nwhite01/storage/ocr_20150623/109/nnc1.0046979867/361.png"; bbox 0 0 4174 6442; ppageno 0'>
   <div class='ocr_carea' id='block_1_1' title="bbox 825 417 925 476">
    <p class='ocr_par' dir='ltr' id='par_1_1' title="bbox 825 417 925 476">
     <span class='ocr_line' id='line_1_1' title="bbox 825 417 925 476; baseline 0 0"><span class='ocrx_word' id='word_1_1' title='bbox 825 417 925 476; x_wconf 79' lang='grc' dir='ltr'><strong>’1οΊ</strong></span> 
     </span>
    </p>
   </div>
   <div class='ocr_carea' id='block_1_2' title="bbox 2010 411 2791 469">
    <p class='ocr_par' dir='ltr' id='par_1_2' title="bbox 2010 411 2791 469">
     <span class='ocr_line' id='line_1_2' title="bbox 2010 411 2791 469; baseline -0.001 0"><span class='ocrx_word' id='word_1_2' title='bbox 2010 413 2220 469; x_wconf 60' lang='grc' dir='ltr'><strong>ΞΥΜΡἎ</strong></span> <span class='ocrx_word' id='word_1_3' title='bbox 2241 411 2305 466; x_wconf 69' lang='lat' dir='ltr'><strong>l.\&quot;</strong></span> <span class='ocrx_word' id='word_1_4' title='bbox 2322 411 2388 466; x_wconf 79' lang='lat' dir='ltr'><strong>IS</strong></span> <span class='ocrx_word' id='word_1_5' title='bbox 2428 411 2791 468; x_wconf 57' lang='lat' dir='ltr'><strong>MAGISTRI</strong></span> 
     </span>
    </p>
   </div>
   <div class='ocr_carea' id='block_1_3' title="bbox 3962 410 4068 469">
    <p class='ocr_par' dir='ltr' id='par_1_3' title="bbox 3962 410 4068 469">
     <span class='ocr_line' id='line_1_3' title="bbox 3962 410 4068 469; baseline -0.009 0"><span class='ocrx_word' id='word_1_6' title='bbox 3962 410 4068 469; x_wconf 59' lang='lat'><strong>70%</strong></span> 
     </span>
    </p>
   </div>
   <div class='ocr_carea' id='block_1_4' title="bbox 822 517 2393 596">
    <p class='ocr_par' dir='ltr' id='par_1_4' title="bbox 822 523 2393 596">
     <span class='ocr_line' id='line_1_4' title="bbox 822 523 2393 596; baseline -0.006 -14"><span class='ocrx_word' id='word_1_7' title='bbox 822 539 906 582; x_wconf 71' lang='lat' dir='ltr'><strong>est</strong></span> <span class='ocrx_word' id='word_1_8' title='bbox 968 527 1162 580; x_wconf 86' lang='lat' dir='ltr'><strong>domus</strong></span> <span class='ocrx_word' id='word_1_9' title='bbox 1219 525 1524 596; x_wconf 77' lang='lat' dir='ltr'><strong>hospitalis,</strong></span> <span class='ocrx_word' id='word_1_10' title='bbox 1577 541 1739 593; x_wconf 89' lang='lat' dir='ltr'><strong>quam</strong></span> <span class='ocrx_word' id='word_1_11' title='bbox 1784 539 1932 575; x_wconf 81' lang='lat' dir='ltr'><strong>nunc</strong></span> <span class='ocrx_word' id='word_1_12' title='bbox 1965 523 2258 591; x_wconf 74' lang='lat' dir='ltr'><strong>Theophili</strong></span> <span class='ocrx_word' id='word_1_13' title='bbox 2301 537 2393 573; x_wconf 81' lang='lat' dir='ltr'><strong>vo-</strong></span> 
     </span>
    </p>
   </div>
   <div class='ocr_carea' id='block_1_5' title="bbox 2497 517 4069 596">
    <p class='ocr_par' dir='ltr' id='par_1_5' title="bbox 2500 517 4069 595">
     <span class='ocr_line' id='line_1_5' title="bbox 2500 517 4069 595; baseline -0.001 -24"><span class='ocrx_word' id='word_1_14' title='bbox 2500 519 2720 584; x_wconf 76' lang='grc' dir='ltr'>ξενῶνα,</span> <span class='ocrx_word' id='word_1_15' title='bbox 2756 525 2846 573; x_wconf 71' lang='grc' dir='ltr'><strong>τὸν</strong></span> <span class='ocrx_word' id='word_1_16' title='bbox 2884 522 2974 576; x_wconf 80' lang='grc' dir='ltr'>νῦν</span> <span class='ocrx_word' id='word_1_17' title='bbox 3004 522 3264 589; x_wconf 73' lang='grc' dir='ltr'>Θεοφίλου</span> <span class='ocrx_word' id='word_1_18' title='bbox 3295 522 3606 595; x_wconf 66' lang='grc' dir='ltr'>λεγόμενον,</span> <span class='ocrx_word' id='word_1_19' title='bbox 3659 517 3806 572; x_wconf 75' lang='grc' dir='ltr'>οἶκον</span> <span class='ocrx_word' id='word_1_20' title='bbox 3860 520 3959 587; x_wconf 81' lang='grc' dir='ltr'><strong>μὲν</strong></span> <span class='ocrx_word' id='word_1_21' title='bbox 4006 525 4069 570; x_wconf 67' lang='grc' dir='ltr'>τά</span> 
     </span>
    </p>
   </div>
   <div class='ocr_carea' id='block_1_6' title="bbox 824 611 2387 682">
    <p class='ocr_par' dir='ltr' id='par_1_6' title="bbox 824 611 2387 682">
     <span class='ocr_line' id='line_1_6' title="bbox 824 611 2387 682; baseline -0.003 -16"><span class='ocrx_word' id='word_1_22' title='bbox 824 627 983 678; x_wconf 71' lang='lat' dir='ltr'><strong>rant;</strong></span> <span class='ocrx_word' id='word_1_23' title='bbox 1037 614 1366 682; x_wconf 81' lang='lat' dir='ltr'><strong>fueruntque</strong></span> <span class='ocrx_word' id='word_1_24' title='bbox 1419 615 1659 681; x_wconf 84' lang='lat' dir='ltr'><strong>primum</strong></span> <span class='ocrx_word' id='word_1_25' title='bbox 1717 612 1909 664; x_wconf 85' lang='lat' dir='ltr'><strong>Isidori</strong></span> <span class='ocrx_word' id='word_1_26' title='bbox 1955 614 2175 680; x_wconf 78' lang='lat' dir='ltr'><strong>patricii</strong></span> <span class='ocrx_word' id='word_1_27' title='bbox 2226 611 2387 671; x_wconf 78' lang='lat' dir='ltr'><strong>:edes,</strong></span> 
     </span>
    </p>
   </div>
   <div class='ocr_carea' id='block_1_7' title="bbox 819 703 2390 774">
    <p class='ocr_par' dir='ltr' id='par_1_7' title="bbox 819 703 2390 774">
     <span class='ocr_line' id='line_1_7' title="bbox 819 703 2390 774; baseline -0.002 -19"><span class='ocrx_word' id='word_1_28' title='bbox 819 707 938 774; x_wconf 70' lang='lat' dir='ltr'><strong>ejus</strong></span> <span class='ocrx_word' id='word_1_29' title='bbox 1000 707 1094 773; x_wconf 89' lang='lat' dir='ltr'><strong>qui</strong></span> <span class='ocrx_word' id='word_1_30' title='bbox 1163 704 1334 758; x_wconf 82' lang='lat' dir='ltr'><strong>Roma</strong></span> <span class='ocrx_word' id='word_1_31' title='bbox 1389 719 1514 758; x_wconf 89' lang='lat' dir='ltr'><strong>cum</strong></span> <span class='ocrx_word' id='word_1_32' title='bbox 1563 703 1788 772; x_wconf 82' lang='lat' dir='ltr'><strong>Olybrio</strong></span> <span class='ocrx_word' id='word_1_33' title='bbox 1819 703 1970 755; x_wconf 89' lang='lat' dir='ltr'><strong>venit</strong></span> <span class='ocrx_word' id='word_1_34' title='bbox 2027 703 2390 756; x_wconf 76' lang='lat' dir='ltr'><strong>Constantino</strong></span> 
     </span>
    </p>
   </div>
   <div class='ocr_carea' id='block_1_8' title="bbox 823 795 2390 867">
    <p class='ocr_par' dir='ltr' id='par_1_8' title="bbox 823 795 2390 867">
     <span class='ocr_line' id='line_1_8' title="bbox 823 795 2390 867; baseline -0.002 -18"><span class='ocrx_word' id='word_1_35' title='bbox 823 814 1016 866; x_wconf 81' lang='lat' dir='ltr'><strong>magno</strong></span> <span class='ocrx_word' id='word_1_36' title='bbox 1045 801 1408 867; x_wconf 82' lang='lat' dir='ltr'><strong>imperatore;</strong></span> <span class='ocrx_word' id='word_1_37' title='bbox 1458 796 1756 865; x_wconf 88' lang='lat' dir='ltr'><strong>multisque</strong></span> <span class='ocrx_word' id='word_1_38' title='bbox 1788 797 2048 863; x_wconf 87' lang='lat' dir='ltr'><strong>deinceps</strong></span> <span class='ocrx_word' id='word_1_39' title='bbox 2083 797 2238 848; x_wconf 88' lang='lat' dir='ltr'><strong>annis</strong></span> <span class='ocrx_word' id='word_1_40' title='bbox 2288 795 2390 846; x_wconf 90' lang='lat' dir='ltr'><strong>im-</strong></span> 
     </span>
    </p>
   </div>
   <div class='ocr_carea' id='block_1_9' title="bbox 821 887 2390 959">
    <p class='ocr_par' dir='ltr' id='par_1_9' title="bbox 821 887 2390 959">
     <span class='ocr_line' id='line_1_9' title="bbox 821 887 2390 959; baseline -0.004 -14"><span class='ocrx_word' id='word_1_41' title='bbox 821 892 1093 959; x_wconf 88' lang='lat' dir='ltr'><strong>peratoris</strong></span> <span class='ocrx_word' id='word_1_42' title='bbox 1116 890 1345 945; x_wconf 71' lang='lat' dir='ltr'><strong>addicta:</strong></span> <span class='ocrx_word' id='word_1_43' title='bbox 1369 889 1522 954; x_wconf 91' lang='lat' dir='ltr'><strong>ﬁsco,</strong></span> <span class='ocrx_word' id='word_1_44' title='bbox 1545 890 1814 942; x_wconf 90' lang='lat' dir='ltr'><strong>nobilium</strong></span> <span class='ocrx_word' id='word_1_45' title='bbox 1843 887 2038 942; x_wconf 85' lang='lat' dir='ltr'><strong>scortis</strong></span> <span class='ocrx_word' id='word_1_46' title='bbox 2064 887 2390 940; x_wconf 78' lang='lat' dir='ltr'><strong>feminarum</strong></span> 
     </span>
    </p>
   </div>
   <div class='ocr_carea' id='block_1_10' title="bbox 823 976 2392 1049">
    <p class='ocr_par' dir='ltr' id='par_1_10' title="bbox 823 976 2392 1049">
     <span class='ocr_line' id='line_1_10' title="bbox 823 976 2392 1049; baseline -0.004 -15"><span class='ocrx_word' id='word_1_47' title='bbox 823 983 1194 1035; x_wconf 82' lang='lat' dir='ltr'><strong>habitaculum</strong></span> <span class='ocrx_word' id='word_1_48' title='bbox 1227 980 1532 1049; x_wconf 64' lang='lat' dir='ltr'><strong>prmbuere.</strong></span> <span class='ocrx_word' id='word_1_49' title='bbox 1569 980 1751 1033; x_wconf 88' lang='lat' dir='ltr'><strong>Leone</strong></span> <span class='ocrx_word' id='word_1_50' title='bbox 1782 988 1966 1032; x_wconf 88' lang='lat' dir='ltr'><strong>autem</strong></span> <span class='ocrx_word' id='word_1_51' title='bbox 2000 978 2187 1030; x_wconf 89' lang='lat' dir='ltr'><strong>Isauro</strong></span> <span class='ocrx_word' id='word_1_52' title='bbox 2221 976 2392 1044; x_wconf 86' lang='lat' dir='ltr'><strong>impe-</strong></span> 
     </span>
    </p>
   </div>
   <div class='ocr_carea' id='block_1_11' title="bbox 822 1067 2390 1141">
    <p class='ocr_par' dir='ltr' id='par_1_11' title="bbox 822 1067 2390 1141">
     <span class='ocr_line' id='line_1_11' title="bbox 822 1067 2390 1141; baseline -0.004 -17"><span class='ocrx_word' id='word_1_53' title='bbox 822 1082 1042 1136; x_wconf 88' lang='lat' dir='ltr'><strong>ratore,</strong></span> <span class='ocrx_word' id='word_1_54' title='bbox 1087 1088 1207 1141; x_wconf 68' lang='lat' dir='ltr'><strong>qure</strong></span> <span class='ocrx_word' id='word_1_55' title='bbox 1251 1071 1397 1125; x_wconf 61' lang='lat' dir='ltr'><strong>aedes</strong></span> <span class='ocrx_word' id='word_1_56' title='bbox 1450 1072 1681 1139; x_wconf 77' lang='lat' dir='ltr'><strong>lupanar</strong></span> <span class='ocrx_word' id='word_1_57' title='bbox 1732 1078 1924 1128; x_wconf 87' lang='lat' dir='ltr'><strong>erant,</strong></span> <span class='ocrx_word' id='word_1_58' title='bbox 1962 1069 2017 1120; x_wconf 87' lang='lat' dir='ltr'><strong>in</strong></span> <span class='ocrx_word' id='word_1_59' title='bbox 2067 1067 2390 1136; x_wconf 87' lang='lat' dir='ltr'><strong>hospilalem</strong></span> 
     </span>
    </p>
   </div>
   <div class='ocr_carea' id='block_1_12' title="bbox 819 1158 2389 1218">
    <p class='ocr_par' dir='ltr' id='par_1_12' title="bbox 819 1158 2389 1218">
     <span class='ocr_line' id='line_1_12' title="bbox 819 1158 2389 1218; baseline -0.004 -2"><span class='ocrx_word' id='word_1_60' title='bbox 819 1164 1043 1216; x_wconf 86' lang='lat' dir='ltr'><strong>domum</strong></span> <span class='ocrx_word' id='word_1_61' title='bbox 1081 1173 1388 1216; x_wconf 87' lang='lat' dir='ltr'><strong>cesserunt.</strong></span> <span class='ocrx_word' id='word_1_62' title='bbox 1444 1161 1579 1214; x_wconf 80' lang='lat' dir='ltr'><strong>Exin</strong></span> <span class='ocrx_word' id='word_1_63' title='bbox 1614 1160 1977 1213; x_wconf 83' lang='lat' dir='ltr'><strong>Constantino</strong></span> <span class='ocrx_word' id='word_1_64' title='bbox 2027 1159 2208 1211; x_wconf 85' lang='lat' dir='ltr'><strong>Ireues</strong></span> <span class='ocrx_word' id='word_1_65' title='bbox 2256 1158 2389 1218; x_wconf 84' lang='lat' dir='ltr'><strong>ﬁlio,</strong></span> 
     </span>
    </p>
   </div>
   <div class='ocr_carea' id='block_1_13' title="bbox 820 1250 2389 1322">
    <p class='ocr_par' dir='ltr' id='par_1_13' title="bbox 820 1250 2389 1322">
     <span class='ocr_line' id='line_1_13' title="bbox 820 1250 2389 1322; baseline -0.004 -16"><span class='ocrx_word' id='word_1_66' title='bbox 820 1263 1178 1322; x_wconf 78' lang='lat' dir='ltr'><strong>posteaquam</strong></span> <span class='ocrx_word' id='word_1_67' title='bbox 1213 1270 1240 1305; x_wconf 90' lang='lat' dir='ltr'><strong>a</strong></span> <span class='ocrx_word' id='word_1_68' title='bbox 1276 1260 1448 1304; x_wconf 87' lang='lat' dir='ltr'><strong>matre</strong></span> <span class='ocrx_word' id='word_1_69' title='bbox 1478 1260 1782 1304; x_wconf 80' lang='lat' dir='ltr'><strong>exczecatus</strong></span> <span class='ocrx_word' id='word_1_70' title='bbox 1823 1250 2023 1314; x_wconf 85' lang='lat' dir='ltr'><strong>fuerat,</strong></span> <span class='ocrx_word' id='word_1_71' title='bbox 2070 1250 2268 1302; x_wconf 89' lang='lat' dir='ltr'><strong>domus</strong></span> <span class='ocrx_word' id='word_1_72' title='bbox 2293 1265 2389 1300; x_wconf 75' lang='lat' dir='ltr'><strong>ex-</strong></span> 
     </span>
    </p>
   </div>
   <div class='ocr_carea' id='block_1_14' title="bbox 820 1339 2393 1414">
    <p class='ocr_par' dir='ltr' id='par_1_14' title="bbox 820 1339 2393 1414">
     <span class='ocr_line' id='line_1_14' title="bbox 820 1339 2393 1414; baseline -0.004 -17"><span class='ocrx_word' id='word_1_73' title='bbox 820 1345 1036 1398; x_wconf 87' lang='lat' dir='ltr'><strong>stitere.</strong></span> <span class='ocrx_word' id='word_1_74' title='bbox 1099 1344 1261 1414; x_wconf 56' lang='lat'><strong>656</strong></span> <span class='ocrx_word' id='word_1_75' title='bbox 1313 1342 1430 1406; x_wconf 83' lang='lat' dir='ltr'><strong>Quo</strong></span> <span class='ocrx_word' id='word_1_76' title='bbox 1462 1341 1726 1394; x_wconf 81' lang='lat' dir='ltr'><strong>defuncto</strong></span> <span class='ocrx_word' id='word_1_77' title='bbox 1751 1341 1898 1393; x_wconf 90' lang='lat' dir='ltr'><strong>illius</strong></span> <span class='ocrx_word' id='word_1_78' title='bbox 1925 1357 2060 1393; x_wconf 76' lang='lat' dir='ltr'><strong>uxor</strong></span> <span class='ocrx_word' id='word_1_79' title='bbox 2095 1339 2393 1392; x_wconf 83' lang='lat' dir='ltr'><strong>sanctimo-</strong></span> 
     </span>
    </p>
   </div>
   <div class='ocr_carea' id='block_1_15' title="bbox 821 1430 2390 1501">
    <p class='ocr_par' dir='ltr' id='par_1_15' title="bbox 821 1430 2390 1501">
     <span class='ocr_line' id='line_1_15' title="bbox 821 1430 2390 1501; baseline -0.004 -13"><span class='ocrx_word' id='word_1_80' title='bbox 821 1436 982 1488; x_wconf 88' lang='lat' dir='ltr'><strong>nialis</strong></span> <span class='ocrx_word' id='word_1_81' title='bbox 1012 1436 1320 1488; x_wconf 87' lang='lat' dir='ltr'><strong>institutum</strong></span> <span class='ocrx_word' id='word_1_82' title='bbox 1351 1435 1622 1501; x_wconf 75' lang='lat' dir='ltr'><strong>amplexa,</strong></span> <span class='ocrx_word' id='word_1_83' title='bbox 1650 1435 2042 1487; x_wconf 85' lang='lat' dir='ltr'><strong>monasterium</strong></span> <span class='ocrx_word' id='word_1_84' title='bbox 2062 1430 2390 1493; x_wconf 81' lang='lat' dir='ltr'><strong>construxit,</strong></span> 
     </span>
    </p>
   </div>
   <div class='ocr_carea' id='block_1_16' title="bbox 818 1527 2390 1597">
    <p class='ocr_par' dir='ltr' id='par_1_16' title="bbox 818 1527 2390 1597">
     <span class='ocr_line' id='line_1_16' title="bbox 818 1527 2390 1597; baseline -0.001 -17"><span class='ocrx_word' id='word_1_85' title='bbox 818 1543 880 1581; x_wconf 83' lang='lat' dir='ltr'><strong>ac</strong></span> <span class='ocrx_word' id='word_1_86' title='bbox 911 1529 1188 1582; x_wconf 71' lang='lat' dir='ltr'><strong>Metanozze</strong></span> <span class='ocrx_word' id='word_1_87' title='bbox 1229 1528 1303 1597; x_wconf 82' lang='lat' dir='ltr'><strong>(id</strong></span> <span class='ocrx_word' id='word_1_88' title='bbox 1336 1537 1418 1581; x_wconf 91' lang='lat' dir='ltr'><strong>est</strong></span> <span class='ocrx_word' id='word_1_89' title='bbox 1448 1530 1809 1596; x_wconf 76' lang='lat' dir='ltr'><strong>pcenitentize)</strong></span> <span class='ocrx_word' id='word_1_90' title='bbox 1859 1528 2214 1596; x_wconf 76' lang='lat' dir='ltr'><strong>nuncupavit.</strong></span> <span class='ocrx_word' id='word_1_91' title='bbox 2264 1527 2390 1579; x_wconf 87' lang='lat' dir='ltr'><strong>Tri-</strong></span> 
     </span>
    </p>
   </div>
   <div class='ocr_carea' id='block_1_17' title="bbox 818 1619 2395 1689">
    <p class='ocr_par' dir='ltr' id='par_1_17' title="bbox 818 1619 2395 1689">
     <span class='ocr_line' id='line_1_17' title="bbox 818 1619 2395 1689; baseline 0 -18"><span class='ocrx_word' id='word_1_92' title='bbox 818 1619 967 1672; x_wconf 89' lang='lat' dir='ltr'><strong>clinii</strong></span> <span class='ocrx_word' id='word_1_93' title='bbox 996 1620 1162 1689; x_wconf 82' lang='lat' dir='ltr'><strong>igitur</strong></span> <span class='ocrx_word' id='word_1_94' title='bbox 1188 1622 1422 1672; x_wconf 79' lang='lat' dir='ltr'><strong>maxima</strong></span> <span class='ocrx_word' id='word_1_95' title='bbox 1458 1623 1740 1676; x_wconf 75' lang='lat' dir='ltr'><strong>confracta</strong></span> <span class='ocrx_word' id='word_1_96' title='bbox 1768 1622 1952 1676; x_wconf 88' lang='lat' dir='ltr'><strong>trabes</strong></span> <span class='ocrx_word' id='word_1_97' title='bbox 1978 1622 2193 1674; x_wconf 89' lang='lat' dir='ltr'><strong>ruinam</strong></span> <span class='ocrx_word' id='word_1_98' title='bbox 2222 1621 2395 1672; x_wconf 88' lang='lat' dir='ltr'><strong>mina-</strong></span> 
     </span>
    </p>
   </div>
   <div class='ocr_carea' id='block_1_18' title="bbox 818 1708 2391 1765">
    <p class='ocr_par' dir='ltr' id='par_1_18' title="bbox 818 1708 2391 1765">
     <span class='ocr_line' id='line_1_18' title="bbox 818 1708 2391 1765; baseline 0.001 -5"><span class='ocrx_word' id='word_1_99' title='bbox 818 1708 999 1761; x_wconf 90' lang='lat' dir='ltr'><strong>batur.</strong></span> <span class='ocrx_word' id='word_1_100' title='bbox 1060 1709 1518 1764; x_wconf 82' lang='lat' dir='ltr'><strong>Sanctimoniales</strong></span> <span class='ocrx_word' id='word_1_101' title='bbox 1577 1727 1710 1765; x_wconf 89' lang='lat' dir='ltr'><strong>vero</strong></span> <span class='ocrx_word' id='word_1_102' title='bbox 1763 1713 1884 1765; x_wconf 89' lang='lat' dir='ltr'><strong>illac</strong></span> <span class='ocrx_word' id='word_1_103' title='bbox 1937 1711 2041 1765; x_wconf 87' lang='lat' dir='ltr'><strong>iter</strong></span> <span class='ocrx_word' id='word_1_104' title='bbox 2100 1712 2391 1764; x_wconf 84' lang='lat' dir='ltr'><strong>habentem</strong></span> 
     </span>
    </p>
   </div>
   <div class='ocr_carea' id='block_1_19' title="bbox 819 1801 2393 1873">
    <p class='ocr_par' dir='ltr' id='par_1_19' title="bbox 819 1801 2393 1873">
     <span class='ocr_line' id='line_1_19' title="bbox 819 1801 2393 1873; baseline 0.003 -21"><span class='ocrx_word' id='word_1_105' title='bbox 819 1801 1186 1868; x_wconf 85' lang='lat' dir='ltr'><strong>Theophilum</strong></span> <span class='ocrx_word' id='word_1_106' title='bbox 1210 1816 1370 1872; x_wconf 91' lang='lat' dir='ltr'><strong>opem</strong></span> <span class='ocrx_word' id='word_1_107' title='bbox 1403 1804 1549 1858; x_wconf 82' lang='lat' dir='ltr'><strong>ferre</strong></span> <span class='ocrx_word' id='word_1_108' title='bbox 1578 1814 1860 1873; x_wconf 80' lang='lat' dir='ltr'><strong>rogarunt.</strong></span> <span class='ocrx_word' id='word_1_109' title='bbox 1889 1805 1982 1857; x_wconf 89' lang='lat' dir='ltr'><strong>Ille</strong></span> <span class='ocrx_word' id='word_1_110' title='bbox 2009 1804 2191 1872; x_wconf 90' lang='lat' dir='ltr'><strong>itaque</strong></span> <span class='ocrx_word' id='word_1_111' title='bbox 2228 1813 2393 1872; x_wconf 89' lang='lat' dir='ltr'><strong>caput</strong></span> 
     </span>
    </p>
   </div>
   <div class='ocr_carea' id='block_1_20' title="bbox 2498 612 4069 684">
    <p class='ocr_par' dir='ltr' id='par_1_20' title="bbox 2498 612 4069 684">
     <span class='ocr_line' id='line_1_20' title="bbox 2498 612 4069 684; baseline -0.011 -7"><span class='ocrx_word' id='word_1_112' title='bbox 2498 616 2691 682; x_wconf 76' lang='grc' dir='ltr'>πρῶτα</span> <span class='ocrx_word' id='word_1_113' title='bbox 2760 616 3018 682; x_wconf 69' lang='grc' dir='ltr'>γεγῡνὸτα</span> <span class='ocrx_word' id='word_1_114' title='bbox 3102 615 3372 684; x_wconf 79' lang='grc' dir='ltr'>Ἰσιδώρου</span> <span class='ocrx_word' id='word_1_115' title='bbox 3444 615 3730 683; x_wconf 75' lang='grc' dir='ltr'><strong>πατρικίου</strong></span> <span class='ocrx_word' id='word_1_116' title='bbox 3799 612 3894 664; x_wconf 78' lang='grc' dir='ltr'>τοῦ</span> <span class='ocrx_word' id='word_1_117' title='bbox 3967 614 4069 664; x_wconf 74' lang='grc' dir='ltr'><strong>ἀπὸ</strong></span> 
     </span>
    </p>
   </div>
   <div class='ocr_carea' id='block_1_21' title="bbox 2515 706 4071 776">
    <p class='ocr_par' dir='ltr' id='par_1_21' title="bbox 2515 706 4071 776">
     <span class='ocr_line' id='line_1_21' title="bbox 2515 706 4071 776; baseline -0.006 -14"><span class='ocrx_word' id='word_1_118' title='bbox 2515 706 2735 775; x_wconf 68' lang='grc' dir='ltr'>Ῥώμης</span> <span class='ocrx_word' id='word_1_119' title='bbox 2770 710 2907 774; x_wconf 74' lang='grc' dir='ltr'>μετὰ</span> <span class='ocrx_word' id='word_1_120' title='bbox 2974 707 3254 776; x_wconf 78' lang='grc' dir='ltr'>Ὀλυὸρίου</span> <span class='ocrx_word' id='word_1_121' title='bbox 3307 708 3620 768; x_wconf 79' lang='grc' dir='ltr'><strong>ἀνελθόντος</strong></span> <span class='ocrx_word' id='word_1_122' title='bbox 3656 707 3746 758; x_wconf 69' lang='grc' dir='ltr'><strong>ἐπὶ</strong></span> <span class='ocrx_word' id='word_1_123' title='bbox 3781 708 4071 757; x_wconf 78' lang='grc' dir='ltr'>Κωνσταν-</span> 
     </span>
    </p>
   </div>
   <div class='ocr_carea' id='block_1_22' title="bbox 3187 799 4071 868">
    <p class='ocr_par' dir='ltr' id='par_1_22' title="bbox 3187 799 4071 868">
     <span class='ocr_line' id='line_1_22' title="bbox 3187 799 4071 868; baseline -0.002 -16"><span class='ocrx_word' id='word_1_124' title='bbox 3187 801 3322 868; x_wconf 82' lang='grc' dir='ltr'><strong>μετά</strong></span> <span class='ocrx_word' id='word_1_125' title='bbox 3379 802 3436 852; x_wconf 85' lang='grc' dir='ltr'>δὲ</span> <span class='ocrx_word' id='word_1_126' title='bbox 3500 800 3726 867; x_wconf 75' lang='grc' dir='ltr'>χρόνους</span> <span class='ocrx_word' id='word_1_127' title='bbox 3783 799 4071 850; x_wconf 72' lang='grc' dir='ltr'>ἐκδοθέντα</span> 
     </span>
    </p>
   </div>
   <div class='ocr_carea' id='block_1_23' title="bbox 2500 888 4072 958">
    <p class='ocr_par' dir='ltr' id='par_1_23' title="bbox 2500 888 4072 958">
     <span class='ocr_line' id='line_1_23' title="bbox 2500 888 4072 958; baseline -0.002 -18"><span class='ocrx_word' id='word_1_128' title='bbox 2500 888 2842 958; x_wconf 77' lang='grc' dir='ltr'>κουρατὼρια</span> <span class='ocrx_word' id='word_1_129' title='bbox 2890 895 2969 952; x_wconf 81' lang='grc' dir='ltr'><strong>είς</strong></span> <span class='ocrx_word' id='word_1_130' title='bbox 3004 892 3064 942; x_wconf 83' lang='grc' dir='ltr'><strong>τὸ</strong></span> <span class='ocrx_word' id='word_1_131' title='bbox 3107 893 3381 944; x_wconf 78' lang='grc' dir='ltr'>κατοικεῖν</span> <span class='ocrx_word' id='word_1_132' title='bbox 3425 892 3601 942; x_wconf 88' lang='grc' dir='ltr'>ἐκεῖσε</span> <span class='ocrx_word' id='word_1_133' title='bbox 3643 890 3912 956; x_wconf 83' lang='grc' dir='ltr'>γυναῖκας</span> <span class='ocrx_word' id='word_1_134' title='bbox 3971 889 4072 938; x_wconf 77' lang='grc' dir='ltr'><strong>τῶν</strong></span> 
     </span>
    </p>
   </div>
   <div class='ocr_carea' id='block_1_24' title="bbox 3575 981 4071 1041">
    <p class='ocr_par' dir='ltr' id='par_1_24' title="bbox 3575 981 4071 1041">
     <span class='ocr_line' id='line_1_24' title="bbox 3575 981 4071 1041; baseline -0.01 -8"><span class='ocrx_word' id='word_1_135' title='bbox 3575 982 3698 1033; x_wconf 75' lang='grc' dir='ltr'>Ἐπὶ</span> <span class='ocrx_word' id='word_1_136' title='bbox 3747 981 3803 1032; x_wconf 80' lang='grc' dir='ltr'>δὲ</span> <span class='ocrx_word' id='word_1_137' title='bbox 3845 981 4071 1041; x_wconf 76' lang='grc' dir='ltr'>Λέοντος</span> 
     </span>
    </p>
   </div>
   <div class='ocr_carea' id='block_1_25' title="bbox 2498 1073 4070 1144">
    <p class='ocr_par' dir='ltr' id='par_1_25' title="bbox 2498 1073 4070 1144">
     <span class='ocr_line' id='line_1_25' title="bbox 2498 1073 4070 1144; baseline -0.002 -19"><span class='ocrx_word' id='word_1_138' title='bbox 2498 1074 2591 1126; x_wconf 77' lang='grc' dir='ltr'>τοῦ</span> <span class='ocrx_word' id='word_1_139' title='bbox 2647 1074 2888 1144; x_wconf 79' lang='grc' dir='ltr'>’1σαύρου</span> <span class='ocrx_word' id='word_1_140' title='bbox 2954 1076 3278 1144; x_wconf 81' lang='grc' dir='ltr'>ξενοδοχεϊον</span> <span class='ocrx_word' id='word_1_141' title='bbox 3341 1077 3442 1127; x_wconf 82' lang='grc' dir='ltr'>ὑπ’</span> <span class='ocrx_word' id='word_1_142' title='bbox 3497 1075 3667 1128; x_wconf 79' lang='grc' dir='ltr'>αὐτοῦ</span> <span class='ocrx_word' id='word_1_143' title='bbox 3712 1076 3776 1125; x_wconf 89' lang='grc' dir='ltr'><strong>ἐκ</strong></span> <span class='ocrx_word' id='word_1_144' title='bbox 3813 1073 4070 1140; x_wconf 79' lang='grc' dir='ltr'>πορνείου</span> 
     </span>
    </p>
   </div>
   <div class='ocr_carea' id='block_1_26' title="bbox 2499 797 3125 868">
    <p class='ocr_par' dir='ltr' id='par_1_26' title="bbox 2499 797 3125 868">
     <span class='ocr_line' id='line_1_26' title="bbox 2499 797 3125 868; baseline 0.01 -21"><span class='ocrx_word' id='word_1_145' title='bbox 2499 797 2642 847; x_wconf 83' lang='grc' dir='ltr'>τίνου</span> <span class='ocrx_word' id='word_1_146' title='bbox 2694 798 2786 848; x_wconf 75' lang='grc' dir='ltr'>τοῦ</span> <span class='ocrx_word' id='word_1_147' title='bbox 2839 801 3076 868; x_wconf 66' lang='grc' dir='ltr'>μεγάλου</span> <span class='ocrx_word' id='word_1_148' title='bbox 3111 840 3125 862; x_wconf 86' lang='grc'><strong>,</strong></span> 
     </span>
    </p>
   </div>
   <div class='ocr_carea' id='block_1_27' title="bbox 2499 983 3485 1052">
    <p class='ocr_par' dir='ltr' id='par_1_27' title="bbox 2499 983 3485 1052">
     <span class='ocr_line' id='line_1_27' title="bbox 2499 983 3485 1052; baseline 0.003 -20"><span class='ocrx_word' id='word_1_149' title='bbox 2499 983 2733 1047; x_wconf 74' lang='grc' dir='ltr'>εὐγενῶν</span> <span class='ocrx_word' id='word_1_150' title='bbox 2796 983 2869 1052; x_wconf 80' lang='grc' dir='ltr'>μὴ</span> <span class='ocrx_word' id='word_1_151' title='bbox 2921 984 3122 1045; x_wconf 78' lang='grc' dir='ltr'><strong>εἰδυίας</strong></span> <span class='ocrx_word' id='word_1_152' title='bbox 3166 985 3485 1052; x_wconf 75' lang='grc' dir='ltr'>σωφρονεῖν.</span> 
     </span>
    </p>
   </div>
   <div class='ocr_carea' id='block_1_28' title="bbox 2501 1163 4073 1234">
    <p class='ocr_par' dir='ltr' id='par_1_28' title="bbox 2501 1163 4073 1234">
     <span class='ocr_line' id='line_1_28' title="bbox 2501 1163 4073 1234; baseline -0.005 -14"><span class='ocrx_word' id='word_1_153' title='bbox 2501 1167 2886 1234; x_wconf 66' lang='grc' dir='ltr'><strong>ἐχρημάτισεν.</strong></span> <span class='ocrx_word' id='word_1_154' title='bbox 2928 1163 3056 1220; x_wconf 77' lang='grc' dir='ltr'>Εἶτα</span> <span class='ocrx_word' id='word_1_155' title='bbox 3088 1167 3312 1234; x_wconf 88' lang='grc' dir='ltr'>γέγονεν</span> <span class='ocrx_word' id='word_1_156' title='bbox 3347 1163 3493 1228; x_wconf 82' lang='grc' dir='ltr'>οἶκος</span> <span class='ocrx_word' id='word_1_157' title='bbox 3527 1163 3945 1218; x_wconf 76' lang='grc' dir='ltr'>Κωνσταντίνου</span> <span class='ocrx_word' id='word_1_158' title='bbox 3977 1163 4073 1229; x_wconf 66' lang='grc' dir='ltr'>τῆς</span> 
     </span>
    </p>
   </div>
   <div class='ocr_carea' id='block_1_29' title="bbox 2501 1256 4075 1327">
    <p class='ocr_par' dir='ltr' id='par_1_29' title="bbox 2501 1256 4075 1327">
     <span class='ocr_line' id='line_1_29' title="bbox 2501 1256 4075 1327; baseline 0 -21"><span class='ocrx_word' id='word_1_159' title='bbox 2501 1256 2737 1326; x_wconf 73' lang='grc' dir='ltr'>Εἰρήνης</span> <span class='ocrx_word' id='word_1_160' title='bbox 2772 1258 2888 1309; x_wconf 81' lang='grc' dir='ltr'>υἰοῦ</span> <span class='ocrx_word' id='word_1_161' title='bbox 2944 1260 3080 1326; x_wconf 86' lang='grc' dir='ltr'><strong>μετά</strong></span> <span class='ocrx_word' id='word_1_162' title='bbox 3114 1258 3211 1327; x_wconf 76' lang='grc' dir='ltr'>τὴν</span> <span class='ocrx_word' id='word_1_163' title='bbox 3261 1259 3364 1310; x_wconf 71' lang='grc' dir='ltr'>ὑπὸ</span> <span class='ocrx_word' id='word_1_164' title='bbox 3396 1259 3496 1327; x_wconf 83' lang='grc' dir='ltr'><strong>τῆς</strong></span> <span class='ocrx_word' id='word_1_165' title='bbox 3535 1259 3736 1326; x_wconf 79' lang='grc' dir='ltr'>μητρὸς</span> <span class='ocrx_word' id='word_1_166' title='bbox 3785 1259 4075 1322; x_wconf 70' lang='grc' dir='ltr'>γεγονυῖαν</span> 
     </span>
    </p>
   </div>
   <div class='ocr_carea' id='block_1_30' title="bbox 2500 1347 4074 1418">
    <p class='ocr_par' dir='ltr' id='par_1_30' title="bbox 2500 1347 4074 1418">
     <span class='ocr_line' id='line_1_30' title="bbox 2500 1347 4074 1418; baseline -0.003 -19"><span class='ocrx_word' id='word_1_167' title='bbox 2500 1349 2578 1406; x_wconf 76' lang='grc' dir='ltr'>εἰς</span> <span class='ocrx_word' id='word_1_168' title='bbox 2613 1349 2773 1398; x_wconf 74' lang='grc' dir='ltr'>αὑτὸν</span> <span class='ocrx_word' id='word_1_169' title='bbox 2798 1347 3090 1416; x_wconf 55' lang='grc' dir='ltr'>τύφλωσιν.</span> <span class='ocrx_word' id='word_1_170' title='bbox 3139 1351 3577 1418; x_wconf 67' lang='grc' dir='ltr'><strong>Τελευτήσαντος</strong></span> <span class='ocrx_word' id='word_1_171' title='bbox 3605 1349 3660 1400; x_wconf 81' lang='grc' dir='ltr'><strong>δὲ</strong></span> <span class='ocrx_word' id='word_1_172' title='bbox 3683 1347 3847 1399; x_wconf 80' lang='grc' dir='ltr'>αὑτοῦ</span> <span class='ocrx_word' id='word_1_173' title='bbox 3883 1348 4074 1415; x_wconf 76' lang='grc' dir='ltr'>ήγυνὴ</span> 
     </span>
    </p>
   </div>
   <div class='ocr_carea' id='block_1_31' title="bbox 2499 1436 4075 1507">
    <p class='ocr_par' dir='ltr' id='par_1_31' title="bbox 2499 1436 4075 1507">
     <span class='ocr_line' id='line_1_31' title="bbox 2499 1436 4075 1507; baseline -0.003 -21"><span class='ocrx_word' id='word_1_174' title='bbox 2499 1437 2664 1487; x_wconf 73' lang='grc' dir='ltr'>αὑτοῦ</span> <span class='ocrx_word' id='word_1_175' title='bbox 2710 1438 2990 1504; x_wconf 78' lang='grc' dir='ltr'>μονάσασα</span> <span class='ocrx_word' id='word_1_176' title='bbox 3035 1440 3401 1507; x_wconf 81' lang='grc' dir='ltr'>μοναστήριον</span> <span class='ocrx_word' id='word_1_177' title='bbox 3450 1439 3614 1490; x_wconf 68' lang='grc' dir='ltr'>αὑτὸν</span> <span class='ocrx_word' id='word_1_178' title='bbox 3663 1436 4075 1488; x_wconf 70' lang='grc' dir='ltr'><strong>κατεσκεύασεν</strong></span> 
     </span>
    </p>
   </div>
   <div class='ocr_carea' id='block_1_32' title="bbox 2500 1524 4072 1597">
    <p class='ocr_par' dir='ltr' id='par_1_32' title="bbox 2500 1524 4072 1597">
     <span class='ocr_line' id='line_1_32' title="bbox 2500 1524 4072 1597; baseline -0.001 -20"><span class='ocrx_word' id='word_1_179' title='bbox 2500 1527 2593 1578; x_wconf 78' lang='grc' dir='ltr'><strong>καὶ</strong></span> <span class='ocrx_word' id='word_1_180' title='bbox 2624 1530 2692 1578; x_wconf 76' lang='grc' dir='ltr'><strong>τὰ</strong></span> <span class='ocrx_word' id='word_1_181' title='bbox 2726 1530 3030 1590; x_wconf 84' lang='grc' dir='ltr'>Μετανοίας</span> <span class='ocrx_word' id='word_1_182' title='bbox 3067 1529 3349 1582; x_wconf 79' lang='grc' dir='ltr'>ἐκάλεσεν.</span> <span class='ocrx_word' id='word_1_183' title='bbox 3374 1528 3538 1581; x_wconf 86' lang='grc' dir='ltr'>Ξύλον</span> <span class='ocrx_word' id='word_1_184' title='bbox 3565 1524 3657 1580; x_wconf 77' lang='grc' dir='ltr'><strong>οὖν</strong></span> <span class='ocrx_word' id='word_1_185' title='bbox 3690 1530 3951 1597; x_wconf 85' lang='grc' dir='ltr'>μέγιστον</span> <span class='ocrx_word' id='word_1_186' title='bbox 3981 1526 4072 1577; x_wconf 77' lang='grc' dir='ltr'>τοῦ</span> 
     </span>
    </p>
   </div>
   <div class='ocr_carea' id='block_1_33' title="bbox 2499 1619 4074 1690">
    <p class='ocr_par' dir='ltr' id='par_1_33' title="bbox 2499 1619 4074 1690">
     <span class='ocr_line' id='line_1_33' title="bbox 2499 1619 4074 1690; baseline 0 -21"><span class='ocrx_word' id='word_1_187' title='bbox 2499 1619 2774 1687; x_wconf 82' lang='grc' dir='ltr'>τρικλίνου</span> <span class='ocrx_word' id='word_1_188' title='bbox 2820 1623 3166 1674; x_wconf 72' lang='grc' dir='ltr'><strong>ἀποκλασθὲν</strong></span> <span class='ocrx_word' id='word_1_189' title='bbox 3215 1623 3430 1690; x_wconf 76' lang='grc' dir='ltr'>ἠπείλει</span> <span class='ocrx_word' id='word_1_190' title='bbox 3473 1623 3700 1684; x_wconf 80' lang='grc' dir='ltr'><strong>πτῶσιν,</strong></span> <span class='ocrx_word' id='word_1_191' title='bbox 3733 1623 3786 1672; x_wconf 86' lang='grc' dir='ltr'>αἱ</span> <span class='ocrx_word' id='word_1_192' title='bbox 3820 1620 3878 1671; x_wconf 83' lang='grc' dir='ltr'>δὲ</span> <span class='ocrx_word' id='word_1_193' title='bbox 3908 1619 4074 1686; x_wconf 76' lang='grc' dir='ltr'>μονα-</span> 
     </span>
    </p>
   </div>
   <div class='ocr_carea' id='block_1_34' title="bbox 2501 1711 4076 1785">
    <p class='ocr_par' dir='ltr' id='par_1_34' title="bbox 2501 1711 4076 1785">
     <span class='ocr_line' id='line_1_34' title="bbox 2501 1711 4076 1785; baseline 0 -23"><span class='ocrx_word' id='word_1_194' title='bbox 2501 1711 2685 1774; x_wconf 80' lang='grc' dir='ltr'>ζουσαι</span> <span class='ocrx_word' id='word_1_195' title='bbox 2739 1713 2832 1764; x_wconf 77' lang='grc' dir='ltr'>τοῦ</span> <span class='ocrx_word' id='word_1_196' title='bbox 2892 1713 3156 1781; x_wconf 84' lang='grc' dir='ltr'>βασιλέως</span> <span class='ocrx_word' id='word_1_197' title='bbox 3232 1713 3316 1784; x_wconf 86' lang='grc' dir='ltr'><strong>[Ρ.</strong></span> <span class='ocrx_word' id='word_1_198' title='bbox 3362 1713 3490 1785; x_wconf 71' lang='grc'><strong>428]</strong></span> <span class='ocrx_word' id='word_1_199' title='bbox 3530 1713 3884 1783; x_wconf 81' lang='grc' dir='ltr'><strong>διερχομένου</strong></span> <span class='ocrx_word' id='word_1_200' title='bbox 3945 1715 4076 1778; x_wconf 73' lang='grc' dir='ltr'>περὶ</span> 
     </span>
    </p>
   </div>
   <div class='ocr_carea' id='block_1_35' title="bbox 2499 1798 4075 1872">
    <p class='ocr_par' dir='ltr' id='par_1_35' title="bbox 2499 1798 4075 1872">
     <span class='ocr_line' id='line_1_35' title="bbox 2499 1798 4075 1872; baseline 0.003 -22"><span class='ocrx_word' id='word_1_201' title='bbox 2499 1801 2662 1851; x_wconf 73' lang='grc' dir='ltr'>αὑτοῦ</span> <span class='ocrx_word' id='word_1_202' title='bbox 2697 1801 3015 1872; x_wconf 77' lang='grc' dir='ltr'>ἐδεήθησαν.</span> <span class='ocrx_word' id='word_1_203' title='bbox 3049 1803 3340 1867; x_wconf 83' lang='grc' dir='ltr'>Ἐκνεύσας</span> <span class='ocrx_word' id='word_1_204' title='bbox 3368 1805 3459 1858; x_wconf 75' lang='grc' dir='ltr'><strong>οὖν</strong></span> <span class='ocrx_word' id='word_1_205' title='bbox 3487 1806 3579 1856; x_wconf 76' lang='grc' dir='ltr'>καὶ</span> <span class='ocrx_word' id='word_1_206' title='bbox 3596 1805 3686 1856; x_wconf 84' lang='grc' dir='ltr'><strong>τὸν</strong></span> <span class='ocrx_word' id='word_1_207' title='bbox 3703 1798 3851 1854; x_wconf 82' lang='grc' dir='ltr'>οἷκον</span> <span class='ocrx_word' id='word_1_208' title='bbox 3873 1802 4075 1855; x_wconf 81' lang='grc' dir='ltr'>θεασὰ-</span> 
     </span>
    </p>
   </div>
   <div class='ocr_carea' id='block_1_36' title="bbox 819 1875 2393 1966">
    <p class='ocr_par' dir='ltr' id='par_1_36' title="bbox 819 1889 2393 1961">
     <span class='ocr_line' id='line_1_36' title="bbox 819 1889 2393 1961; baseline 0.004 -23"><span class='ocrx_word' id='word_1_209' title='bbox 819 1889 1179 1956; x_wconf 80' lang='lat' dir='ltr'><strong>protendens,</strong></span> <span class='ocrx_word' id='word_1_210' title='bbox 1217 1893 1552 1960; x_wconf 87' lang='lat' dir='ltr'><strong>domumque</strong></span> <span class='ocrx_word' id='word_1_211' title='bbox 1581 1893 1933 1961; x_wconf 90' lang='lat' dir='ltr'><strong>conspiciens</strong></span> <span class='ocrx_word' id='word_1_212' title='bbox 1965 1907 2028 1944; x_wconf 87' lang='lat' dir='ltr'><strong>ac</strong></span> <span class='ocrx_word' id='word_1_213' title='bbox 2059 1907 2122 1944; x_wconf 90' lang='lat' dir='ltr'><strong>ea</strong></span> <span class='ocrx_word' id='word_1_214' title='bbox 2155 1893 2393 1946; x_wconf 88' lang='lat' dir='ltr'><strong>delecta-</strong></span> 
     </span>
    </p>
   </div>
   <div class='ocr_carea' id='block_1_37' title="bbox 2497 1875 4078 1966">
    <p class='ocr_par' dir='ltr' id='par_1_37' title="bbox 2501 1895 4078 1966">
     <span class='ocr_line' id='line_1_37' title="bbox 2501 1895 4078 1966; baseline 0.001 -22"><span class='ocrx_word' id='word_1_215' title='bbox 2501 1910 2657 1961; x_wconf 80' lang='grc' dir='ltr'>μενος</span> <span class='ocrx_word' id='word_1_216' title='bbox 2702 1895 2795 1946; x_wconf 70' lang='grc' dir='ltr'><strong>καὶ</strong></span> <span class='ocrx_word' id='word_1_217' title='bbox 2824 1897 3076 1964; x_wconf 79' lang='grc' dir='ltr'>ἀρεσθεὶς</span> <span class='ocrx_word' id='word_1_218' title='bbox 3113 1899 3407 1966; x_wconf 77' lang='grc' dir='ltr'>μετοικίζει</span> <span class='ocrx_word' id='word_1_219' title='bbox 3453 1898 3553 1966; x_wconf 84' lang='grc' dir='ltr'><strong>μὲν</strong></span> <span class='ocrx_word' id='word_1_220' title='bbox 3601 1897 3700 1957; x_wconf 92' lang='grc' dir='ltr'><strong>τάς</strong></span> <span class='ocrx_word' id='word_1_221' title='bbox 3730 1895 4078 1964; x_wconf 73' lang='grc' dir='ltr'>μοναξούσας</span> 
     </span>
    </p>
   </div>
   <div class='ocr_carea' id='block_1_38' title="bbox 822 1980 2392 2042">
    <p class='ocr_par' dir='ltr' id='par_1_38' title="bbox 822 1980 2392 2042">
     <span class='ocr_line' id='line_1_38' title="bbox 822 1980 2392 2042; baseline 0.002 -10"><span class='ocrx_word' id='word_1_222' title='bbox 822 1993 925 2042; x_wconf 89' lang='lat' dir='ltr'><strong>tus,</strong></span> <span class='ocrx_word' id='word_1_223' title='bbox 971 1984 1482 2038; x_wconf 76' lang='lat' dir='ltr'><strong>sanctimonialibus</strong></span> <span class='ocrx_word' id='word_1_224' title='bbox 1520 1984 1570 2036; x_wconf 92' lang='lat' dir='ltr'><strong>in</strong></span> <span class='ocrx_word' id='word_1_225' title='bbox 1606 1984 1753 2038; x_wconf 88' lang='lat' dir='ltr'><strong>aliud</strong></span> <span class='ocrx_word' id='word_1_226' title='bbox 1786 1983 2180 2037; x_wconf 83' lang='lat' dir='ltr'><strong>monasterium</strong></span> <span class='ocrx_word' id='word_1_227' title='bbox 2215 1980 2392 2035; x_wconf 69' lang='lat' dir='ltr'><strong>trans-</strong></span> 
     </span>
    </p>
   </div>
   <div class='ocr_carea' id='block_1_39' title="bbox 821 2074 2391 2145">
    <p class='ocr_par' dir='ltr' id='par_1_39' title="bbox 821 2074 2391 2145">
     <span class='ocr_line' id='line_1_39' title="bbox 821 2074 2391 2145; baseline -0.003 -16"><span class='ocrx_word' id='word_1_228' title='bbox 821 2074 966 2140; x_wconf 88' lang='lat' dir='ltr'><strong>latis,</strong></span> <span class='ocrx_word' id='word_1_229' title='bbox 1008 2076 1296 2144; x_wconf 89' lang='lat' dir='ltr'><strong>omnisque</strong></span> <span class='ocrx_word' id='word_1_230' title='bbox 1320 2077 1538 2145; x_wconf 81' lang='lat' dir='ltr'><strong>generis</strong></span> <span class='ocrx_word' id='word_1_231' title='bbox 1574 2085 1771 2129; x_wconf 87' lang='lat' dir='ltr'><strong>ornatu</strong></span> <span class='ocrx_word' id='word_1_232' title='bbox 1809 2077 2025 2130; x_wconf 60' lang='lat' dir='ltr'><strong>exculta</strong></span> <span class='ocrx_word' id='word_1_233' title='bbox 2069 2075 2254 2136; x_wconf 92' lang='lat' dir='ltr'><strong>domo,</strong></span> <span class='ocrx_word' id='word_1_234' title='bbox 2295 2091 2391 2142; x_wconf 82' lang='lat' dir='ltr'><strong>pe-</strong></span> 
     </span>
    </p>
   </div>
   <div class='ocr_carea' id='block_1_40' title="bbox 821 2168 2390 2237">
    <p class='ocr_par' dir='ltr' id='par_1_40' title="bbox 821 2168 2390 2237">
     <span class='ocr_line' id='line_1_40' title="bbox 821 2168 2390 2237; baseline -0.001 -17"><span class='ocrx_word' id='word_1_235' title='bbox 821 2169 1054 2237; x_wconf 83' lang='lat' dir='ltr'><strong>regrinis</strong></span> <span class='ocrx_word' id='word_1_236' title='bbox 1080 2168 1423 2237; x_wconf 80' lang='lat' dir='ltr'><strong>excipiendis</strong></span> <span class='ocrx_word' id='word_1_237' title='bbox 1479 2169 1769 2236; x_wconf 86' lang='lat' dir='ltr'><strong>hospitalis</strong></span> <span class='ocrx_word' id='word_1_238' title='bbox 1827 2169 1935 2221; x_wconf 88' lang='lat' dir='ltr'><strong>ritu</strong></span> <span class='ocrx_word' id='word_1_239' title='bbox 1992 2184 2112 2221; x_wconf 88' lang='lat' dir='ltr'><strong>eam</strong></span> <span class='ocrx_word' id='word_1_240' title='bbox 2163 2168 2390 2228; x_wconf 78' lang='lat' dir='ltr'><strong>addixit,</strong></span> 
     </span>
    </p>
   </div>
   <div class='ocr_carea' id='block_1_41' title="bbox 819 2260 2391 2329">
    <p class='ocr_par' dir='ltr' id='par_1_41' title="bbox 819 2260 2391 2329">
     <span class='ocr_line' id='line_1_41' title="bbox 819 2260 2391 2329; baseline 0.001 -18"><span class='ocrx_word' id='word_1_241' title='bbox 819 2261 1125 2328; x_wconf 77' lang='lat' dir='ltr'><strong>apibusque</strong></span> <span class='ocrx_word' id='word_1_242' title='bbox 1156 2275 1219 2313; x_wconf 90' lang='lat' dir='ltr'><strong>ac</strong></span> <span class='ocrx_word' id='word_1_243' title='bbox 1250 2261 1514 2329; x_wconf 87' lang='lat' dir='ltr'><strong>pomeriis</strong></span> <span class='ocrx_word' id='word_1_244' title='bbox 1543 2261 1933 2328; x_wconf 82' lang='lat' dir='ltr'><strong>locupletatam</strong></span> <span class='ocrx_word' id='word_1_245' title='bbox 1969 2260 2260 2327; x_wconf 78' lang='lat' dir='ltr'><strong>TheOphili</strong></span> <span class='ocrx_word' id='word_1_246' title='bbox 2298 2276 2391 2312; x_wconf 81' lang='lat' dir='ltr'><strong>vo-</strong></span> 
     </span>
    </p>
   </div>
   <div class='ocr_carea' id='block_1_42' title="bbox 819 2353 982 2404">
    <p class='ocr_par' dir='ltr' id='par_1_42' title="bbox 819 2353 982 2404">
     <span class='ocr_line' id='line_1_42' title="bbox 819 2353 982 2404; baseline 0.006 -1"><span class='ocrx_word' id='word_1_247' title='bbox 819 2353 982 2404; x_wconf 88' lang='lat' dir='ltr'><strong>cavit.</strong></span> 
     </span>
    </p>
   </div>
   <div class='ocr_carea' id='block_1_43' title="bbox 885 2465 2390 2536">
    <p class='ocr_par' dir='ltr' id='par_1_43' title="bbox 885 2465 2390 2536">
     <span class='ocr_line' id='line_1_43' title="bbox 885 2465 2390 2536; baseline -0.003 -14"><span class='ocrx_word' id='word_1_248' title='bbox 885 2467 972 2522; x_wconf 78' lang='lat'><strong>9.7.</strong></span> <span class='ocrx_word' id='word_1_249' title='bbox 999 2465 1331 2536; x_wconf 67' lang='lat' dir='ltr'><strong>Dysenterize</strong></span> <span class='ocrx_word' id='word_1_250' title='bbox 1354 2473 1536 2520; x_wconf 89' lang='lat' dir='ltr'><strong>autem</strong></span> <span class='ocrx_word' id='word_1_251' title='bbox 1563 2465 1757 2518; x_wconf 90' lang='lat' dir='ltr'><strong>morbo</strong></span> <span class='ocrx_word' id='word_1_252' title='bbox 1783 2465 2041 2518; x_wconf 79' lang='lat' dir='ltr'><strong>laborans</strong></span> <span class='ocrx_word' id='word_1_253' title='bbox 2071 2466 2390 2534; x_wconf 86' lang='lat' dir='ltr'><strong>imperator,</strong></span> 
     </span>
    </p>
   </div>
   <div class='ocr_carea' id='block_1_44' title="bbox 818 2555 2391 2622">
    <p class='ocr_par' dir='ltr' id='par_1_44' title="bbox 818 2555 2391 2622">
     <span class='ocr_line' id='line_1_44' title="bbox 818 2555 2391 2622; baseline 0.001 -16"><span class='ocrx_word' id='word_1_254' title='bbox 818 2555 1044 2622; x_wconf 82' lang='lat' dir='ltr'><strong>ejusque</strong></span> <span class='ocrx_word' id='word_1_255' title='bbox 1073 2555 1296 2620; x_wconf 79' lang='lat' dir='ltr'><strong>gravius</strong></span> <span class='ocrx_word' id='word_1_256' title='bbox 1319 2555 1606 2607; x_wconf 87' lang='lat' dir='ltr'><strong>doloribus</strong></span> <span class='ocrx_word' id='word_1_257' title='bbox 1625 2555 1926 2616; x_wconf 83' lang='lat' dir='ltr'><strong>cruciatus,</strong></span> <span class='ocrx_word' id='word_1_258' title='bbox 1951 2555 2239 2608; x_wconf 83' lang='lat' dir='ltr'><strong>consilium</strong></span> <span class='ocrx_word' id='word_1_259' title='bbox 2269 2571 2391 2608; x_wconf 88' lang='lat' dir='ltr'><strong>cum</strong></span> 
     </span>
    </p>
   </div>
   <div class='ocr_carea' id='block_1_45' title="bbox 819 2645 2391 2716">
    <p class='ocr_par' dir='ltr' id='par_1_45' title="bbox 819 2645 2391 2716">
     <span class='ocr_line' id='line_1_45' title="bbox 819 2645 2391 2716; baseline 0 -16"><span class='ocrx_word' id='word_1_260' title='bbox 819 2647 939 2700; x_wconf 80' lang='lat' dir='ltr'><strong>Suis</strong></span> <span class='ocrx_word' id='word_1_261' title='bbox 997 2647 1308 2716; x_wconf 80' lang='lat' dir='ltr'><strong>gregalibus</strong></span> <span class='ocrx_word' id='word_1_262' title='bbox 1359 2647 1426 2699; x_wconf 91' lang='lat' dir='ltr'><strong>de</strong></span> <span class='ocrx_word' id='word_1_263' title='bbox 1473 2645 1812 2714; x_wconf 87' lang='lat' dir='ltr'><strong>Theophobo</strong></span> <span class='ocrx_word' id='word_1_264' title='bbox 1865 2647 2027 2700; x_wconf 81' lang='lat' dir='ltr'><strong>Persa</strong></span> <span class='ocrx_word' id='word_1_265' title='bbox 2081 2647 2200 2698; x_wconf 88' lang='lat' dir='ltr'><strong>init.</strong></span> <span class='ocrx_word' id='word_1_266' title='bbox 2254 2646 2391 2700; x_wconf 90' lang='lat' dir='ltr'><strong>Cum</strong></span> 
     </span>
    </p>
   </div>
   <div class='ocr_carea' id='block_1_46' title="bbox 817 2733 2394 2803">
    <p class='ocr_par' dir='ltr' id='par_1_46' title="bbox 817 2733 2394 2803">
     <span class='ocr_line' id='line_1_46' title="bbox 817 2733 2394 2803; baseline 0.001 -17"><span class='ocrx_word' id='word_1_267' title='bbox 817 2733 964 2788; x_wconf 88' lang='lat' dir='ltr'><strong>enim</strong></span> <span class='ocrx_word' id='word_1_268' title='bbox 1000 2749 1107 2786; x_wconf 93' lang='lat' dir='ltr'><strong>non</strong></span> <span class='ocrx_word' id='word_1_269' title='bbox 1141 2735 1380 2788; x_wconf 87' lang='lat' dir='ltr'><strong>nesciret</strong></span> <span class='ocrx_word' id='word_1_270' title='bbox 1405 2733 1575 2786; x_wconf 91' lang='lat' dir='ltr'><strong>multa</strong></span> <span class='ocrx_word' id='word_1_271' title='bbox 1615 2749 1741 2786; x_wconf 93' lang='lat' dir='ltr'><strong>eum</strong></span> <span class='ocrx_word' id='word_1_272' title='bbox 1767 2735 1910 2802; x_wconf 91' lang='lat' dir='ltr'><strong>apud</strong></span> <span class='ocrx_word' id='word_1_273' title='bbox 1939 2735 2149 2796; x_wconf 85' lang='lat' dir='ltr'><strong>Persas,</strong></span> <span class='ocrx_word' id='word_1_274' title='bbox 2179 2737 2310 2803; x_wconf 90' lang='lat' dir='ltr'><strong>quin</strong></span> <span class='ocrx_word' id='word_1_275' title='bbox 2339 2745 2394 2790; x_wconf 86' lang='lat' dir='ltr'><strong>et</strong></span> 
     </span>
    </p>
   </div>
   <div class='ocr_carea' id='block_1_47' title="bbox 817 2823 2394 2896">
    <p class='ocr_par' dir='ltr' id='par_1_47' title="bbox 817 2823 2394 2896">
     <span class='ocr_line' id='line_1_47' title="bbox 817 2823 2394 2896; baseline 0.003 -20"><span class='ocrx_word' id='word_1_276' title='bbox 817 2824 959 2892; x_wconf 89' lang='lat' dir='ltr'><strong>apud</strong></span> <span class='ocrx_word' id='word_1_277' title='bbox 988 2839 1274 2892; x_wconf 85' lang='lat' dir='ltr'><strong>procerum</strong></span> <span class='ocrx_word' id='word_1_278' title='bbox 1301 2839 1409 2877; x_wconf 88' lang='lat' dir='ltr'><strong>non</strong></span> <span class='ocrx_word' id='word_1_279' title='bbox 1442 2839 1666 2892; x_wconf 88' lang='lat' dir='ltr'><strong>paucos,</strong></span> <span class='ocrx_word' id='word_1_280' title='bbox 1693 2823 1901 2894; x_wconf 89' lang='lat' dir='ltr'><strong>pollere</strong></span> <span class='ocrx_word' id='word_1_281' title='bbox 1933 2824 2037 2879; x_wconf 88' lang='lat' dir='ltr'><strong>ﬁde</strong></span> <span class='ocrx_word' id='word_1_282' title='bbox 2063 2828 2236 2896; x_wconf 87' lang='lat' dir='ltr'><strong>iisque</strong></span> <span class='ocrx_word' id='word_1_283' title='bbox 2263 2829 2394 2881; x_wconf 82' lang='lat' dir='ltr'><strong>cha-</strong></span> 
     </span>
    </p>
   </div>
   <div class='ocr_carea' id='block_1_48' title="bbox 819 2917 2390 2988">
    <p class='ocr_par' dir='ltr' id='par_1_48' title="bbox 819 2917 2390 2988">
     <span class='ocr_line' id='line_1_48' title="bbox 819 2917 2390 2988; baseline 0.004 -22"><span class='ocrx_word' id='word_1_284' title='bbox 819 2917 1096 2968; x_wconf 84' lang='lat' dir='ltr'><strong>rissimum</strong></span> <span class='ocrx_word' id='word_1_285' title='bbox 1129 2931 1270 2977; x_wconf 89' lang='lat' dir='ltr'><strong>esse,</strong></span> <span class='ocrx_word' id='word_1_286' title='bbox 1312 2917 1494 2970; x_wconf 87' lang='lat' dir='ltr'><strong>timuit</strong></span> <span class='ocrx_word' id='word_1_287' title='bbox 1527 2933 1593 2969; x_wconf 89' lang='lat' dir='ltr'><strong>ne</strong></span> <span class='ocrx_word' id='word_1_288' title='bbox 1628 2918 1769 2970; x_wconf 78' lang='lat' dir='ltr'><strong>forte</strong></span> <span class='ocrx_word' id='word_1_289' title='bbox 1801 2919 1919 2987; x_wconf 87' lang='lat' dir='ltr'><strong>ipso</strong></span> <span class='ocrx_word' id='word_1_290' title='bbox 1951 2920 2087 2972; x_wconf 71' lang='lat' dir='ltr'><strong>vivis</strong></span> <span class='ocrx_word' id='word_1_291' title='bbox 2117 2930 2390 2988; x_wconf 81' lang='lat' dir='ltr'><strong>exempto,</strong></span> 
     </span>
    </p>
   </div>
   <div class='ocr_carea' id='block_1_49' title="bbox 819 3007 2393 3079">
    <p class='ocr_par' dir='ltr' id='par_1_49' title="bbox 819 3007 2393 3079">
     <span class='ocr_line' id='line_1_49' title="bbox 819 3007 2393 3079; baseline 0.006 -22"><span class='ocrx_word' id='word_1_292' title='bbox 819 3019 1003 3074; x_wconf 82' lang='lat' dir='ltr'><strong>spreto</strong></span> <span class='ocrx_word' id='word_1_293' title='bbox 1053 3007 1318 3061; x_wconf 78' lang='lat' dir='ltr'><strong>Michaele</strong></span> <span class='ocrx_word' id='word_1_294' title='bbox 1376 3008 1510 3073; x_wconf 89' lang='lat' dir='ltr'><strong>ﬁlio,</strong></span> <span class='ocrx_word' id='word_1_295' title='bbox 1563 3009 1779 3078; x_wconf 88' lang='lat' dir='ltr'><strong>imperii</strong></span> <span class='ocrx_word' id='word_1_296' title='bbox 1832 3009 2006 3064; x_wconf 84' lang='lat' dir='ltr'><strong>fasces</strong></span> <span class='ocrx_word' id='word_1_297' title='bbox 2055 3011 2393 3079; x_wconf 87' lang='lat' dir='ltr'><strong>Theophoho</strong></span> 
     </span>
    </p>
   </div>
   <div class='ocr_carea' id='block_1_50' title="bbox 2497 1987 4074 2060">
    <p class='ocr_par' dir='ltr' id='par_1_50' title="bbox 2497 1987 4074 2060">
     <span class='ocr_line' id='line_1_50' title="bbox 2497 1987 4074 2060; baseline -0.002 -20"><span class='ocrx_word' id='word_1_298' title='bbox 2497 1991 2552 2040; x_wconf 83' lang='grc' dir='ltr'><strong>ἐν</strong></span> <span class='ocrx_word' id='word_1_299' title='bbox 2576 1989 2736 2057; x_wconf 63' lang='grc' dir='ltr'>ἑτέρα</span> <span class='ocrx_word' id='word_1_300' title='bbox 2767 1992 2923 2058; x_wconf 83' lang='grc' dir='ltr'>μονῇ,</span> <span class='ocrx_word' id='word_1_301' title='bbox 2947 1991 3110 2043; x_wconf 81' lang='grc' dir='ltr'>αὐτὸν</span> <span class='ocrx_word' id='word_1_302' title='bbox 3139 1991 3194 2043; x_wconf 85' lang='grc' dir='ltr'><strong>δὲ</strong></span> <span class='ocrx_word' id='word_1_303' title='bbox 3231 1991 3419 2060; x_wconf 86' lang='grc' dir='ltr'>κόσμῳ</span> <span class='ocrx_word' id='word_1_304' title='bbox 3451 1990 3692 2058; x_wconf 80' lang='grc' dir='ltr'>παντοίῳ</span> <span class='ocrx_word' id='word_1_305' title='bbox 3722 1987 4074 2048; x_wconf 82' lang='grc' dir='ltr'>καλλωπίσας</span> 
     </span>
    </p>
   </div>
   <div class='ocr_carea' id='block_1_51' title="bbox 2499 2081 4074 2155">
    <p class='ocr_par' dir='ltr' id='par_1_51' title="bbox 2499 2081 4074 2155">
     <span class='ocr_line' id='line_1_51' title="bbox 2499 2081 4074 2155; baseline 0.002 -25"><span class='ocrx_word' id='word_1_306' title='bbox 2499 2081 2705 2143; x_wconf 78' lang='grc' dir='ltr'>ξενῶνα</span> <span class='ocrx_word' id='word_1_307' title='bbox 2743 2084 3066 2153; x_wconf 84' lang='grc' dir='ltr'>πεποίηκεν,</span> <span class='ocrx_word' id='word_1_308' title='bbox 3096 2085 3310 2147; x_wconf 76' lang='grc' dir='ltr'>ἐπιδοὺς</span> <span class='ocrx_word' id='word_1_309' title='bbox 3335 2085 3593 2155; x_wconf 83' lang='grc' dir='ltr'>χρήματα</span> <span class='ocrx_word' id='word_1_310' title='bbox 3614 2084 3709 2136; x_wconf 78' lang='grc' dir='ltr'>καὶ</span> <span class='ocrx_word' id='word_1_311' title='bbox 3741 2083 4074 2153; x_wconf 79' lang='grc' dir='ltr'>προάστεια,</span> 
     </span>
    </p>
   </div>
   <div class='ocr_carea' id='block_1_52' title="bbox 2498 2173 3364 2244">
    <p class='ocr_par' dir='ltr' id='par_1_52' title="bbox 2498 2173 3364 2244">
     <span class='ocr_line' id='line_1_52' title="bbox 2498 2173 3364 2244; baseline 0.012 -24"><span class='ocrx_word' id='word_1_312' title='bbox 2498 2176 2587 2224; x_wconf 64' lang='grc' dir='ltr'><strong>καὶ</strong></span> <span class='ocrx_word' id='word_1_313' title='bbox 2615 2173 2681 2225; x_wconf 71' lang='grc' dir='ltr'><strong>τὰ</strong></span> <span class='ocrx_word' id='word_1_314' title='bbox 2709 2173 2968 2242; x_wconf 60' lang='grc' dir='ltr'>Θεοφίλου</span> <span class='ocrx_word' id='word_1_315' title='bbox 2999 2175 3364 2244; x_wconf 76' lang='grc' dir='ltr'>ἐπονομάσας.</span> 
     </span>
    </p>
   </div>
   <div class='ocr_carea' id='block_1_53' title="bbox 2567 2463 4079 2536">
    <p class='ocr_par' dir='ltr' id='par_1_53' title="bbox 2567 2463 4079 2536">
     <span class='ocr_line' id='line_1_53' title="bbox 2567 2463 4079 2536; baseline 0 -22"><span class='ocrx_word' id='word_1_316' title='bbox 2567 2465 2669 2526; x_wconf 76' lang='grc' dir='ltr'>κζ’.</span> <span class='ocrx_word' id='word_1_317' title='bbox 2705 2465 3080 2534; x_wconf 81' lang='grc' dir='ltr'>Δυσεντερικῷ</span> <span class='ocrx_word' id='word_1_318' title='bbox 3099 2465 3154 2517; x_wconf 83' lang='grc' dir='ltr'>δὲ</span> <span class='ocrx_word' id='word_1_319' title='bbox 3189 2465 3456 2535; x_wconf 79' lang='grc' dir='ltr'>νοσήματι</span> <span class='ocrx_word' id='word_1_320' title='bbox 3493 2465 3822 2536; x_wconf 78' lang='grc' dir='ltr'>περιπαρεὶς</span> <span class='ocrx_word' id='word_1_321' title='bbox 3855 2464 3884 2516; x_wconf 83' lang='grc' dir='ltr'>ὁ</span> <span class='ocrx_word' id='word_1_322' title='bbox 3922 2463 4079 2533; x_wconf 83' lang='grc' dir='ltr'>βασι-</span> 
     </span>
    </p>
   </div>
   <div class='ocr_carea' id='block_1_54' title="bbox 2495 2555 4077 2628">
    <p class='ocr_par' dir='ltr' id='par_1_54' title="bbox 2495 2555 4077 2628">
     <span class='ocr_line' id='line_1_54' title="bbox 2495 2555 4077 2628; baseline 0 -21"><span class='ocrx_word' id='word_1_323' title='bbox 2495 2555 2618 2618; x_wconf 79' lang='grc' dir='ltr'>λεὺς</span> <span class='ocrx_word' id='word_1_324' title='bbox 2653 2557 2848 2626; x_wconf 79' lang='grc' dir='ltr'>βουλὴν</span> <span class='ocrx_word' id='word_1_325' title='bbox 2881 2556 3192 2626; x_wconf 81' lang='grc' dir='ltr'>βουλεύεται</span> <span class='ocrx_word' id='word_1_326' title='bbox 3235 2559 3374 2625; x_wconf 80' lang='grc' dir='ltr'><strong>μετά</strong></span> <span class='ocrx_word' id='word_1_327' title='bbox 3404 2559 3513 2610; x_wconf 82' lang='grc' dir='ltr'><strong>τῶν</strong></span> <span class='ocrx_word' id='word_1_328' title='bbox 3548 2559 3871 2628; x_wconf 81' lang='grc' dir='ltr'>όμοφρόνων</span> <span class='ocrx_word' id='word_1_329' title='bbox 3910 2555 4077 2608; x_wconf 67' lang='grc' dir='ltr'>αὐτοῦ</span> 
     </span>
    </p>
   </div>
   <div class='ocr_carea' id='block_1_55' title="bbox 2499 2645 4082 2719">
    <p class='ocr_par' dir='ltr' id='par_1_55' title="bbox 2499 2645 4082 2719">
     <span class='ocr_line' id='line_1_55' title="bbox 2499 2645 4082 2719; baseline -0.001 -20"><span class='ocrx_word' id='word_1_330' title='bbox 2499 2649 2624 2716; x_wconf 77' lang='grc' dir='ltr'>περὶ</span> <span class='ocrx_word' id='word_1_331' title='bbox 2665 2650 2936 2716; x_wconf 78' lang='grc' dir='ltr'>Θεοφόὸου</span> <span class='ocrx_word' id='word_1_332' title='bbox 2970 2649 3064 2702; x_wconf 82' lang='grc' dir='ltr'>τοῦ</span> <span class='ocrx_word' id='word_1_333' title='bbox 3110 2650 3346 2719; x_wconf 87' lang='grc' dir='ltr'>Πέρσου.</span> <span class='ocrx_word' id='word_1_334' title='bbox 3406 2648 3576 2710; x_wconf 84' lang='grc' dir='ltr'><strong>Εἰδὼς</strong></span> <span class='ocrx_word' id='word_1_335' title='bbox 3607 2649 3726 2717; x_wconf 76' lang='grc' dir='ltr'>’γὰρ</span> <span class='ocrx_word' id='word_1_336' title='bbox 3751 2650 3834 2699; x_wconf 76' lang='grc' dir='ltr'>ὅτι</span> <span class='ocrx_word' id='word_1_337' title='bbox 3870 2645 4082 2714; x_wconf 69' lang='grc' dir='ltr'>πολλὴν</span> 
     </span>
    </p>
   </div>
   <div class='ocr_carea' id='block_1_56' title="bbox 2496 2738 4082 2808">
    <p class='ocr_par' dir='ltr' id='par_1_56' title="bbox 2496 2738 4082 2808">
     <span class='ocr_line' id='line_1_56' title="bbox 2496 2738 4082 2808; baseline -0.001 -21"><span class='ocrx_word' id='word_1_338' title='bbox 2496 2739 2676 2788; x_wconf 82' lang='grc' dir='ltr'>πίστιν</span> <span class='ocrx_word' id='word_1_339' title='bbox 2712 2741 2806 2790; x_wconf 71' lang='grc' dir='ltr'><strong>καὶ</strong></span> <span class='ocrx_word' id='word_1_340' title='bbox 2849 2740 3069 2807; x_wconf 76' lang='grc' dir='ltr'>ἀγάπην</span> <span class='ocrx_word' id='word_1_341' title='bbox 3112 2740 3325 2808; x_wconf 64' lang='grc' dir='ltr'>ἔχουσιν</span> <span class='ocrx_word' id='word_1_342' title='bbox 3354 2739 3433 2800; x_wconf 78' lang='grc' dir='ltr'><strong>είς</strong></span> <span class='ocrx_word' id='word_1_343' title='bbox 3458 2739 3620 2791; x_wconf 84' lang='grc' dir='ltr'>αὐτὸν</span> <span class='ocrx_word' id='word_1_344' title='bbox 3651 2740 3704 2789; x_wconf 74' lang='grc' dir='ltr'>οἱ</span> <span class='ocrx_word' id='word_1_345' title='bbox 3743 2739 3959 2804; x_wconf 85' lang='grc' dir='ltr'>Πέρσαι</span> <span class='ocrx_word' id='word_1_346' title='bbox 3986 2738 4082 2786; x_wconf 74' lang='grc' dir='ltr'><strong>καὶ</strong></span> 
     </span>
    </p>
   </div>
   <div class='ocr_carea' id='block_1_57' title="bbox 2495 2825 4081 2901">
    <p class='ocr_par' dir='ltr' id='par_1_57' title="bbox 2495 2825 4081 2901">
     <span class='ocr_line' id='line_1_57' title="bbox 2495 2825 4081 2901; baseline -0.003 -21"><span class='ocrx_word' id='word_1_347' title='bbox 2495 2829 2560 2880; x_wconf 91' lang='grc' dir='ltr'><strong>ἐκ</strong></span> <span class='ocrx_word' id='word_1_348' title='bbox 2590 2830 2696 2881; x_wconf 83' lang='grc' dir='ltr'><strong>τῶν</strong></span> <span class='ocrx_word' id='word_1_349' title='bbox 2727 2833 2783 2882; x_wconf 86' lang='grc' dir='ltr'><strong>ἐν</strong></span> <span class='ocrx_word' id='word_1_350' title='bbox 2819 2831 2964 2883; x_wconf 81' lang='grc' dir='ltr'>τέλει</span> <span class='ocrx_word' id='word_1_351' title='bbox 3007 2831 3106 2884; x_wconf 80' lang='grc' dir='ltr'><strong>οὐκ</strong></span> <span class='ocrx_word' id='word_1_352' title='bbox 3135 2832 3330 2898; x_wconf 79' lang='grc' dir='ltr'>ὀλίγοι,</span> <span class='ocrx_word' id='word_1_353' title='bbox 3368 2830 3610 2901; x_wconf 72' lang='grc' dir='ltr'>ἐφοῆἡθη</span> <span class='ocrx_word' id='word_1_354' title='bbox 3643 2831 3713 2898; x_wconf 87' lang='grc' dir='ltr'>μή</span> <span class='ocrx_word' id='word_1_355' title='bbox 3747 2846 3867 2890; x_wconf 86' lang='grc' dir='ltr'><strong>πως</strong></span> <span class='ocrx_word' id='word_1_356' title='bbox 3907 2825 4081 2879; x_wconf 76' lang='grc' dir='ltr'>αὑτοῦ</span> 
     </span>
    </p>
   </div>
   <div class='ocr_carea' id='block_1_58' title="bbox 2495 2917 4085 2990">
    <p class='ocr_par' dir='ltr' id='par_1_58' title="bbox 2495 2917 4085 2990">
     <span class='ocr_line' id='line_1_58' title="bbox 2495 2917 4085 2990; baseline -0.004 -18"><span class='ocrx_word' id='word_1_357' title='bbox 2495 2920 2915 2990; x_wconf 77' lang='grc' dir='ltr'>τελευτήσαντος</span> <span class='ocrx_word' id='word_1_358' title='bbox 2946 2922 3107 2974; x_wconf 78' lang='grc' dir='ltr'>αὐτὸν</span> <span class='ocrx_word' id='word_1_359' title='bbox 3133 2923 3516 2989; x_wconf 84' lang='grc' dir='ltr'>καταστήσωσι</span> <span class='ocrx_word' id='word_1_360' title='bbox 3557 2921 3803 2990; x_wconf 83' lang='grc' dir='ltr'>βασιλέα,</span> <span class='ocrx_word' id='word_1_361' title='bbox 3842 2920 3936 2969; x_wconf 75' lang='grc' dir='ltr'><strong>τὸν</strong></span> <span class='ocrx_word' id='word_1_362' title='bbox 3966 2917 4085 2969; x_wconf 62' lang='lat' dir='ltr'><strong>tale</strong></span> 
     </span>
    </p>
   </div>
   <div class='ocr_carea' id='block_1_59' title="bbox 2496 3009 4084 3082">
    <p class='ocr_par' dir='ltr' id='par_1_59' title="bbox 2496 3009 4084 3082">
     <span class='ocr_line' id='line_1_59' title="bbox 2496 3009 4084 3082; baseline -0.004 -20"><span class='ocrx_word' id='word_1_363' title='bbox 2496 3011 2662 3063; x_wconf 76' lang='grc' dir='ltr'>αὐτοῦ</span> <span class='ocrx_word' id='word_1_364' title='bbox 2698 3012 2915 3082; x_wconf 75' lang='grc' dir='ltr'>Μιχαὴλ</span> <span class='ocrx_word' id='word_1_365' title='bbox 2954 3013 3345 3081; x_wconf 80' lang='grc' dir='ltr'>ἀπωσάμενοι·</span> <span class='ocrx_word' id='word_1_366' title='bbox 3386 3012 3478 3064; x_wconf 75' lang='grc' dir='ltr'>καὶ</span> <span class='ocrx_word' id='word_1_367' title='bbox 3509 3009 3836 3071; x_wconf 82' lang='grc' dir='ltr'>ἀποστείλας</span> <span class='ocrx_word' id='word_1_368' title='bbox 3861 3009 4084 3076; x_wconf 75' lang='grc' dir='ltr'>ἢγαγεν</span> 
     </span>
    </p>
   </div>
   <div class='ocr_carea' id='block_1_60' title="bbox 821 3097 2393 3177">
    <p class='ocr_par' dir='ltr' id='par_1_60' title="bbox 821 3098 2382 3170">
     <span class='ocr_line' id='line_1_60' title="bbox 821 3098 2382 3170; baseline 0.006 -20"><span class='ocrx_word' id='word_1_369' title='bbox 821 3098 1119 3154; x_wconf 78' lang='lat' dir='ltr'><strong>deferrent.</strong></span> <span class='ocrx_word' id='word_1_370' title='bbox 1177 3100 1398 3153; x_wconf 83' lang='lat' dir='ltr'><strong>Mittens</strong></span> <span class='ocrx_word' id='word_1_371' title='bbox 1447 3101 1631 3168; x_wconf 88' lang='lat' dir='ltr'><strong>itaque</strong></span> <span class='ocrx_word' id='word_1_372' title='bbox 1685 3101 1738 3154; x_wconf 89' lang='lat' dir='ltr'><strong>in</strong></span> <span class='ocrx_word' id='word_1_373' title='bbox 1789 3103 2048 3170; x_wconf 84' lang='lat' dir='ltr'><strong>palatium</strong></span> <span class='ocrx_word' id='word_1_374' title='bbox 2085 3104 2382 3160; x_wconf 88' lang='lat' dir='ltr'><strong>adductum</strong></span> 
     </span>
    </p>
   </div>
   <div class='ocr_carea' id='block_1_61' title="bbox 2497 3097 4086 3177">
    <p class='ocr_par' dir='ltr' id='par_1_61' title="bbox 2497 3097 4086 3172">
     <span class='ocr_line' id='line_1_61' title="bbox 2497 3097 4086 3172; baseline -0.004 -17"><span class='ocrx_word' id='word_1_375' title='bbox 2497 3101 2654 3155; x_wconf 82' lang='grc' dir='ltr'>αὑτὸν</span> <span class='ocrx_word' id='word_1_376' title='bbox 2690 3105 2748 3156; x_wconf 80' lang='grc' dir='ltr'><strong>ἐν</strong></span> <span class='ocrx_word' id='word_1_377' title='bbox 2787 3102 2864 3172; x_wconf 83' lang='grc' dir='ltr'>τῷ</span> <span class='ocrx_word' id='word_1_378' title='bbox 2909 3103 3156 3171; x_wconf 80' lang='grc' dir='ltr'>παλατίῳ</span> <span class='ocrx_word' id='word_1_379' title='bbox 3202 3103 3299 3154; x_wconf 80' lang='grc' dir='ltr'>καὶ</span> <span class='ocrx_word' id='word_1_380' title='bbox 3341 3103 3399 3154; x_wconf 90' lang='grc' dir='ltr'><strong>ἐν</strong></span> <span class='ocrx_word' id='word_1_381' title='bbox 3451 3101 3683 3172; x_wconf 84' lang='grc' dir='ltr'>τηρήσει</span> <span class='ocrx_word' id='word_1_382' title='bbox 3711 3098 3886 3168; x_wconf 83' lang='grc' dir='ltr'>εἶχεν.</span> <span class='ocrx_word' id='word_1_383' title='bbox 3947 3097 4086 3151; x_wconf 76' lang='grc' dir='ltr'>Εἶτα</span> 
     </span>
    </p>
   </div>
   <div class='ocr_carea' id='block_1_62' title="bbox 818 3191 2390 3262">
    <p class='ocr_par' dir='ltr' id='par_1_62' title="bbox 818 3191 2390 3262">
     <span class='ocr_line' id='line_1_62' title="bbox 818 3191 2390 3262; baseline 0.004 -20"><span class='ocrx_word' id='word_1_384' title='bbox 818 3205 944 3242; x_wconf 89' lang='lat' dir='ltr'><strong>eum</strong></span> <span class='ocrx_word' id='word_1_385' title='bbox 985 3191 1088 3245; x_wconf 87' lang='lat' dir='ltr'><strong>sub</strong></span> <span class='ocrx_word' id='word_1_386' title='bbox 1121 3191 1367 3245; x_wconf 87' lang='lat' dir='ltr'><strong>custodia</strong></span> <span class='ocrx_word' id='word_1_387' title='bbox 1412 3191 1668 3244; x_wconf 87' lang='lat' dir='ltr'><strong>habebat.</strong></span> <span class='ocrx_word' id='word_1_388' title='bbox 1729 3192 1937 3246; x_wconf 82' lang='lat' dir='ltr'><strong>Exinde</strong></span> <span class='ocrx_word' id='word_1_389' title='bbox 1979 3193 2390 3262; x_wconf 81' lang='lat' dir='ltr'><strong>ingravescente</strong></span> 
     </span>
    </p>
   </div>
   <div class='ocr_carea' id='block_1_63' title="bbox 823 3282 2394 3355">
    <p class='ocr_par' dir='ltr' id='par_1_63' title="bbox 823 3282 2394 3355">
     <span class='ocr_line' id='line_1_63' title="bbox 823 3282 2394 3355; baseline 0.004 -22"><span class='ocrx_word' id='word_1_390' title='bbox 823 3282 1018 3336; x_wconf 90' lang='lat' dir='ltr'><strong>morbo</strong></span> <span class='ocrx_word' id='word_1_391' title='bbox 1047 3283 1297 3336; x_wconf 89' lang='lat' dir='ltr'><strong>cervices</strong></span> <span class='ocrx_word' id='word_1_392' title='bbox 1332 3283 1411 3336; x_wconf 92' lang='lat' dir='ltr'><strong>illi</strong></span> <span class='ocrx_word' id='word_1_393' title='bbox 1447 3284 1694 3337; x_wconf 87' lang='lat' dir='ltr'><strong>abscindi</strong></span> <span class='ocrx_word' id='word_1_394' title='bbox 1724 3286 1902 3354; x_wconf 86' lang='lat' dir='ltr'><strong>jubet.</strong></span> <span class='ocrx_word' id='word_1_395' title='bbox 1954 3286 2269 3355; x_wconf 81' lang='lat' dir='ltr'><strong>Vidensquc</strong></span> <span class='ocrx_word' id='word_1_396' title='bbox 2300 3305 2394 3340; x_wconf 81' lang='lat' dir='ltr'><strong>ex-</strong></span> 
     </span>
    </p>
   </div>
   <div class='ocr_carea' id='block_1_64' title="bbox 819 3373 2391 3445">
    <p class='ocr_par' dir='ltr' id='par_1_64' title="bbox 819 3373 2391 3445">
     <span class='ocr_line' id='line_1_64' title="bbox 819 3373 2391 3445; baseline 0.004 -21"><span class='ocrx_word' id='word_1_397' title='bbox 819 3382 1028 3425; x_wconf 86' lang='lat' dir='ltr'><strong>sectum</strong></span> <span class='ocrx_word' id='word_1_398' title='bbox 1062 3385 1246 3441; x_wconf 88' lang='lat' dir='ltr'><strong>caput,</strong></span> <span class='ocrx_word' id='word_1_399' title='bbox 1305 3373 1450 3438; x_wconf 76' lang='lat' dir='ltr'><strong>lam,</strong></span> <span class='ocrx_word' id='word_1_400' title='bbox 1486 3375 1686 3443; x_wconf 89' lang='lat' dir='ltr'><strong>inquit,</strong></span> <span class='ocrx_word' id='word_1_401' title='bbox 1723 3376 2043 3445; x_wconf 78' lang='lat' dir='ltr'><strong>Theophobe,</strong></span> <span class='ocrx_word' id='word_1_402' title='bbox 2087 3387 2197 3429; x_wconf 82' lang='lat' dir='ltr'><strong>tum</strong></span> <span class='ocrx_word' id='word_1_403' title='bbox 2243 3388 2295 3430; x_wconf 76' lang='lat' dir='ltr'><strong>tu</strong></span> <span class='ocrx_word' id='word_1_404' title='bbox 2338 3381 2391 3431; x_wconf 82' lang='lat' dir='ltr'><strong>in</strong></span> 
     </span>
    </p>
   </div>
   <div class='ocr_carea' id='block_1_65' title="bbox 817 3463 2391 3535">
    <p class='ocr_par' dir='ltr' id='par_1_65' title="bbox 817 3463 2391 3535">
     <span class='ocr_line' id='line_1_65' title="bbox 817 3463 2391 3535; baseline 0.006 -22"><span class='ocrx_word' id='word_1_405' title='bbox 817 3463 942 3515; x_wconf 69' lang='lat' dir='ltr'><strong>vivis</strong></span> <span class='ocrx_word' id='word_1_406' title='bbox 969 3479 1077 3516; x_wconf 76' lang='lat' dir='ltr'><strong>esse</strong></span> <span class='ocrx_word' id='word_1_407' title='bbox 1115 3466 1336 3528; x_wconf 71' lang='lat' dir='ltr'><strong>desiisti,</strong></span> <span class='ocrx_word' id='word_1_408' title='bbox 1382 3475 1491 3518; x_wconf 85' lang='lat' dir='ltr'><strong>tum</strong></span> <span class='ocrx_word' id='word_1_409' title='bbox 1523 3483 1616 3535; x_wconf 88' lang='lat' dir='ltr'><strong>ego</strong></span> <span class='ocrx_word' id='word_1_410' title='bbox 1641 3469 1780 3520; x_wconf 82' lang='lat' dir='ltr'><strong>curis</strong></span> <span class='ocrx_word' id='word_1_411' title='bbox 1810 3468 2012 3521; x_wconf 82' lang='lat' dir='ltr'><strong>solutus</strong></span> <span class='ocrx_word' id='word_1_412' title='bbox 2051 3486 2202 3533; x_wconf 80' lang='lat' dir='ltr'><strong>sum;</strong></span> <span class='ocrx_word' id='word_1_413' title='bbox 2242 3470 2391 3524; x_wconf 91' lang='lat' dir='ltr'><strong>diro-</strong></span> 
     </span>
    </p>
   </div>
   <div class='ocr_carea' id='block_1_66' title="bbox 817 3556 2392 3630">
    <p class='ocr_par' dir='ltr' id='par_1_66' title="bbox 817 3556 2392 3630">
     <span class='ocr_line' id='line_1_66' title="bbox 817 3556 2392 3630; baseline 0.006 -25"><span class='ocrx_word' id='word_1_414' title='bbox 817 3569 924 3622; x_wconf 88' lang='lat' dir='ltr'><strong>que</strong></span> <span class='ocrx_word' id='word_1_415' title='bbox 952 3569 1076 3607; x_wconf 80' lang='lat' dir='ltr'><strong>mox</strong></span> <span class='ocrx_word' id='word_1_416' title='bbox 1109 3556 1359 3608; x_wconf 88' lang='lat' dir='ltr'><strong>cruciatu</strong></span> <span class='ocrx_word' id='word_1_417' title='bbox 1391 3557 1532 3610; x_wconf 86' lang='lat' dir='ltr'><strong>male</strong></span> <span class='ocrx_word' id='word_1_418' title='bbox 1565 3559 1818 3626; x_wconf 87' lang='lat' dir='ltr'><strong>spiritum</strong></span> <span class='ocrx_word' id='word_1_419' title='bbox 1869 3561 2106 3628; x_wconf 85' lang='lat' dir='ltr'><strong>abrupit.</strong></span> <span class='ocrx_word' id='word_1_420' title='bbox 2168 3561 2298 3630; x_wconf 85' lang='lat' dir='ltr'><strong>Ejus</strong></span> <span class='ocrx_word' id='word_1_421' title='bbox 2336 3563 2392 3614; x_wconf 91' lang='lat' dir='ltr'><strong>in</strong></span> 
     </span>
    </p>
   </div>
   <div class='ocr_carea' id='block_1_67' title="bbox 818 3642 2394 3714">
    <p class='ocr_par' dir='ltr' id='par_1_67' title="bbox 818 3642 2394 3714">
     <span class='ocr_line' id='line_1_67' title="bbox 818 3642 2394 3714; baseline 0.003 -19"><span class='ocrx_word' id='word_1_422' title='bbox 818 3642 916 3695; x_wconf 71' lang='lat' dir='ltr'><strong>SS.</strong></span> <span class='ocrx_word' id='word_1_423' title='bbox 950 3642 1334 3710; x_wconf 80' lang='lat' dir='ltr'><strong>Apostolorum</strong></span> <span class='ocrx_word' id='word_1_424' title='bbox 1366 3644 1569 3698; x_wconf 89' lang='lat' dir='ltr'><strong>elatum</strong></span> <span class='ocrx_word' id='word_1_425' title='bbox 1604 3645 1788 3709; x_wconf 80' lang='lat' dir='ltr'><strong>funus,</strong></span> <span class='ocrx_word' id='word_1_426' title='bbox 1828 3645 2152 3714; x_wconf 81' lang='lat' dir='ltr'><strong>TheOphobi</strong></span> <span class='ocrx_word' id='word_1_427' title='bbox 2181 3645 2234 3698; x_wconf 93' lang='lat' dir='ltr'><strong>in</strong></span> <span class='ocrx_word' id='word_1_428' title='bbox 2275 3646 2394 3714; x_wconf 88' lang='lat' dir='ltr'><strong>ejus</strong></span> 
     </span>
    </p>
   </div>
   <div class='ocr_carea' id='block_1_68' title="bbox 818 3734 2394 3804">
    <p class='ocr_par' dir='ltr' id='par_1_68' title="bbox 818 3734 2394 3804">
     <span class='ocr_line' id='line_1_68' title="bbox 818 3734 2394 3804; baseline 0.003 -18"><span class='ocrx_word' id='word_1_429' title='bbox 818 3734 1039 3787; x_wconf 87' lang='lat' dir='ltr'><strong>domum</strong></span> <span class='ocrx_word' id='word_1_430' title='bbox 1085 3750 1256 3804; x_wconf 89' lang='lat' dir='ltr'><strong>prope</strong></span> <span class='ocrx_word' id='word_1_431' title='bbox 1315 3735 1566 3790; x_wconf 87' lang='lat' dir='ltr'><strong>Narsetis</strong></span> <span class='ocrx_word' id='word_1_432' title='bbox 1619 3738 1785 3790; x_wconf 66' lang='lat' dir='ltr'><strong>aedes.</strong></span> <span class='ocrx_word' id='word_1_433' title='bbox 1849 3738 1995 3790; x_wconf 88' lang='lat' dir='ltr'><strong>Inter</strong></span> <span class='ocrx_word' id='word_1_434' title='bbox 2048 3738 2165 3791; x_wconf 67' lang='lat' dir='ltr'><strong>haac</strong></span> <span class='ocrx_word' id='word_1_435' title='bbox 2212 3737 2394 3790; x_wconf 83' lang='lat' dir='ltr'><strong>Persis</strong></span> 
     </span>
    </p>
   </div>
   <div class='ocr_carea' id='block_1_69' title="bbox 817 3825 2393 3896">
    <p class='ocr_par' dir='ltr' id='par_1_69' title="bbox 817 3825 2393 3896">
     <span class='ocr_line' id='line_1_69' title="bbox 817 3825 2393 3896; baseline 0.002 -19"><span class='ocrx_word' id='word_1_436' title='bbox 817 3825 1245 3892; x_wconf 77' lang='lat' dir='ltr'><strong>exquirentibus</strong></span> <span class='ocrx_word' id='word_1_437' title='bbox 1297 3825 1697 3892; x_wconf 85' lang='lat' dir='ltr'><strong>&#39;I‘heOphobum</strong></span> <span class='ocrx_word' id='word_1_438' title='bbox 1729 3867 1744 3891; x_wconf 95' lang='lat'><strong>,</strong></span> <span class='ocrx_word' id='word_1_439' title='bbox 1788 3827 1921 3895; x_wconf 90' lang='lat' dir='ltr'><strong>quid</strong></span> <span class='ocrx_word' id='word_1_440' title='bbox 1960 3827 2150 3896; x_wconf 89' lang='lat' dir='ltr'><strong>utique</strong></span> <span class='ocrx_word' id='word_1_441' title='bbox 2191 3827 2285 3879; x_wconf 88' lang='lat' dir='ltr'><strong>illo</strong></span> <span class='ocrx_word' id='word_1_442' title='bbox 2313 3827 2393 3880; x_wconf 81' lang='lat' dir='ltr'><strong>Ia-</strong></span> 
     </span>
    </p>
   </div>
   <div class='ocr_carea' id='block_1_70' title="bbox 817 3918 2395 3986">
    <p class='ocr_par' dir='ltr' id='par_1_70' title="bbox 817 3918 2395 3986">
     <span class='ocr_line' id='line_1_70' title="bbox 817 3918 2395 3986; baseline 0.002 -16"><span class='ocrx_word' id='word_1_443' title='bbox 817 3927 966 3970; x_wconf 80' lang='lat' dir='ltr'><strong>ctum</strong></span> <span class='ocrx_word' id='word_1_444' title='bbox 1002 3925 1170 3979; x_wconf 90' lang='lat' dir='ltr'><strong>esset,</strong></span> <span class='ocrx_word' id='word_1_445' title='bbox 1225 3920 1410 3971; x_wconf 84' lang='lat' dir='ltr'><strong>vivere</strong></span> <span class='ocrx_word' id='word_1_446' title='bbox 1455 3932 1581 3970; x_wconf 87' lang='lat' dir='ltr'><strong>eum</strong></span> <span class='ocrx_word' id='word_1_447' title='bbox 1615 3919 1669 3970; x_wconf 90' lang='lat' dir='ltr'><strong>in</strong></span> <span class='ocrx_word' id='word_1_448' title='bbox 1711 3919 1913 3986; x_wconf 88' lang='lat' dir='ltr'><strong>palatio</strong></span> <span class='ocrx_word' id='word_1_449' title='bbox 1950 3918 2113 3972; x_wconf 87' lang='lat' dir='ltr'><strong>aulici</strong></span> <span class='ocrx_word' id='word_1_450' title='bbox 2145 3933 2395 3973; x_wconf 89' lang='lat' dir='ltr'><strong>asserue-</strong></span> 
     </span>
    </p>
   </div>
   <div class='ocr_carea' id='block_1_71' title="bbox 818 4007 2392 4080">
    <p class='ocr_par' dir='ltr' id='par_1_71' title="bbox 818 4007 2392 4080">
     <span class='ocr_line' id='line_1_71' title="bbox 818 4007 2392 4080; baseline 0.003 -20"><span class='ocrx_word' id='word_1_451' title='bbox 818 4015 968 4061; x_wconf 89' lang='lat' dir='ltr'><strong>runt.</strong></span> <span class='ocrx_word' id='word_1_452' title='bbox 1033 4007 1198 4079; x_wconf 71' lang='grc'><strong>647</strong></span> <span class='ocrx_word' id='word_1_453' title='bbox 1249 4007 1572 4063; x_wconf 87' lang='lat' dir='ltr'><strong>Percrebuit</strong></span> <span class='ocrx_word' id='word_1_454' title='bbox 1622 4008 1892 4062; x_wconf 88' lang='lat' dir='ltr'><strong>hactenus</strong></span> <span class='ocrx_word' id='word_1_455' title='bbox 1954 4024 2017 4064; x_wconf 91' lang='lat' dir='ltr'><strong>ea</strong></span> <span class='ocrx_word' id='word_1_456' title='bbox 2063 4009 2203 4063; x_wconf 82' lang='lat' dir='ltr'><strong>fama</strong></span> <span class='ocrx_word' id='word_1_457' title='bbox 2247 4010 2392 4080; x_wconf 89' lang='lat' dir='ltr'><strong>apud</strong></span> 
     </span>
    </p>
   </div>
   <div class='ocr_carea' id='block_1_72' title="bbox 820 4097 2396 4170">
    <p class='ocr_par' dir='ltr' id='par_1_72' title="bbox 820 4097 2396 4170">
     <span class='ocr_line' id='line_1_72' title="bbox 820 4097 2396 4170; baseline 0.002 -19"><span class='ocrx_word' id='word_1_458' title='bbox 820 4097 1036 4162; x_wconf 88' lang='lat' dir='ltr'><strong>Persas,</strong></span> <span class='ocrx_word' id='word_1_459' title='bbox 1097 4098 1498 4166; x_wconf 86' lang='lat' dir='ltr'><strong>Theophobum</strong></span> <span class='ocrx_word' id='word_1_460' title='bbox 1544 4098 1966 4167; x_wconf 81' lang='lat' dir='ltr'><strong>haudquaquam</strong></span> <span class='ocrx_word' id='word_1_461' title='bbox 2027 4110 2261 4154; x_wconf 89' lang='lat' dir='ltr'><strong>mortem</strong></span> <span class='ocrx_word' id='word_1_462' title='bbox 2298 4116 2396 4170; x_wconf 88' lang='lat' dir='ltr'><strong>gu-</strong></span> 
     </span>
    </p>
   </div>
   <div class='ocr_carea' id='block_1_73' title="bbox 819 4196 1014 4244">
    <p class='ocr_par' dir='ltr' id='par_1_73' title="bbox 819 4196 1014 4244">
     <span class='ocr_line' id='line_1_73' title="bbox 819 4196 1014 4244; baseline -0.005 -2"><span class='ocrx_word' id='word_1_463' title='bbox 819 4196 992 4244; x_wconf 85' lang='lat' dir='ltr'><strong>stasse</strong></span> <span class='ocrx_word' id='word_1_464' title='bbox 1001 4229 1014 4241; x_wconf 92' lang='lat'><strong>.</strong></span> 
     </span>
    </p>
   </div>
   <div class='ocr_carea' id='block_1_74' title="bbox 951 4323 2272 4392">
    <p class='ocr_par' dir='ltr' id='par_1_74' title="bbox 951 4323 2272 4392">
     <span class='ocr_line' id='line_1_74' title="bbox 951 4323 2272 4392; baseline 0.002 -16"><span class='ocrx_word' id='word_1_465' title='bbox 951 4323 1319 4377; x_wconf 75' lang='lat' dir='ltr'><strong>Romanorum</strong></span> <span class='ocrx_word' id='word_1_466' title='bbox 1344 4324 1636 4392; x_wconf 74' lang='lat' dir='ltr'><strong>imperator</strong></span> <span class='ocrx_word' id='word_1_467' title='bbox 1659 4323 1884 4377; x_wconf 72' lang='lat' dir='ltr'><strong>Michael</strong></span> <span class='ocrx_word' id='word_1_468' title='bbox 1913 4333 1961 4377; x_wconf 82' lang='lat' dir='ltr'><strong>et</strong></span> <span class='ocrx_word' id='word_1_469' title='bbox 1987 4324 2272 4379; x_wconf 76' lang='lat' dir='ltr'><strong>Theodoro.</strong></span> 
     </span>
    </p>
   </div>
   <div class='ocr_carea' id='block_1_75' title="bbox 893 4460 2472 4531">
    <p class='ocr_par' dir='ltr' id='par_1_75' title="bbox 893 4460 2472 4531">
     <span class='ocr_line' id='line_1_75' title="bbox 893 4460 2472 4531; baseline -0.001 -12"><span class='ocrx_word' id='word_1_470' title='bbox 893 4463 944 4520; x_wconf 71' lang='lat' dir='ltr'><strong>l.</strong></span> <span class='ocrx_word' id='word_1_471' title='bbox 988 4461 1178 4517; x_wconf 70' lang='lat' dir='ltr'><strong>Mundi</strong></span> <span class='ocrx_word' id='word_1_472' title='bbox 1209 4477 1388 4517; x_wconf 85' lang='lat' dir='ltr'><strong>annus</strong></span> <span class='ocrx_word' id='word_1_473' title='bbox 1419 4460 1582 4524; x_wconf 76' lang='lat'><strong>6335,</strong></span> <span class='ocrx_word' id='word_1_474' title='bbox 1609 4461 1810 4516; x_wconf 60' lang='lat' dir='ltr'><strong>divina</strong></span> <span class='ocrx_word' id='word_1_475' title='bbox 1843 4463 2238 4517; x_wconf 85' lang='lat' dir='ltr'><strong>incarnationis</strong></span> <span class='ocrx_word' id='word_1_476' title='bbox 2267 4463 2389 4528; x_wconf 79' lang='lat'><strong>855,</strong></span> <span class='ocrx_word' id='word_1_477' title='bbox 2426 4475 2472 4531; x_wconf 79' lang='grc' dir='ltr'><strong>ι)</strong></span> 
     </span>
    </p>
   </div>
   <div class='ocr_carea' id='block_1_76' title="bbox 819 4552 2392 4622">
    <p class='ocr_par' dir='ltr' id='par_1_76' title="bbox 819 4552 2392 4622">
     <span class='ocr_line' id='line_1_76' title="bbox 819 4552 2392 4622; baseline -0.001 -12"><span class='ocrx_word' id='word_1_478' title='bbox 819 4557 1188 4611; x_wconf 81' lang='lat' dir='ltr'><strong>Romanorum</strong></span> <span class='ocrx_word' id='word_1_479' title='bbox 1224 4553 1526 4622; x_wconf 87' lang='lat' dir='ltr'><strong>imperator</strong></span> <span class='ocrx_word' id='word_1_480' title='bbox 1560 4552 1790 4606; x_wconf 81' lang='lat' dir='ltr'><strong>Michael</strong></span> <span class='ocrx_word' id='word_1_481' title='bbox 1816 4563 1872 4606; x_wconf 91' lang='lat' dir='ltr'><strong>et</strong></span> <span class='ocrx_word' id='word_1_482' title='bbox 1900 4552 2188 4608; x_wconf 85' lang='lat' dir='ltr'><strong>Theodora</strong></span> <span class='ocrx_word' id='word_1_483' title='bbox 2218 4569 2392 4608; x_wconf 87' lang='lat' dir='ltr'><strong>annos</strong></span> 
     </span>
    </p>
   </div>
   <div class='ocr_carea' id='block_1_77' title="bbox 819 4643 2390 4715">
    <p class='ocr_par' dir='ltr' id='par_1_77' title="bbox 819 4643 2390 4715">
     <span class='ocr_line' id='line_1_77' title="bbox 819 4643 2390 4715; baseline 0.001 -17"><span class='ocrx_word' id='word_1_484' title='bbox 819 4648 907 4709; x_wconf 76' lang='grc' dir='ltr'>Η,</span> <span class='ocrx_word' id='word_1_485' title='bbox 946 4643 1179 4698; x_wconf 71' lang='lat' dir='ltr'><strong>Michael</strong></span> <span class='ocrx_word' id='word_1_486' title='bbox 1218 4644 1372 4699; x_wconf 82' lang='lat' dir='ltr'><strong>solus</strong></span> <span class='ocrx_word' id='word_1_487' title='bbox 1401 4659 1578 4700; x_wconf 89' lang='lat' dir='ltr'><strong>annos</strong></span> <span class='ocrx_word' id='word_1_488' title='bbox 1606 4643 1690 4706; x_wconf 83' lang='lat' dir='ltr'><strong>I0,</strong></span> <span class='ocrx_word' id='word_1_489' title='bbox 1725 4643 1926 4698; x_wconf 88' lang='lat' dir='ltr'><strong>Basilio</strong></span> <span class='ocrx_word' id='word_1_490' title='bbox 1951 4645 2160 4715; x_wconf 79' lang='lat' dir='ltr'><strong>collega</strong></span> <span class='ocrx_word' id='word_1_491' title='bbox 2186 4661 2390 4700; x_wconf 89' lang='lat' dir='ltr'><strong>annum</strong></span> 
     </span>
    </p>
   </div>
   <div class='ocr_carea' id='block_1_78' title="bbox 820 4733 2393 4798">
    <p class='ocr_par' dir='ltr' id='par_1_78' title="bbox 820 4733 2393 4798">
     <span class='ocr_line' id='line_1_78' title="bbox 820 4733 2393 4798; baseline 0.001 -10"><span class='ocrx_word' id='word_1_492' title='bbox 820 4738 872 4798; x_wconf 79' lang='lat' dir='ltr'><strong>I,</strong></span> <span class='ocrx_word' id='word_1_493' title='bbox 903 4750 1126 4790; x_wconf 80' lang='lat' dir='ltr'><strong>menses</strong></span> <span class='ocrx_word' id='word_1_494' title='bbox 1155 4736 1208 4797; x_wconf 77' lang='grc'>4,</span> <span class='ocrx_word' id='word_1_495' title='bbox 1249 4734 1412 4789; x_wconf 89' lang='lat' dir='ltr'><strong>simul</strong></span> <span class='ocrx_word' id='word_1_496' title='bbox 1445 4749 1622 4788; x_wconf 87' lang='lat' dir='ltr'><strong>annos</strong></span> <span class='ocrx_word' id='word_1_497' title='bbox 1649 4733 1739 4797; x_wconf 69' lang='grc'><strong>27,</strong></span> <span class='ocrx_word' id='word_1_498' title='bbox 1771 4749 1988 4788; x_wconf 83' lang='lat' dir='ltr'><strong>menses</strong></span> <span class='ocrx_word' id='word_1_499' title='bbox 2020 4735 2072 4789; x_wconf 72' lang='grc'>4.</span> <span class='ocrx_word' id='word_1_500' title='bbox 2103 4735 2393 4790; x_wconf 81' lang='lat' dir='ltr'><strong>Theodora</strong></span> 
     </span>
    </p>
   </div>
   <div class='ocr_carea' id='block_1_79' title="bbox 816 4820 2394 4890">
    <p class='ocr_par' dir='ltr' id='par_1_79' title="bbox 816 4820 2394 4890">
     <span class='ocr_line' id='line_1_79' title="bbox 816 4820 2394 4890; baseline 0.003 -15"><span class='ocrx_word' id='word_1_501' title='bbox 816 4836 940 4875; x_wconf 88' lang='lat' dir='ltr'><strong>cum</strong></span> <span class='ocrx_word' id='word_1_502' title='bbox 974 4821 1062 4890; x_wconf 90' lang='lat' dir='ltr'><strong>pia</strong></span> <span class='ocrx_word' id='word_1_503' title='bbox 1096 4831 1244 4874; x_wconf 84' lang='lat' dir='ltr'><strong>esset</strong></span> <span class='ocrx_word' id='word_1_504' title='bbox 1270 4831 1327 4875; x_wconf 91' lang='lat' dir='ltr'><strong>et</strong></span> <span class='ocrx_word' id='word_1_505' title='bbox 1357 4820 1536 4876; x_wconf 88' lang='lat' dir='ltr'><strong>ﬁdelis</strong></span> <span class='ocrx_word' id='word_1_506' title='bbox 1566 4830 1624 4876; x_wconf 88' lang='lat' dir='ltr'><strong>et</strong></span> <span class='ocrx_word' id='word_1_507' title='bbox 1653 4821 1978 4886; x_wconf 76' lang='lat' dir='ltr'><strong>orthodoxa,</strong></span> <span class='ocrx_word' id='word_1_508' title='bbox 1998 4826 2196 4878; x_wconf 89' lang='lat' dir='ltr'><strong>marito</strong></span> <span class='ocrx_word' id='word_1_509' title='bbox 2215 4826 2394 4880; x_wconf 76' lang='lat' dir='ltr'><strong>adhoc</strong></span> 
     </span>
    </p>
   </div>
   <div class='ocr_carea' id='block_1_80' title="bbox 817 4913 2396 4982">
    <p class='ocr_par' dir='ltr' id='par_1_80' title="bbox 817 4913 2396 4982">
     <span class='ocr_line' id='line_1_80' title="bbox 817 4913 2396 4982; baseline 0.002 -16"><span class='ocrx_word' id='word_1_510' title='bbox 817 4914 874 4966; x_wconf 90' lang='lat' dir='ltr'><strong>in</strong></span> <span class='ocrx_word' id='word_1_511' title='bbox 918 4913 1061 4966; x_wconf 86' lang='lat' dir='ltr'><strong>vivis</strong></span> <span class='ocrx_word' id='word_1_512' title='bbox 1091 4920 1286 4982; x_wconf 83' lang='lat' dir='ltr'><strong>agente</strong></span> <span class='ocrx_word' id='word_1_513' title='bbox 1315 4927 1502 4966; x_wconf 86' lang='lat' dir='ltr'><strong>sacras</strong></span> <span class='ocrx_word' id='word_1_514' title='bbox 1537 4913 1804 4982; x_wconf 85' lang='lat' dir='ltr'><strong>imagines</strong></span> <span class='ocrx_word' id='word_1_515' title='bbox 1831 4914 2045 4968; x_wconf 86' lang='lat' dir='ltr'><strong>colebat</strong></span> <span class='ocrx_word' id='word_1_516' title='bbox 2075 4929 2137 4968; x_wconf 91' lang='lat' dir='ltr'><strong>ac</strong></span> <span class='ocrx_word' id='word_1_517' title='bbox 2169 4931 2396 4970; x_wconf 86' lang='lat' dir='ltr'><strong>venera-</strong></span> 
     </span>
    </p>
   </div>
   <div class='ocr_carea' id='block_1_81' title="bbox 814 5002 2392 5074">
    <p class='ocr_par' dir='ltr' id='par_1_81' title="bbox 814 5002 2392 5074">
     <span class='ocr_line' id='line_1_81' title="bbox 814 5002 2392 5074; baseline 0.001 -16"><span class='ocrx_word' id='word_1_518' title='bbox 814 5002 998 5058; x_wconf 86' lang='lat' dir='ltr'><strong>batur.</strong></span> <span class='ocrx_word' id='word_1_519' title='bbox 1065 5002 1194 5056; x_wconf 66' lang='lat' dir='ltr'><strong>Hee</strong></span> <span class='ocrx_word' id='word_1_520' title='bbox 1228 5016 1328 5055; x_wconf 85' lang='lat' dir='ltr'><strong>sua</strong></span> <span class='ocrx_word' id='word_1_521' title='bbox 1366 5002 1484 5070; x_wconf 89' lang='lat' dir='ltr'><strong>ipsa</strong></span> <span class='ocrx_word' id='word_1_522' title='bbox 1517 5002 1817 5067; x_wconf 85' lang='lat' dir='ltr'><strong>sententia,</strong></span> <span class='ocrx_word' id='word_1_523' title='bbox 1859 5005 2132 5074; x_wconf 86' lang='lat' dir='ltr'><strong>simulque</strong></span> <span class='ocrx_word' id='word_1_524' title='bbox 2177 5005 2255 5059; x_wconf 89' lang='lat' dir='ltr'><strong>illi</strong></span> <span class='ocrx_word' id='word_1_525' title='bbox 2290 5021 2392 5059; x_wconf 80' lang='lat' dir='ltr'><strong>au-</strong></span> 
     </span>
    </p>
   </div>
   <div class='ocr_carea' id='block_1_82' title="bbox 816 5093 2393 5164">
    <p class='ocr_par' dir='ltr' id='par_1_82' title="bbox 816 5093 2393 5164">
     <span class='ocr_line' id='line_1_82' title="bbox 816 5093 2393 5164; baseline 0.006 -23"><span class='ocrx_word' id='word_1_526' title='bbox 816 5097 969 5146; x_wconf 85' lang='lat' dir='ltr'><strong>ctore</strong></span> <span class='ocrx_word' id='word_1_527' title='bbox 1019 5102 1078 5146; x_wconf 84' lang='lat' dir='ltr'><strong>et</strong></span> <span class='ocrx_word' id='word_1_528' title='bbox 1125 5093 1380 5148; x_wconf 83' lang='lat' dir='ltr'><strong>hortante</strong></span> <span class='ocrx_word' id='word_1_529' title='bbox 1415 5093 1738 5148; x_wconf 86' lang='lat' dir='ltr'><strong>Theoctisto</strong></span> <span class='ocrx_word' id='word_1_530' title='bbox 1772 5095 2004 5148; x_wconf 90' lang='lat' dir='ltr'><strong>caniclei</strong></span> <span class='ocrx_word' id='word_1_531' title='bbox 2047 5097 2304 5164; x_wconf 66' lang='lat' dir='ltr'><strong>praefecto</strong></span> <span class='ocrx_word' id='word_1_532' title='bbox 2336 5107 2393 5152; x_wconf 88' lang='lat' dir='ltr'><strong>et</strong></span> 
     </span>
    </p>
   </div>
   <div class='ocr_carea' id='block_1_83' title="bbox 815 5181 2392 5252">
    <p class='ocr_par' dir='ltr' id='par_1_83' title="bbox 815 5181 2392 5252">
     <span class='ocr_line' id='line_1_83' title="bbox 815 5181 2392 5252; baseline 0.002 -17"><span class='ocrx_word' id='word_1_533' title='bbox 815 5181 1120 5252; x_wconf 86' lang='lat' dir='ltr'><strong>logotheta,</strong></span> <span class='ocrx_word' id='word_1_534' title='bbox 1157 5181 1386 5251; x_wconf 87' lang='lat' dir='ltr'><strong>impium</strong></span> <span class='ocrx_word' id='word_1_535' title='bbox 1433 5183 1801 5251; x_wconf 88' lang='lat' dir='ltr'><strong>patriarcham</strong></span> <span class='ocrx_word' id='word_1_536' title='bbox 1849 5184 2115 5238; x_wconf 82' lang='lat' dir='ltr'><strong>Joannem</strong></span> <span class='ocrx_word' id='word_1_537' title='bbox 2145 5185 2392 5241; x_wconf 86' lang='lat' dir='ltr'><strong>Ecclesia</strong></span> 
     </span>
    </p>
   </div>
   <div class='ocr_carea' id='block_1_84' title="bbox 825 5275 2389 5345">
    <p class='ocr_par' dir='ltr' id='par_1_84' title="bbox 825 5275 2389 5345">
     <span class='ocr_line' id='line_1_84' title="bbox 825 5275 2389 5345; baseline 0.003 -18"><span class='ocrx_word' id='word_1_538' title='bbox 825 5275 998 5344; x_wconf 86' lang='lat' dir='ltr'><strong>ejicit.</strong></span> <span class='ocrx_word' id='word_1_539' title='bbox 1030 5276 1249 5329; x_wconf 90' lang='lat' dir='ltr'><strong>tametsi</strong></span> <span class='ocrx_word' id='word_1_540' title='bbox 1289 5277 1408 5345; x_wconf 87' lang='lat' dir='ltr'><strong>ejus</strong></span> <span class='ocrx_word' id='word_1_541' title='bbox 1430 5285 1711 5344; x_wconf 87' lang='lat' dir='ltr'><strong>compater</strong></span> <span class='ocrx_word' id='word_1_542' title='bbox 1737 5286 1876 5338; x_wconf 85' lang='lat' dir='ltr'><strong>erat,</strong></span> <span class='ocrx_word' id='word_1_543' title='bbox 1915 5285 2076 5344; x_wconf 87' lang='lat' dir='ltr'><strong>atque</strong></span> <span class='ocrx_word' id='word_1_544' title='bbox 2111 5278 2164 5329; x_wconf 90' lang='lat' dir='ltr'><strong>in</strong></span> <span class='ocrx_word' id='word_1_545' title='bbox 2199 5293 2389 5331; x_wconf 87' lang='lat' dir='ltr'><strong>mona-</strong></span> 
     </span>
    </p>
   </div>
   <div class='ocr_carea' id='block_1_85' title="bbox 815 5365 2392 5434">
    <p class='ocr_par' dir='ltr' id='par_1_85' title="bbox 815 5365 2392 5434">
     <span class='ocr_line' id='line_1_85' title="bbox 815 5365 2392 5434; baseline 0.002 -15"><span class='ocrx_word' id='word_1_546' title='bbox 815 5365 1047 5420; x_wconf 88' lang='lat' dir='ltr'><strong>sterium</strong></span> <span class='ocrx_word' id='word_1_547' title='bbox 1106 5365 1407 5434; x_wconf 90' lang='lat' dir='ltr'><strong>quoddam,</strong></span> <span class='ocrx_word' id='word_1_548' title='bbox 1467 5366 1615 5434; x_wconf 88' lang='lat' dir='ltr'><strong>quod</strong></span> <span class='ocrx_word' id='word_1_549' title='bbox 1649 5365 1883 5419; x_wconf 90' lang='lat' dir='ltr'><strong>Clidium</strong></span> <span class='ocrx_word' id='word_1_550' title='bbox 1914 5375 2112 5419; x_wconf 84' lang='lat' dir='ltr'><strong>vocant</strong></span> <span class='ocrx_word' id='word_1_551' title='bbox 2171 5368 2237 5420; x_wconf 89' lang='lat' dir='ltr'><strong>ad</strong></span> <span class='ocrx_word' id='word_1_552' title='bbox 2270 5367 2392 5422; x_wconf 91' lang='lat' dir='ltr'><strong>Ste-</strong></span> 
     </span>
    </p>
   </div>
   <div class='ocr_carea' id='block_1_86' title="bbox 815 5457 2390 5527">
    <p class='ocr_par' dir='ltr' id='par_1_86' title="bbox 815 5457 2390 5527">
     <span class='ocr_line' id='line_1_86' title="bbox 815 5457 2390 5527; baseline 0 -15"><span class='ocrx_word' id='word_1_553' title='bbox 815 5473 968 5521; x_wconf 90' lang='lat' dir='ltr'><strong>num,</strong></span> <span class='ocrx_word' id='word_1_554' title='bbox 1018 5458 1213 5511; x_wconf 73' lang='lat' dir='ltr'><strong>exsilio</strong></span> <span class='ocrx_word' id='word_1_555' title='bbox 1243 5460 1468 5526; x_wconf 86' lang='lat' dir='ltr'><strong>relegat.</strong></span> <span class='ocrx_word' id='word_1_556' title='bbox 1512 5459 1630 5511; x_wconf 91' lang='lat' dir='ltr'><strong>Illic</strong></span> <span class='ocrx_word' id='word_1_557' title='bbox 1671 5474 1856 5527; x_wconf 79' lang='lat' dir='ltr'><strong>agens,</strong></span> <span class='ocrx_word' id='word_1_558' title='bbox 1906 5474 2030 5510; x_wconf 89' lang='lat' dir='ltr'><strong>cum</strong></span> <span class='ocrx_word' id='word_1_559' title='bbox 2056 5457 2260 5512; x_wconf 87' lang='lat' dir='ltr'><strong>Christi</strong></span> <span class='ocrx_word' id='word_1_560' title='bbox 2295 5459 2390 5512; x_wconf 87' lang='lat' dir='ltr'><strong>Dei</strong></span> 
     </span>
    </p>
   </div>
   <div class='ocr_carea' id='block_1_87' title="bbox 815 5549 2394 5616">
    <p class='ocr_par' dir='ltr' id='par_1_87' title="bbox 815 5549 2394 5616">
     <span class='ocr_line' id='line_1_87' title="bbox 815 5549 2394 5616; baseline 0.002 -16"><span class='ocrx_word' id='word_1_561' title='bbox 815 5549 992 5602; x_wconf 82' lang='lat' dir='ltr'><strong>nostri</strong></span> <span class='ocrx_word' id='word_1_562' title='bbox 1041 5557 1354 5616; x_wconf 60' lang='lat' dir='ltr'><strong>sancteque</strong></span> <span class='ocrx_word' id='word_1_563' title='bbox 1376 5549 1642 5616; x_wconf 69' lang='lat' dir='ltr'><strong>Deiparaa,</strong></span> <span class='ocrx_word' id='word_1_564' title='bbox 1676 5564 1890 5602; x_wconf 88' lang='lat' dir='ltr'><strong>necnon</strong></span> <span class='ocrx_word' id='word_1_565' title='bbox 1920 5549 2158 5602; x_wconf 76' lang='lat' dir='ltr'><strong>ccelestis</strong></span> <span class='ocrx_word' id='word_1_566' title='bbox 2187 5549 2394 5603; x_wconf 66' lang='lat' dir='ltr'><strong>militiae</strong></span> 
     </span>
    </p>
   </div>
   <div class='ocr_carea' id='block_1_88' title="bbox 815 5635 2389 5707">
    <p class='ocr_par' dir='ltr' id='par_1_88' title="bbox 815 5635 2389 5707">
     <span class='ocr_line' id='line_1_88' title="bbox 815 5635 2389 5707; baseline 0.003 -19"><span class='ocrx_word' id='word_1_567' title='bbox 815 5635 1127 5704; x_wconf 88' lang='lat' dir='ltr'><strong>principum</strong></span> <span class='ocrx_word' id='word_1_568' title='bbox 1182 5637 1516 5707; x_wconf 90' lang='lat' dir='ltr'><strong>imaginibus</strong></span> <span class='ocrx_word' id='word_1_569' title='bbox 1571 5641 1762 5692; x_wconf 91' lang='lat' dir='ltr'><strong>oculos</strong></span> <span class='ocrx_word' id='word_1_570' title='bbox 1821 5640 2127 5700; x_wconf 79' lang='lat' dir='ltr'><strong>cﬁodisset,</strong></span> <span class='ocrx_word' id='word_1_571' title='bbox 2176 5640 2228 5692; x_wconf 92' lang='lat' dir='ltr'><strong>in</strong></span> <span class='ocrx_word' id='word_1_572' title='bbox 2268 5656 2389 5693; x_wconf 81' lang='lat' dir='ltr'><strong>eam</strong></span> 
     </span>
    </p>
   </div>
   <div class='ocr_carea' id='block_1_89' title="bbox 817 5728 2391 5793">
    <p class='ocr_par' dir='ltr' id='par_1_89' title="bbox 817 5728 2391 5793">
     <span class='ocr_line' id='line_1_89' title="bbox 817 5728 2391 5793; baseline 0.003 -13"><span class='ocrx_word' id='word_1_573' title='bbox 817 5729 1144 5781; x_wconf 86' lang='lat' dir='ltr'><strong>sententiam</strong></span> <span class='ocrx_word' id='word_1_574' title='bbox 1180 5728 1467 5783; x_wconf 88' lang='lat' dir='ltr'><strong>Theodora</strong></span> <span class='ocrx_word' id='word_1_575' title='bbox 1509 5731 1664 5793; x_wconf 81' lang='lat' dir='ltr'><strong>ierat,</strong></span> <span class='ocrx_word' id='word_1_576' title='bbox 1703 5741 1760 5783; x_wconf 94' lang='lat' dir='ltr'><strong>ut</strong></span> <span class='ocrx_word' id='word_1_577' title='bbox 1792 5741 1848 5783; x_wconf 91' lang='lat' dir='ltr'><strong>et</strong></span> <span class='ocrx_word' id='word_1_578' title='bbox 1893 5732 1968 5784; x_wconf 90' lang='lat' dir='ltr'><strong>illi</strong></span> <span class='ocrx_word' id='word_1_579' title='bbox 2002 5732 2206 5785; x_wconf 88' lang='lat' dir='ltr'><strong>lumina</strong></span> <span class='ocrx_word' id='word_1_580' title='bbox 2255 5732 2391 5786; x_wconf 64' lang='lat' dir='ltr'><strong>cﬁ‘o-</strong></span> 
     </span>
    </p>
   </div>
   <div class='ocr_carea' id='block_1_90' title="bbox 817 5820 2389 5892">
    <p class='ocr_par' dir='ltr' id='par_1_90' title="bbox 817 5820 2389 5892">
     <span class='ocr_line' id='line_1_90' title="bbox 817 5820 2389 5892; baseline 0.004 -20"><span class='ocrx_word' id='word_1_581' title='bbox 817 5820 990 5874; x_wconf 88' lang='lat' dir='ltr'><strong>deret.</strong></span> <span class='ocrx_word' id='word_1_582' title='bbox 1038 5820 1238 5876; x_wconf 80' lang='lat' dir='ltr'><strong>Verum</strong></span> <span class='ocrx_word' id='word_1_583' title='bbox 1285 5839 1396 5876; x_wconf 86' lang='lat' dir='ltr'><strong>non</strong></span> <span class='ocrx_word' id='word_1_584' title='bbox 1444 5824 1694 5877; x_wconf 81' lang='lat' dir='ltr'><strong>siverunt</strong></span> <span class='ocrx_word' id='word_1_585' title='bbox 1751 5839 1982 5892; x_wconf 79' lang='lat' dir='ltr'><strong>quorum</strong></span> <span class='ocrx_word' id='word_1_586' title='bbox 2019 5840 2107 5879; x_wconf 88' lang='lat' dir='ltr'><strong>res</strong></span> <span class='ocrx_word' id='word_1_587' title='bbox 2157 5827 2389 5879; x_wconf 79' lang='lat' dir='ltr'><strong>consilio</strong></span> 
     </span>
    </p>
   </div>
   <div class='ocr_carea' id='block_1_91' title="bbox 2496 3188 4088 3263">
    <p class='ocr_par' dir='ltr' id='par_1_91' title="bbox 2496 3188 4088 3263">
     <span class='ocr_line' id='line_1_91' title="bbox 2496 3188 4088 3263; baseline -0.004 -17"><span class='ocrx_word' id='word_1_588' title='bbox 2496 3193 2754 3263; x_wconf 82' lang='grc' dir='ltr'>βαρηοεὶς</span> <span class='ocrx_word' id='word_1_589' title='bbox 2779 3194 2883 3245; x_wconf 81' lang='grc' dir='ltr'><strong>ὑπὸ</strong></span> <span class='ocrx_word' id='word_1_590' title='bbox 2912 3195 3009 3261; x_wconf 81' lang='grc' dir='ltr'>τῆς</span> <span class='ocrx_word' id='word_1_591' title='bbox 3029 3193 3184 3245; x_wconf 89' lang='grc' dir='ltr'>νόσου</span> <span class='ocrx_word' id='word_1_592' title='bbox 3209 3193 3537 3262; x_wconf 79' lang='grc' dir='ltr'>προστάσσει</span> <span class='ocrx_word' id='word_1_593' title='bbox 3564 3188 4088 3258; x_wconf 65' lang='grc' dir='ltr'>ἀποκεφαλισθῆναι</span> 
     </span>
    </p>
   </div>
   <div class='ocr_carea' id='block_1_92' title="bbox 2495 3281 4084 3354">
    <p class='ocr_par' dir='ltr' id='par_1_92' title="bbox 2495 3281 4084 3354">
     <span class='ocr_line' id='line_1_92' title="bbox 2495 3281 4084 3354; baseline -0.005 -17"><span class='ocrx_word' id='word_1_594' title='bbox 2495 3285 2674 3337; x_wconf 83' lang='grc' dir='ltr'>αὐτόν.</span> <span class='ocrx_word' id='word_1_595' title='bbox 2709 3288 2814 3338; x_wconf 81' lang='grc' dir='ltr'>Καὶ</span> <span class='ocrx_word' id='word_1_596' title='bbox 2846 3284 2942 3354; x_wconf 81' lang='grc' dir='ltr'>τὴν</span> <span class='ocrx_word' id='word_1_597' title='bbox 2974 3285 3216 3353; x_wconf 75' lang='grc' dir='ltr'>κεφαλὴν</span> <span class='ocrx_word' id='word_1_598' title='bbox 3249 3283 3372 3336; x_wconf 83' lang='grc' dir='ltr'>ἰδὼν</span> <span class='ocrx_word' id='word_1_599' title='bbox 3404 3283 3509 3351; x_wconf 76' lang='grc' dir='ltr'><strong>ἔφη</strong></span> <span class='ocrx_word' id='word_1_600' title='bbox 3536 3297 3548 3310; x_wconf 91' lang='grc'>·</span> <span class='ocrx_word' id='word_1_601' title='bbox 3572 3282 3758 3348; x_wconf 84' lang='grc' dir='ltr'>Ἀρτι,</span> <span class='ocrx_word' id='word_1_602' title='bbox 3788 3281 4084 3346; x_wconf 62' lang='grc' dir='ltr'>Θεόροεε,</span> 
     </span>
    </p>
   </div>
   <div class='ocr_carea' id='block_1_93' title="bbox 2493 3371 4089 3444">
    <p class='ocr_par' dir='ltr' id='par_1_93' title="bbox 2493 3371 4089 3444">
     <span class='ocr_line' id='line_1_93' title="bbox 2493 3371 4089 3444; baseline -0.006 -15"><span class='ocrx_word' id='word_1_603' title='bbox 2493 3377 2594 3430; x_wconf 80' lang='grc' dir='ltr'>καὶ</span> <span class='ocrx_word' id='word_1_604' title='bbox 2644 3377 2726 3430; x_wconf 88' lang='grc' dir='ltr'>σὺ</span> <span class='ocrx_word' id='word_1_605' title='bbox 2775 3377 3085 3441; x_wconf 82' lang='grc' dir='ltr'>ἀνεπαύης</span> <span class='ocrx_word' id='word_1_606' title='bbox 3139 3377 3237 3428; x_wconf 76' lang='grc' dir='ltr'>καὶ</span> <span class='ocrx_word' id='word_1_607' title='bbox 3299 3374 3413 3444; x_wconf 77' lang='grc' dir='ltr'>ἐγὼ</span> <span class='ocrx_word' id='word_1_608' title='bbox 3469 3374 3915 3440; x_wconf 71' lang='grc' dir='ltr'>ἀπεφρόντισα.</span> <span class='ocrx_word' id='word_1_609' title='bbox 3973 3371 4089 3422; x_wconf 73' lang='grc' dir='ltr'>Καὶ</span> 
     </span>
    </p>
   </div>
   <div class='ocr_carea' id='block_1_94' title="bbox 2495 3462 4090 3536">
    <p class='ocr_par' dir='ltr' id='par_1_94' title="bbox 2495 3462 4090 3536">
     <span class='ocr_line' id='line_1_94' title="bbox 2495 3462 4090 3536; baseline -0.004 -16"><span class='ocrx_word' id='word_1_610' title='bbox 2495 3467 2655 3530; x_wconf 76' lang='grc' dir='ltr'>εὐθὺς</span> <span class='ocrx_word' id='word_1_611' title='bbox 2681 3468 2740 3520; x_wconf 85' lang='grc' dir='ltr'><strong>τὸ</strong></span> <span class='ocrx_word' id='word_1_612' title='bbox 2763 3467 2980 3536; x_wconf 83' lang='grc' dir='ltr'>πνεῦμα</span> <span class='ocrx_word' id='word_1_613' title='bbox 3011 3466 3176 3521; x_wconf 81' lang='grc' dir='ltr'>αὑτοῦ</span> <span class='ocrx_word' id='word_1_614' title='bbox 3206 3467 3392 3529; x_wconf 85' lang='grc' dir='ltr'>κακῶς</span> <span class='ocrx_word' id='word_1_615' title='bbox 3415 3467 3508 3519; x_wconf 73' lang='grc' dir='ltr'><strong>καὶ</strong></span> <span class='ocrx_word' id='word_1_616' title='bbox 3526 3465 3797 3533; x_wconf 78' lang='grc' dir='ltr'>ὀδυνηρῶς</span> <span class='ocrx_word' id='word_1_617' title='bbox 3824 3462 4090 3534; x_wconf 67' lang='grc' dir='ltr'>ἀπέρρη-</span> 
     </span>
    </p>
   </div>
   <div class='ocr_carea' id='block_1_95' title="bbox 2497 3555 4087 3629">
    <p class='ocr_par' dir='ltr' id='par_1_95' title="bbox 2497 3555 4087 3629">
     <span class='ocr_line' id='line_1_95' title="bbox 2497 3555 4087 3629; baseline -0.003 -18"><span class='ocrx_word' id='word_1_618' title='bbox 2497 3560 2574 3623; x_wconf 82' lang='grc' dir='ltr'><strong>ξε.</strong></span> <span class='ocrx_word' id='word_1_619' title='bbox 2642 3561 2715 3612; x_wconf 84' lang='grc' dir='ltr'><strong>Τὸ</strong></span> <span class='ocrx_word' id='word_1_620' title='bbox 2760 3560 2816 3611; x_wconf 83' lang='grc' dir='ltr'>δὲ</span> <span class='ocrx_word' id='word_1_621' title='bbox 2865 3562 3024 3629; x_wconf 83' lang='grc' dir='ltr'>σῶμα</span> <span class='ocrx_word' id='word_1_622' title='bbox 3072 3558 3236 3613; x_wconf 75' lang='grc' dir='ltr'>αὐτοῦ</span> <span class='ocrx_word' id='word_1_623' title='bbox 3281 3562 3359 3621; x_wconf 87' lang='grc' dir='ltr'>εἰς</span> <span class='ocrx_word' id='word_1_624' title='bbox 3413 3559 3502 3611; x_wconf 74' lang='grc' dir='ltr'><strong>τὸν</strong></span> <span class='ocrx_word' id='word_1_625' title='bbox 3545 3557 3675 3610; x_wconf 83' lang='grc' dir='ltr'>ναὸν</span> <span class='ocrx_word' id='word_1_626' title='bbox 3710 3557 3820 3609; x_wconf 85' lang='grc' dir='ltr'><strong>τῶν</strong></span> <span class='ocrx_word' id='word_1_627' title='bbox 3874 3555 4087 3623; x_wconf 75' lang='grc' dir='ltr'>Ἁγίων</span> 
     </span>
    </p>
   </div>
   <div class='ocr_carea' id='block_1_96' title="bbox 2509 3641 4085 3714">
    <p class='ocr_par' dir='ltr' id='par_1_96' title="bbox 2509 3641 4085 3714">
     <span class='ocr_line' id='line_1_96' title="bbox 2509 3641 4085 3714; baseline -0.005 -15"><span class='ocrx_word' id='word_1_628' title='bbox 2509 3646 2844 3699; x_wconf 74' lang='grc' dir='ltr'>Ἀποστόλων</span> <span class='ocrx_word' id='word_1_629' title='bbox 2889 3643 3258 3714; x_wconf 84' lang='grc' dir='ltr'>ἀπεκομίσθη,</span> <span class='ocrx_word' id='word_1_630' title='bbox 3301 3645 3362 3696; x_wconf 83' lang='grc' dir='ltr'><strong>τὸ</strong></span> <span class='ocrx_word' id='word_1_631' title='bbox 3385 3643 3560 3712; x_wconf 37' lang='grc' dir='ltr'><strong>δὲιτοῦ</strong></span> <span class='ocrx_word' id='word_1_632' title='bbox 3591 3643 3867 3708; x_wconf 61' lang='grc' dir='ltr'>Θεοφόὸου</span> <span class='ocrx_word' id='word_1_633' title='bbox 3907 3643 3972 3692; x_wconf 83' lang='grc' dir='ltr'><strong>ἐν</strong></span> <span class='ocrx_word' id='word_1_634' title='bbox 4003 3641 4085 3708; x_wconf 83' lang='grc' dir='ltr'>τῷ</span> 
     </span>
    </p>
   </div>
   <div class='ocr_carea' id='block_1_97' title="bbox 2494 3733 4087 3808">
    <p class='ocr_par' dir='ltr' id='par_1_97' title="bbox 2494 3733 4087 3808">
     <span class='ocr_line' id='line_1_97' title="bbox 2494 3733 4087 3808; baseline -0.004 -18"><span class='ocrx_word' id='word_1_635' title='bbox 2494 3738 2628 3806; x_wconf 77' lang='grc' dir='ltr'>οἴκῳ</span> <span class='ocrx_word' id='word_1_636' title='bbox 2657 3737 2820 3791; x_wconf 74' lang='grc' dir='ltr'>αὐτοῦ</span> <span class='ocrx_word' id='word_1_637' title='bbox 2851 3737 3080 3808; x_wconf 82' lang='grc' dir='ltr'>πλησίον</span> <span class='ocrx_word' id='word_1_638' title='bbox 3113 3739 3222 3790; x_wconf 83' lang='grc' dir='ltr'><strong>τῶν</strong></span> <span class='ocrx_word' id='word_1_639' title='bbox 3265 3737 3508 3807; x_wconf 78' lang='grc' dir='ltr'>Ναρσοῦ.</span> <span class='ocrx_word' id='word_1_640' title='bbox 3553 3737 3677 3788; x_wconf 77' lang='grc' dir='ltr'><strong>Ἐπὶ</strong></span> <span class='ocrx_word' id='word_1_641' title='bbox 3719 3734 3938 3796; x_wconf 81' lang='grc' dir='ltr'>τούτοις</span> <span class='ocrx_word' id='word_1_642' title='bbox 3973 3733 4087 3784; x_wconf 82' lang='grc' dir='ltr'>τῶν</span> 
     </span>
    </p>
   </div>
   <div class='ocr_carea' id='block_1_98' title="bbox 2498 3827 4082 3898">
    <p class='ocr_par' dir='ltr' id='par_1_98' title="bbox 2498 3827 4082 3898">
     <span class='ocr_line' id='line_1_98' title="bbox 2498 3827 4082 3898; baseline -0.004 -17"><span class='ocrx_word' id='word_1_643' title='bbox 2498 3829 2720 3895; x_wconf 79' lang='grc' dir='ltr'>Περσῶν</span> <span class='ocrx_word' id='word_1_644' title='bbox 2743 3830 3151 3898; x_wconf 72' lang='grc' dir='ltr'>ἐπιζητούντων</span> <span class='ocrx_word' id='word_1_645' title='bbox 3179 3830 3271 3882; x_wconf 69' lang='grc' dir='ltr'>τὸν</span> <span class='ocrx_word' id='word_1_646' title='bbox 3297 3828 3586 3895; x_wconf 72' lang='grc' dir='ltr'>Θεόφοόον,</span> <span class='ocrx_word' id='word_1_647' title='bbox 3619 3828 3669 3879; x_wconf 90' lang='grc' dir='ltr'><strong>τί</strong></span> <span class='ocrx_word' id='word_1_648' title='bbox 3708 3828 3815 3895; x_wconf 78' lang='grc' dir='ltr'><strong>ἄρα</strong></span> <span class='ocrx_word' id='word_1_649' title='bbox 3852 3827 4082 3893; x_wconf 75' lang='grc' dir='ltr'>γέγονε,</span> 
     </span>
    </p>
   </div>
   <div class='ocr_carea' id='block_1_99' title="bbox 2495 3917 4085 3990">
    <p class='ocr_par' dir='ltr' id='par_1_99' title="bbox 2495 3917 4085 3990">
     <span class='ocr_line' id='line_1_99' title="bbox 2495 3917 4085 3990; baseline -0.004 -17"><span class='ocrx_word' id='word_1_650' title='bbox 2495 3922 2544 3973; x_wconf 75' lang='grc' dir='ltr'><strong>οἱ</strong></span> <span class='ocrx_word' id='word_1_651' title='bbox 2578 3923 2670 3974; x_wconf 78' lang='grc' dir='ltr'>τοῦ</span> <span class='ocrx_word' id='word_1_652' title='bbox 2708 3921 2975 3990; x_wconf 82' lang='grc' dir='ltr'>βασιλέως</span> <span class='ocrx_word' id='word_1_653' title='bbox 3023 3923 3245 3973; x_wconf 72' lang='grc' dir='ltr'>ἔπεισαν</span> <span class='ocrx_word' id='word_1_654' title='bbox 3278 3919 3476 3981; x_wconf 76' lang='grc' dir='ltr'>αὐτοὺς</span> <span class='ocrx_word' id='word_1_655' title='bbox 3504 3922 3561 3972; x_wconf 77' lang='grc' dir='ltr'><strong>ἐν</strong></span> <span class='ocrx_word' id='word_1_656' title='bbox 3590 3919 3668 3988; x_wconf 85' lang='grc' dir='ltr'>τῷ</span> <span class='ocrx_word' id='word_1_657' title='bbox 3697 3917 3957 3985; x_wconf 78' lang='grc' dir='ltr'>παλατίῳ</span> <span class='ocrx_word' id='word_1_658' title='bbox 4004 3917 4085 3967; x_wconf 86' lang='grc' dir='ltr'>δι-</span> 
     </span>
    </p>
   </div>
   <div class='ocr_carea' id='block_1_100' title="bbox 2495 4007 4087 4079">
    <p class='ocr_par' dir='ltr' id='par_1_100' title="bbox 2495 4007 4087 4079">
     <span class='ocr_line' id='line_1_100' title="bbox 2495 4007 4087 4079; baseline -0.003 -16"><span class='ocrx_word' id='word_1_659' title='bbox 2495 4011 2772 4064; x_wconf 80' lang='grc' dir='ltr'>αιτᾶσθαι.</span> <span class='ocrx_word' id='word_1_660' title='bbox 2835 4010 3022 4079; x_wconf 81' lang='grc' dir='ltr'>Τούτῳ</span> <span class='ocrx_word' id='word_1_661' title='bbox 3051 4009 3129 4079; x_wconf 83' lang='grc' dir='ltr'>τῷ</span> <span class='ocrx_word' id='word_1_662' title='bbox 3154 4013 3341 4079; x_wconf 83' lang='grc' dir='ltr'>τρόπῳ</span> <span class='ocrx_word' id='word_1_663' title='bbox 3373 4009 3724 4077; x_wconf 77' lang='grc' dir='ltr'>διαϐεϐόηται</span> <span class='ocrx_word' id='word_1_664' title='bbox 3751 4008 3910 4075; x_wconf 82' lang='grc' dir='ltr'><strong>παρά</strong></span> <span class='ocrx_word' id='word_1_665' title='bbox 3936 4007 4087 4075; x_wconf 76' lang='grc' dir='ltr'><strong>Πέρ-</strong></span> 
     </span>
    </p>
   </div>
   <div class='ocr_carea' id='block_1_101' title="bbox 2497 4095 4088 4171">
    <p class='ocr_par' dir='ltr' id='par_1_101' title="bbox 2497 4095 4088 4171">
     <span class='ocr_line' id='line_1_101' title="bbox 2497 4095 4088 4171; baseline -0.004 -17"><span class='ocrx_word' id='word_1_666' title='bbox 2497 4117 2617 4164; x_wconf 90' lang='grc' dir='ltr'>σαις</span> <span class='ocrx_word' id='word_1_667' title='bbox 2649 4102 2775 4170; x_wconf 79' lang='grc' dir='ltr'>ἄχρι</span> <span class='ocrx_word' id='word_1_668' title='bbox 2806 4102 2912 4154; x_wconf 81' lang='grc' dir='ltr'><strong>τῶν</strong></span> <span class='ocrx_word' id='word_1_669' title='bbox 2940 4095 3044 4155; x_wconf 78' lang='grc' dir='ltr'>ὦδε</span> <span class='ocrx_word' id='word_1_670' title='bbox 3085 4102 3293 4171; x_wconf 86' lang='grc' dir='ltr'>χρόνων</span> <span class='ocrx_word' id='word_1_671' title='bbox 3353 4101 3585 4154; x_wconf 78' lang='grc' dir='ltr'>θανάτου</span> <span class='ocrx_word' id='word_1_672' title='bbox 3646 4098 3719 4170; x_wconf 80' lang='grc' dir='ltr'><strong>μὴ</strong></span> <span class='ocrx_word' id='word_1_673' title='bbox 3765 4097 4088 4165; x_wconf 81' lang='grc' dir='ltr'>γεύσασθαι</span> 
     </span>
    </p>
   </div>
   <div class='ocr_carea' id='block_1_102' title="bbox 2493 4193 2903 4261">
    <p class='ocr_par' dir='ltr' id='par_1_102' title="bbox 2493 4193 2903 4261">
     <span class='ocr_line' id='line_1_102' title="bbox 2493 4193 2903 4261; baseline 0.007 -17"><span class='ocrx_word' id='word_1_674' title='bbox 2493 4193 2586 4245; x_wconf 78' lang='grc' dir='ltr'><strong>τὸν</strong></span> <span class='ocrx_word' id='word_1_675' title='bbox 2614 4193 2903 4261; x_wconf 82' lang='grc' dir='ltr'>Θεόφοὸον.</span> 
     </span>
    </p>
   </div>
   <div class='ocr_carea' id='block_1_103' title="bbox 2615 4328 3974 4400">
    <p class='ocr_par' dir='ltr' id='par_1_103' title="bbox 2615 4328 3974 4400">
     <span class='ocr_line' id='line_1_103' title="bbox 2615 4328 3974 4400; baseline -0.004 -15"><span class='ocrx_word' id='word_1_676' title='bbox 2615 4333 2914 4400; x_wconf 78' lang='grc' dir='ltr'>Ῥωμαίων</span> <span class='ocrx_word' id='word_1_677' title='bbox 2931 4332 3235 4397; x_wconf 74' lang='grc' dir='ltr'>βασιλεὺς</span> <span class='ocrx_word' id='word_1_678' title='bbox 3272 4330 3514 4399; x_wconf 72' lang='grc' dir='ltr'>Μιχαὴλ</span> <span class='ocrx_word' id='word_1_679' title='bbox 3545 4328 3642 4382; x_wconf 79' lang='grc' dir='ltr'><strong>καί</strong></span> <span class='ocrx_word' id='word_1_680' title='bbox 3670 4329 3974 4396; x_wconf 82' lang='grc' dir='ltr'>Θεοδώρα.</span> 
     </span>
    </p>
   </div>
   <div class='ocr_carea' id='block_1_104' title="bbox 2569 4441 4094 4518">
    <p class='ocr_par' dir='ltr' id='par_1_104' title="bbox 2569 4441 4094 4518">
     <span class='ocr_line' id='line_1_104' title="bbox 2569 4441 4094 4518; baseline -0.004 -17"><span class='ocrx_word' id='word_1_681' title='bbox 2569 4458 2639 4502; x_wconf 90' lang='grc' dir='ltr'><strong>α’.</strong></span> <span class='ocrx_word' id='word_1_682' title='bbox 2666 4449 2888 4518; x_wconf 71' lang='grc' dir='ltr'>Κόσμον</span> <span class='ocrx_word' id='word_1_683' title='bbox 2924 4448 3044 4509; x_wconf 76' lang='grc' dir='ltr'>ἔτος</span> <span class='ocrx_word' id='word_1_684' title='bbox 3074 4447 3248 4513; x_wconf 81' lang='grc' dir='ltr'>,ςτλέ,</span> <span class='ocrx_word' id='word_1_685' title='bbox 3290 4447 3389 4514; x_wconf 79' lang='grc' dir='ltr'><strong>τῆς</strong></span> <span class='ocrx_word' id='word_1_686' title='bbox 3415 4445 3566 4506; x_wconf 83' lang='grc' dir='ltr'>θείας</span> <span class='ocrx_word' id='word_1_687' title='bbox 3590 4441 3927 4517; x_wconf 81' lang='grc' dir='ltr'>σαρκώσεως</span> <span class='ocrx_word' id='word_1_688' title='bbox 3967 4443 4094 4504; x_wconf 67' lang='lat' dir='ltr'><strong>(to;</strong></span> 
     </span>
    </p>
   </div>
   <div class='ocr_carea' id='block_1_105' title="bbox 2497 4533 4095 4608">
    <p class='ocr_par' dir='ltr' id='par_1_105' title="bbox 2497 4533 4095 4608">
     <span class='ocr_line' id='line_1_105' title="bbox 2497 4533 4095 4608; baseline -0.006 -15"><span class='ocrx_word' id='word_1_689' title='bbox 2497 4537 2641 4606; x_wconf 85' lang='grc' dir='ltr'>ωλε’,</span> <span class='ocrx_word' id='word_1_690' title='bbox 2683 4540 2970 4608; x_wconf 82' lang='grc' dir='ltr'>Ῥωμαίων</span> <span class='ocrx_word' id='word_1_691' title='bbox 3016 4539 3267 4606; x_wconf 81' lang='grc' dir='ltr'>βασιλεὺς</span> <span class='ocrx_word' id='word_1_692' title='bbox 3313 4536 3530 4606; x_wconf 83' lang='grc' dir='ltr'>Μιχαὴλ</span> <span class='ocrx_word' id='word_1_693' title='bbox 3563 4537 3657 4589; x_wconf 78' lang='grc' dir='ltr'>καὶ</span> <span class='ocrx_word' id='word_1_694' title='bbox 3691 4533 3951 4603; x_wconf 81' lang='grc' dir='ltr'>Θεοδώρα</span> <span class='ocrx_word' id='word_1_695' title='bbox 3993 4536 4095 4603; x_wconf 62' lang='lat' dir='ltr'><strong>Em</strong></span> 
     </span>
    </p>
   </div>
   <div class='ocr_carea' id='block_1_106' title="bbox 2499 4626 4096 4699">
    <p class='ocr_par' dir='ltr' id='par_1_106' title="bbox 2499 4626 4096 4699">
     <span class='ocr_line' id='line_1_106' title="bbox 2499 4626 4096 4699; baseline -0.001 -18"><span class='ocrx_word' id='word_1_696' title='bbox 2499 4628 2577 4693; x_wconf 88' lang='grc' dir='ltr'>ιδ’,</span> <span class='ocrx_word' id='word_1_697' title='bbox 2618 4630 2777 4699; x_wconf 82' lang='grc' dir='ltr'>μόνος</span> <span class='ocrx_word' id='word_1_698' title='bbox 2810 4629 2903 4699; x_wconf 78' lang='grc' dir='ltr'><strong>ἐτη</strong></span> <span class='ocrx_word' id='word_1_699' title='bbox 2941 4628 3029 4698; x_wconf 79' lang='grc' dir='ltr'>ιβ’,</span> <span class='ocrx_word' id='word_1_700' title='bbox 3061 4630 3157 4682; x_wconf 68' lang='grc' dir='ltr'>καὶ</span> <span class='ocrx_word' id='word_1_701' title='bbox 3188 4630 3285 4681; x_wconf 78' lang='grc' dir='ltr'><strong>σὺν</strong></span> <span class='ocrx_word' id='word_1_702' title='bbox 3335 4629 3602 4697; x_wconf 83' lang='grc' dir='ltr'>Βασιλείῳ</span> <span class='ocrx_word' id='word_1_703' title='bbox 3636 4626 3753 4687; x_wconf 67' lang='grc' dir='ltr'>ἔτος</span> <span class='ocrx_word' id='word_1_704' title='bbox 3797 4633 3848 4678; x_wconf 87' lang='grc' dir='ltr'>α’</span> <span class='ocrx_word' id='word_1_705' title='bbox 3901 4628 4096 4694; x_wconf 79' lang='grc' dir='ltr'>μῆνας</span> 
     </span>
    </p>
   </div>
   <div class='ocr_carea' id='block_1_107' title="bbox 2493 4715 4098 4790">
    <p class='ocr_par' dir='ltr' id='par_1_107' title="bbox 2493 4715 4098 4790">
     <span class='ocr_line' id='line_1_107' title="bbox 2493 4715 4098 4790; baseline -0.016 4"><span class='ocrx_word' id='word_1_706' title='bbox 2493 4719 2556 4782; x_wconf 66' lang='grc' dir='ltr'><strong>δ”</strong></span> <span class='ocrx_word' id='word_1_707' title='bbox 2613 4719 2749 4790; x_wconf 65' lang='grc' dir='ltr'><strong>ὁμοῦ</strong></span> <span class='ocrx_word' id='word_1_708' title='bbox 2796 4720 2894 4790; x_wconf 72' lang='grc' dir='ltr'>ἔτη</span> <span class='ocrx_word' id='word_1_709' title='bbox 2929 4719 3011 4783; x_wconf 68' lang='grc' dir='ltr'><strong>κζ’</strong></span> <span class='ocrx_word' id='word_1_710' title='bbox 3050 4719 3224 4788; x_wconf 85' lang='grc' dir='ltr'>μῆνας</span> <span class='ocrx_word' id='word_1_711' title='bbox 3271 4716 3332 4770; x_wconf 83' lang='grc' dir='ltr'>δ’.</span> <span class='ocrx_word' id='word_1_712' title='bbox 3407 4718 3475 4770; x_wconf 81' lang='grc' dir='ltr'><strong>Ἦ</strong></span> <span class='ocrx_word' id='word_1_713' title='bbox 3528 4715 3778 4784; x_wconf 82' lang='grc' dir='ltr'>Θεοδὼρα</span> <span class='ocrx_word' id='word_1_714' title='bbox 3842 4717 4098 4785; x_wconf 72' lang='grc' dir='ltr'>εὐσεδὴς</span> 
     </span>
    </p>
   </div>
   <div class='ocr_carea' id='block_1_108' title="bbox 2494 4807 4100 4880">
    <p class='ocr_par' dir='ltr' id='par_1_108' title="bbox 2494 4807 4100 4880">
     <span class='ocr_line' id='line_1_108' title="bbox 2494 4807 4100 4880; baseline -0.001 -16"><span class='ocrx_word' id='word_1_715' title='bbox 2494 4808 2625 4864; x_wconf 83' lang='grc' dir='ltr'>οὖσα</span> <span class='ocrx_word' id='word_1_716' title='bbox 2667 4814 2760 4864; x_wconf 73' lang='grc' dir='ltr'>καὶ</span> <span class='ocrx_word' id='word_1_717' title='bbox 2797 4812 2964 4880; x_wconf 79' lang='grc' dir='ltr'>πιστὴ</span> <span class='ocrx_word' id='word_1_718' title='bbox 2995 4815 3086 4863; x_wconf 76' lang='grc' dir='ltr'>καὶ</span> <span class='ocrx_word' id='word_1_719' title='bbox 3127 4808 3405 4878; x_wconf 79' lang='grc' dir='ltr'>όρθόδοξος</span> <span class='ocrx_word' id='word_1_720' title='bbox 3444 4810 3522 4860; x_wconf 70' lang='grc' dir='ltr'>ἔτι</span> <span class='ocrx_word' id='word_1_721' title='bbox 3555 4807 3648 4860; x_wconf 78' lang='grc' dir='ltr'>τοῦ</span> <span class='ocrx_word' id='word_1_722' title='bbox 3675 4807 3869 4876; x_wconf 80' lang='grc' dir='ltr'>ἀνδρὸς</span> <span class='ocrx_word' id='word_1_723' title='bbox 3909 4811 4100 4877; x_wconf 72' lang='grc' dir='ltr'>αὐτῆς</span> 
     </span>
    </p>
   </div>
   <div class='ocr_carea' id='block_1_109' title="bbox 2497 4900 4102 4973">
    <p class='ocr_par' dir='ltr' id='par_1_109' title="bbox 2497 4900 4102 4973">
     <span class='ocr_line' id='line_1_109' title="bbox 2497 4900 4102 4973; baseline 0 -18"><span class='ocrx_word' id='word_1_724' title='bbox 2497 4905 2780 4972; x_wconf 87' lang='grc' dir='ltr'>περιόντος</span> <span class='ocrx_word' id='word_1_725' title='bbox 2815 4903 2989 4973; x_wconf 84' lang='grc' dir='ltr'>λάθρα</span> <span class='ocrx_word' id='word_1_726' title='bbox 3025 4903 3124 4964; x_wconf 83' lang='grc' dir='ltr'>τὰς</span> <span class='ocrx_word' id='word_1_727' title='bbox 3172 4903 3332 4967; x_wconf 83' lang='grc' dir='ltr'>ἁγίας</span> <span class='ocrx_word' id='word_1_728' title='bbox 3374 4902 3590 4962; x_wconf 74' lang='grc' dir='ltr'>εἰκόνας</span> <span class='ocrx_word' id='word_1_729' title='bbox 3629 4900 3792 4966; x_wconf 70' lang='grc' dir='ltr'>ἐτίμα</span> <span class='ocrx_word' id='word_1_730' title='bbox 3827 4901 3927 4952; x_wconf 79' lang='grc' dir='ltr'><strong>καὶ</strong></span> <span class='ocrx_word' id='word_1_731' title='bbox 3967 4903 4102 4955; x_wconf 73' lang='grc' dir='ltr'>ἐσέ-</span> 
     </span>
    </p>
   </div>
   <div class='ocr_carea' id='block_1_110' title="bbox 2496 4991 4104 5064">
    <p class='ocr_par' dir='ltr' id='par_1_110' title="bbox 2496 4991 4104 5064">
     <span class='ocr_line' id='line_1_110' title="bbox 2496 4991 4104 5064; baseline -0.001 -19"><span class='ocrx_word' id='word_1_732' title='bbox 2496 4995 2654 5047; x_wconf 76' lang='grc' dir='ltr'>ϐετο·</span> <span class='ocrx_word' id='word_1_733' title='bbox 2707 4995 2828 5062; x_wconf 77' lang='grc' dir='ltr'>ἥτις</span> <span class='ocrx_word' id='word_1_734' title='bbox 2887 4993 3082 5064; x_wconf 83' lang='grc' dir='ltr'>γνώμῃ</span> <span class='ocrx_word' id='word_1_735' title='bbox 3143 4995 3241 5062; x_wconf 76' lang='grc' dir='ltr'>μὲν</span> <span class='ocrx_word' id='word_1_736' title='bbox 3307 4993 3508 5060; x_wconf 79' lang='grc' dir='ltr'>αὐτῆς,</span> <span class='ocrx_word' id='word_1_737' title='bbox 3572 4991 3823 5060; x_wconf 76' lang='grc' dir='ltr'>ὑποθήκῃ</span> <span class='ocrx_word' id='word_1_738' title='bbox 3882 4991 3945 5042; x_wconf 71' lang='grc' dir='ltr'>δὲ</span> <span class='ocrx_word' id='word_1_739' title='bbox 4005 4997 4104 5043; x_wconf 73' lang='grc' dir='ltr'><strong>γαὶ</strong></span> 
     </span>
    </p>
   </div>
   <div class='ocr_carea' id='block_1_111' title="bbox 2496 5085 4101 5156">
    <p class='ocr_par' dir='ltr' id='par_1_111' title="bbox 2496 5085 4101 5156">
     <span class='ocr_line' id='line_1_111' title="bbox 2496 5085 4101 5156; baseline -0.001 -16"><span class='ocrx_word' id='word_1_740' title='bbox 2496 5088 2819 5156; x_wconf 82' lang='grc' dir='ltr'>παραινέσει</span> <span class='ocrx_word' id='word_1_741' title='bbox 2868 5088 3193 5139; x_wconf 82' lang='grc' dir='ltr'>Θεοκτίστου</span> <span class='ocrx_word' id='word_1_742' title='bbox 3253 5086 3564 5138; x_wconf 78' lang='grc' dir='ltr'>κανικλείου</span> <span class='ocrx_word' id='word_1_743' title='bbox 3617 5087 3709 5137; x_wconf 74' lang='grc' dir='ltr'>καὶ</span> <span class='ocrx_word' id='word_1_744' title='bbox 3761 5085 4101 5150; x_wconf 79' lang='grc' dir='ltr'>λογοθέτου,</span> 
     </span>
    </p>
   </div>
   <div class='ocr_carea' id='block_1_112' title="bbox 2497 5177 4101 5247">
    <p class='ocr_par' dir='ltr' id='par_1_112' title="bbox 2497 5177 4101 5247">
     <span class='ocr_line' id='line_1_112' title="bbox 2497 5177 4101 5247; baseline -0.002 -15"><span class='ocrx_word' id='word_1_745' title='bbox 2497 5180 2777 5245; x_wconf 81' lang='grc' dir='ltr'>ἐξελαύνει</span> <span class='ocrx_word' id='word_1_746' title='bbox 2828 5180 2926 5247; x_wconf 81' lang='grc' dir='ltr'><strong>τῆς</strong></span> <span class='ocrx_word' id='word_1_747' title='bbox 2983 5178 3317 5247; x_wconf 80' lang='grc' dir='ltr'>Ἐκκλησίας</span> <span class='ocrx_word' id='word_1_748' title='bbox 3373 5178 3465 5230; x_wconf 80' lang='grc' dir='ltr'><strong>τὸν</strong></span> <span class='ocrx_word' id='word_1_749' title='bbox 3517 5177 3674 5230; x_wconf 76' lang='grc' dir='ltr'>ἄθεον</span> <span class='ocrx_word' id='word_1_750' title='bbox 3724 5177 4101 5247; x_wconf 61' lang='grc' dir='ltr'>πατριάρχης-ν</span> 
     </span>
    </p>
   </div>
   <div class='ocr_carea' id='block_1_113' title="bbox 2495 5268 4104 5340">
    <p class='ocr_par' dir='ltr' id='par_1_113' title="bbox 2495 5268 4104 5340">
     <span class='ocr_line' id='line_1_113' title="bbox 2495 5268 4104 5340; baseline -0.001 -17"><span class='ocrx_word' id='word_1_751' title='bbox 2495 5273 2755 5340; x_wconf 84' lang='grc' dir='ltr'>Ἰωάννην</span> <span class='ocrx_word' id='word_1_752' title='bbox 2782 5309 2797 5332; x_wconf 96' lang='grc'><strong>,</strong></span> <span class='ocrx_word' id='word_1_753' title='bbox 2833 5271 3038 5339; x_wconf 82' lang='grc' dir='ltr'>καίπερ</span> <span class='ocrx_word' id='word_1_754' title='bbox 3069 5269 3359 5322; x_wconf 80' lang='grc' dir='ltr'>σύντεκνον</span> <span class='ocrx_word' id='word_1_755' title='bbox 3397 5269 3566 5334; x_wconf 76' lang='grc' dir='ltr'>αὐτῆς</span> <span class='ocrx_word' id='word_1_756' title='bbox 3611 5268 3740 5320; x_wconf 75' lang='grc' dir='ltr'>ὅντα</span> <span class='ocrx_word' id='word_1_757' title='bbox 3764 5307 3778 5328; x_wconf 94' lang='grc'><strong>,</strong></span> <span class='ocrx_word' id='word_1_758' title='bbox 3830 5272 4104 5339; x_wconf 74' lang='grc' dir='ltr'>περιορί-</span> 
     </span>
    </p>
   </div>
   <div class='ocr_carea' id='block_1_114' title="bbox 2497 5361 4105 5432">
    <p class='ocr_par' dir='ltr' id='par_1_114' title="bbox 2497 5361 4105 5432">
     <span class='ocr_line' id='line_1_114' title="bbox 2497 5361 4105 5432; baseline -0.001 -16"><span class='ocrx_word' id='word_1_759' title='bbox 2497 5381 2637 5416; x_wconf 89' lang='grc' dir='ltr'>σασα</span> <span class='ocrx_word' id='word_1_760' title='bbox 2664 5363 2856 5415; x_wconf 85' lang='grc' dir='ltr'>τοῦτον</span> <span class='ocrx_word' id='word_1_761' title='bbox 2880 5365 2936 5414; x_wconf 91' lang='grc' dir='ltr'><strong>ἐν</strong></span> <span class='ocrx_word' id='word_1_762' title='bbox 2966 5362 3043 5430; x_wconf 82' lang='grc' dir='ltr'>τῷ</span> <span class='ocrx_word' id='word_1_763' title='bbox 3068 5362 3248 5432; x_wconf 84' lang='grc' dir='ltr'>Στενῷ</span> <span class='ocrx_word' id='word_1_764' title='bbox 3270 5364 3348 5424; x_wconf 84' lang='grc' dir='ltr'>εἰς</span> <span class='ocrx_word' id='word_1_765' title='bbox 3379 5362 3441 5413; x_wconf 80' lang='grc' dir='ltr'><strong>τὸ</strong></span> <span class='ocrx_word' id='word_1_766' title='bbox 3466 5361 3796 5428; x_wconf 74' lang='grc' dir='ltr'>καλούμενον</span> <span class='ocrx_word' id='word_1_767' title='bbox 3829 5361 4105 5414; x_wconf 75' lang='grc' dir='ltr'>Κλείδιον</span> 
     </span>
    </p>
   </div>
   <div class='ocr_carea' id='block_1_115' title="bbox 2497 5452 4100 5525">
    <p class='ocr_par' dir='ltr' id='par_1_115' title="bbox 2497 5452 4100 5525">
     <span class='ocr_line' id='line_1_115' title="bbox 2497 5452 4100 5525; baseline -0.001 -17"><span class='ocrx_word' id='word_1_768' title='bbox 2497 5457 2556 5508; x_wconf 73' lang='grc' dir='ltr'><strong>ἐν</strong></span> <span class='ocrx_word' id='word_1_769' title='bbox 2587 5474 2690 5508; x_wconf 83' lang='grc' dir='ltr'>τινι</span> <span class='ocrx_word' id='word_1_770' title='bbox 2739 5456 3106 5525; x_wconf 83' lang='grc' dir='ltr'>μοναστηρίῳ.</span> <span class='ocrx_word' id='word_1_771' title='bbox 3154 5457 3332 5507; x_wconf 81' lang='grc' dir='ltr'>Κάκεῖ</span> <span class='ocrx_word' id='word_1_772' title='bbox 3363 5455 3522 5506; x_wconf 79' lang='grc' dir='ltr'>αὑτὸν</span> <span class='ocrx_word' id='word_1_773' title='bbox 3559 5454 3656 5514; x_wconf 78' lang='grc' dir='ltr'>τὰς</span> <span class='ocrx_word' id='word_1_774' title='bbox 3686 5452 3778 5503; x_wconf 73' lang='grc' dir='ltr'>τοῦ</span> <span class='ocrx_word' id='word_1_775' title='bbox 3827 5453 4100 5522; x_wconf 74' lang='grc' dir='ltr'>Χριστοῦ</span> 
     </span>
    </p>
   </div>
   <div class='ocr_carea' id='block_1_116' title="bbox 2497 5543 4108 5619">
    <p class='ocr_par' dir='ltr' id='par_1_116' title="bbox 2497 5543 4108 5619">
     <span class='ocr_line' id='line_1_116' title="bbox 2497 5543 4108 5619; baseline -0.006 -19"><span class='ocrx_word' id='word_1_776' title='bbox 2497 5549 2590 5600; x_wconf 82' lang='grc' dir='ltr'>τοῦ</span> <span class='ocrx_word' id='word_1_777' title='bbox 2626 5549 2762 5600; x_wconf 82' lang='grc' dir='ltr'>Θεοῦ</span> <span class='ocrx_word' id='word_1_778' title='bbox 2807 5547 2965 5618; x_wconf 82' lang='grc' dir='ltr'>ἡμῶν</span> <span class='ocrx_word' id='word_1_779' title='bbox 3021 5548 3232 5608; x_wconf 84' lang='grc' dir='ltr'>εἰκόνας</span> <span class='ocrx_word' id='word_1_780' title='bbox 3283 5546 3366 5619; x_wconf 82' lang='grc' dir='ltr'><strong>[Ρ.</strong></span> <span class='ocrx_word' id='word_1_781' title='bbox 3405 5543 3532 5614; x_wconf 68' lang='grc'><strong>429]</strong></span> <span class='ocrx_word' id='word_1_782' title='bbox 3583 5545 3676 5595; x_wconf 80' lang='grc' dir='ltr'><strong>καὶ</strong></span> <span class='ocrx_word' id='word_1_783' title='bbox 3719 5543 3822 5608; x_wconf 73' lang='grc' dir='ltr'>τῆς</span> <span class='ocrx_word' id='word_1_784' title='bbox 3868 5546 4108 5615; x_wconf 58' lang='grc' dir='ltr'><strong>Θεῦμῇ-</strong></span> 
     </span>
    </p>
   </div>
   <div class='ocr_carea' id='block_1_117' title="bbox 2495 5637 4104 5710">
    <p class='ocr_par' dir='ltr' id='par_1_117' title="bbox 2495 5637 4104 5710">
     <span class='ocr_line' id='line_1_117' title="bbox 2495 5637 4104 5710; baseline 0 -17"><span class='ocrx_word' id='word_1_785' title='bbox 2495 5657 2652 5710; x_wconf 85' lang='grc' dir='ltr'>τορος</span> <span class='ocrx_word' id='word_1_786' title='bbox 2701 5642 2794 5692; x_wconf 74' lang='grc' dir='ltr'><strong>καὶ</strong></span> <span class='ocrx_word' id='word_1_787' title='bbox 2840 5641 2946 5692; x_wconf 83' lang='grc' dir='ltr'><strong>τῶν</strong></span> <span class='ocrx_word' id='word_1_788' title='bbox 2995 5641 3452 5709; x_wconf 86' lang='grc' dir='ltr'>ἀρχιστρατήγων</span> <span class='ocrx_word' id='word_1_789' title='bbox 3501 5637 3908 5707; x_wconf 78' lang='grc' dir='ltr'>κατορύξαντα,</span> <span class='ocrx_word' id='word_1_790' title='bbox 3969 5645 4104 5702; x_wconf 51' lang='grc' dir='ltr'>τοὺς</span> 
     </span>
    </p>
   </div>
   <div class='ocr_carea' id='block_1_118' title="bbox 2500 5728 4106 5802">
    <p class='ocr_par' dir='ltr' id='par_1_118' title="bbox 2500 5728 4106 5802">
     <span class='ocr_line' id='line_1_118' title="bbox 2500 5728 4106 5802; baseline -0.001 -17"><span class='ocrx_word' id='word_1_791' title='bbox 2500 5734 2817 5802; x_wconf 56' lang='grc' dir='ltr'>ὀφθαλμοὺς</span> <span class='ocrx_word' id='word_1_792' title='bbox 2850 5733 3015 5784; x_wconf 76' lang='grc' dir='ltr'>αὑτοῦ</span> <span class='ocrx_word' id='word_1_793' title='bbox 3051 5733 3304 5801; x_wconf 76' lang='grc' dir='ltr'>ἐξορύξαι</span> <span class='ocrx_word' id='word_1_794' title='bbox 3333 5729 3638 5801; x_wconf 64' lang='grc' dir='ltr'>ἠϐουλήθησ</span> <span class='ocrx_word' id='word_1_795' title='bbox 3680 5728 4011 5783; x_wconf 80' lang='grc' dir='ltr'>κωλυθεῖσα</span> <span class='ocrx_word' id='word_1_796' title='bbox 4051 5735 4106 5784; x_wconf 68' lang='grc' dir='ltr'>ἐξ</span> 
     </span>
    </p>
   </div>
   <div class='ocr_carea' id='block_1_119' title="bbox 2501 5819 4105 5895">
    <p class='ocr_par' dir='ltr' id='par_1_119' title="bbox 2501 5819 4105 5895">
     <span class='ocr_line' id='line_1_119' title="bbox 2501 5819 4105 5895; baseline -0.002 -17"><span class='ocrx_word' id='word_1_797' title='bbox 2501 5829 2708 5895; x_wconf 76' lang='grc' dir='ltr'>πέμπει</span> <span class='ocrx_word' id='word_1_798' title='bbox 2755 5828 2848 5879; x_wconf 78' lang='grc' dir='ltr'><strong>καὶ</strong></span> <span class='ocrx_word' id='word_1_799' title='bbox 2903 5825 3153 5895; x_wconf 75' lang='grc' dir='ltr'>μαστίζει</span> <span class='ocrx_word' id='word_1_800' title='bbox 3179 5824 3337 5877; x_wconf 76' lang='grc' dir='ltr'>αὑτὸν</span> <span class='ocrx_word' id='word_1_801' title='bbox 3369 5823 3659 5882; x_wconf 79' lang='grc' dir='ltr'>διακοσίοις</span> <span class='ocrx_word' id='word_1_802' title='bbox 3691 5819 3928 5887; x_wconf 72' lang='grc' dir='ltr'>λὼροες,</span> <span class='ocrx_word' id='word_1_803' title='bbox 3978 5827 4105 5875; x_wconf 76' lang='grc' dir='ltr'>εἰσ-</span> 
     </span>
    </p>
   </div>
  </div>
