  <div class='ocr_page' id='page_1' title='image "/cluster/home/n/w/nwhite01/storage/ocr_20150623/109/nnc1.0046979867/363.png"; bbox 0 0 4174 6442; ppageno 0'>
   <div class='ocr_carea' id='block_1_1' title="bbox 775 451 879 514">
    <p class='ocr_par' dir='ltr' id='par_1_1' title="bbox 775 451 879 514">
     <span class='ocr_line' id='line_1_1' title="bbox 775 451 879 514; baseline 0 0"><span class='ocrx_word' id='word_1_1' title='bbox 775 451 879 514; x_wconf 78' lang='lat'><strong>711</strong></span> 
     </span>
    </p>
   </div>
   <div class='ocr_carea' id='block_1_2' title="bbox 1956 432 2752 499">
    <p class='ocr_par' dir='ltr' id='par_1_2' title="bbox 1956 432 2752 499">
     <span class='ocr_line' id='line_1_2' title="bbox 1956 432 2752 499; baseline -0.014 1"><span class='ocrx_word' id='word_1_2' title='bbox 1956 436 2252 499; x_wconf 69' lang='lat' dir='ltr'><strong>SYMEON</strong></span> <span class='ocrx_word' id='word_1_3' title='bbox 2267 436 2335 494; x_wconf 85' lang='lat' dir='ltr'><strong>lS</strong></span> <span class='ocrx_word' id='word_1_4' title='bbox 2377 432 2752 493; x_wconf 73' lang='lat' dir='ltr'><strong>MAGISTHI</strong></span> 
     </span>
    </p>
   </div>
   <div class='ocr_carea' id='block_1_3' title="bbox 3937 423 4047 486">
    <p class='ocr_par' dir='ltr' id='par_1_3' title="bbox 3937 423 4047 486">
     <span class='ocr_line' id='line_1_3' title="bbox 3937 423 4047 486; baseline -0.018 0"><span class='ocrx_word' id='word_1_5' title='bbox 3937 423 4047 486; x_wconf 72' lang='grc' dir='ltr'>ἨΞ</span> 
     </span>
    </p>
   </div>
   <div class='ocr_carea' id='block_1_4' title="bbox 780 540 2377 629">
    <p class='ocr_par' dir='ltr' id='par_1_4' title="bbox 780 548 2357 629">
     <span class='ocr_line' id='line_1_4' title="bbox 780 548 2357 629; baseline -0.014 -9"><span class='ocrx_word' id='word_1_6' title='bbox 780 565 1099 620; x_wconf 80' lang='lat' dir='ltr'><strong>videbatur.</strong></span> <span class='ocrx_word' id='word_1_7' title='bbox 1135 561 1343 629; x_wconf 78' lang='lat' dir='ltr'><strong>Quovis</strong></span> <span class='ocrx_word' id='word_1_8' title='bbox 1370 568 1519 614; x_wconf 86' lang='lat' dir='ltr'><strong>certe</strong></span> <span class='ocrx_word' id='word_1_9' title='bbox 1562 558 1720 613; x_wconf 89' lang='lat' dir='ltr'><strong>titulo</strong></span> <span class='ocrx_word' id='word_1_10' title='bbox 1745 554 2053 616; x_wconf 85' lang='lat' dir='ltr'><strong>amabatur,</strong></span> <span class='ocrx_word' id='word_1_11' title='bbox 2094 567 2157 604; x_wconf 85' lang='lat' dir='ltr'><strong>ac</strong></span> <span class='ocrx_word' id='word_1_12' title='bbox 2179 548 2357 603; x_wconf 83' lang='lat' dir='ltr'><strong>Theo-</strong></span> 
     </span>
    </p>
   </div>
   <div class='ocr_carea' id='block_1_5' title="bbox 2478 540 4051 629">
    <p class='ocr_par' dir='ltr' id='par_1_5' title="bbox 2478 540 4051 614">
     <span class='ocr_line' id='line_1_5' title="bbox 2478 540 4051 614; baseline -0.006 -15"><span class='ocrx_word' id='word_1_13' title='bbox 2478 547 2750 614; x_wconf 70' lang='grc' dir='ltr'>διαφέρειν</span> <span class='ocrx_word' id='word_1_14' title='bbox 2784 545 2877 598; x_wconf 73' lang='grc' dir='ltr'><strong>ἐπὶ</strong></span> <span class='ocrx_word' id='word_1_15' title='bbox 2902 544 3215 613; x_wconf 74' lang='grc' dir='ltr'>λογιότητος</span> <span class='ocrx_word' id='word_1_16' title='bbox 3256 543 3413 606; x_wconf 78' lang='grc' dir='ltr'>δόξαν</span> <span class='ocrx_word' id='word_1_17' title='bbox 3446 543 3566 594; x_wconf 72' lang='grc' dir='ltr'>τινὰ</span> <span class='ocrx_word' id='word_1_18' title='bbox 3601 540 3886 611; x_wconf 67' lang='grc' dir='ltr'>ἐσχηκώς*</span> <span class='ocrx_word' id='word_1_19' title='bbox 3912 541 4051 609; x_wconf 69' lang='grc' dir='ltr'>πλὴν</span> 
     </span>
    </p>
   </div>
   <div class='ocr_carea' id='block_1_6' title="bbox 778 641 2357 727">
    <p class='ocr_par' dir='ltr' id='par_1_6' title="bbox 778 641 2357 727">
     <span class='ocr_line' id='line_1_6' title="bbox 778 641 2357 727; baseline -0.012 -15"><span class='ocrx_word' id='word_1_20' title='bbox 778 659 912 727; x_wconf 90' lang='lat' dir='ltr'><strong>pbili</strong></span> <span class='ocrx_word' id='word_1_21' title='bbox 942 667 1248 727; x_wconf 62' lang='lat' dir='ltr'><strong>prteceptor</strong></span> <span class='ocrx_word' id='word_1_22' title='bbox 1276 654 1591 724; x_wconf 62' lang='lat' dir='ltr'><strong>praeﬁcitur.</strong></span> <span class='ocrx_word' id='word_1_23' title='bbox 1624 650 1965 720; x_wconf 79' lang='lat' dir='ltr'><strong>Theophilus</strong></span> <span class='ocrx_word' id='word_1_24' title='bbox 1991 661 2113 699; x_wconf 75' lang='lat' dir='ltr'><strong>mox</strong></span> <span class='ocrx_word' id='word_1_25' title='bbox 2140 641 2357 712; x_wconf 82' lang='lat' dir='ltr'><strong>imperii</strong></span> 
     </span>
    </p>
   </div>
   <div class='ocr_carea' id='block_1_7' title="bbox 781 738 2362 817">
    <p class='ocr_par' dir='ltr' id='par_1_7' title="bbox 781 738 2362 817">
     <span class='ocr_line' id='line_1_7' title="bbox 781 738 2362 817; baseline -0.012 -14"><span class='ocrx_word' id='word_1_26' title='bbox 781 752 1020 804; x_wconf 84' lang='lat' dir='ltr'><strong>habenas</strong></span> <span class='ocrx_word' id='word_1_27' title='bbox 1060 750 1292 816; x_wconf 64' lang='lat' dir='ltr'><strong>adeptus</strong></span> <span class='ocrx_word' id='word_1_28' title='bbox 1314 747 1539 817; x_wconf 73' lang='lat' dir='ltr'><strong>syneelli</strong></span> <span class='ocrx_word' id='word_1_29' title='bbox 1571 743 1723 814; x_wconf 93' lang='lat' dir='ltr'><strong>prius</strong></span> <span class='ocrx_word' id='word_1_30' title='bbox 1754 743 1963 794; x_wconf 90' lang='lat' dir='ltr'><strong>honore</strong></span> <span class='ocrx_word' id='word_1_31' title='bbox 1996 738 2185 798; x_wconf 89' lang='lat' dir='ltr'><strong>donat,</strong></span> <span class='ocrx_word' id='word_1_32' title='bbox 2219 745 2362 787; x_wconf 89' lang='lat' dir='ltr'><strong>tum-</strong></span> 
     </span>
    </p>
   </div>
   <div class='ocr_carea' id='block_1_8' title="bbox 780 830 2359 911">
    <p class='ocr_par' dir='ltr' id='par_1_8' title="bbox 780 830 2359 911">
     <span class='ocr_line' id='line_1_8' title="bbox 780 830 2359 911; baseline -0.011 -15"><span class='ocrx_word' id='word_1_33' title='bbox 780 858 888 911; x_wconf 92' lang='lat' dir='ltr'><strong>que</strong></span> <span class='ocrx_word' id='word_1_34' title='bbox 910 843 1075 895; x_wconf 88' lang='lat' dir='ltr'><strong>etiam</strong></span> <span class='ocrx_word' id='word_1_35' title='bbox 1108 841 1478 908; x_wconf 86' lang='lat' dir='ltr'><strong>patriarcham</strong></span> <span class='ocrx_word' id='word_1_36' title='bbox 1502 837 1851 906; x_wconf 89' lang='lat' dir='ltr'><strong>Cpolitanum</strong></span> <span class='ocrx_word' id='word_1_37' title='bbox 1880 830 2192 892; x_wconf 91' lang='lat' dir='ltr'><strong>constituit,</strong></span> <span class='ocrx_word' id='word_1_38' title='bbox 2235 842 2359 879; x_wconf 91' lang='lat' dir='ltr'><strong>cum</strong></span> 
     </span>
    </p>
   </div>
   <div class='ocr_carea' id='block_1_9' title="bbox 784 920 2360 998">
    <p class='ocr_par' dir='ltr' id='par_1_9' title="bbox 784 920 2360 998">
     <span class='ocr_line' id='line_1_9' title="bbox 784 920 2360 998; baseline -0.012 -10"><span class='ocrx_word' id='word_1_39' title='bbox 784 934 831 988; x_wconf 98' lang='lat' dir='ltr'><strong>is</strong></span> <span class='ocrx_word' id='word_1_40' title='bbox 870 934 943 986; x_wconf 89' lang='lat' dir='ltr'><strong>illi</strong></span> <span class='ocrx_word' id='word_1_41' title='bbox 980 933 1323 986; x_wconf 89' lang='lat' dir='ltr'><strong>divinatione</strong></span> <span class='ocrx_word' id='word_1_42' title='bbox 1365 947 1429 984; x_wconf 83' lang='lat' dir='ltr'><strong>ex</strong></span> <span class='ocrx_word' id='word_1_43' title='bbox 1482 930 1625 998; x_wconf 87' lang='lat' dir='ltr'><strong>pelvi</strong></span> <span class='ocrx_word' id='word_1_44' title='bbox 1666 944 1729 982; x_wconf 93' lang='lat' dir='ltr'><strong>ac</strong></span> <span class='ocrx_word' id='word_1_45' title='bbox 1777 925 2069 996; x_wconf 64' lang='lat' dir='ltr'><strong>praestigiis</strong></span> <span class='ocrx_word' id='word_1_46' title='bbox 2114 920 2360 990; x_wconf 71' lang='lat' dir='ltr'><strong>quaedam</strong></span> 
     </span>
    </p>
   </div>
   <div class='ocr_carea' id='block_1_10' title="bbox 779 1011 2360 1087">
    <p class='ocr_par' dir='ltr' id='par_1_10' title="bbox 779 1011 2360 1087">
     <span class='ocr_line' id='line_1_10' title="bbox 779 1011 2360 1087; baseline -0.011 -9"><span class='ocrx_word' id='word_1_47' title='bbox 779 1025 1098 1079; x_wconf 76' lang='lat' dir='ltr'><strong>futurorum</strong></span> <span class='ocrx_word' id='word_1_48' title='bbox 1132 1022 1392 1077; x_wconf 81' lang='lat' dir='ltr'><strong>vaticinia</strong></span> <span class='ocrx_word' id='word_1_49' title='bbox 1422 1022 1632 1075; x_wconf 85' lang='lat' dir='ltr'><strong>ederet.</strong></span> <span class='ocrx_word' id='word_1_50' title='bbox 1658 1018 1952 1087; x_wconf 69' lang='lat' dir='ltr'><strong>Prmstigiae</strong></span> <span class='ocrx_word' id='word_1_51' title='bbox 1982 1017 2037 1068; x_wconf 92' lang='lat' dir='ltr'><strong>in</strong></span> <span class='ocrx_word' id='word_1_52' title='bbox 2062 1029 2129 1068; x_wconf 89' lang='lat' dir='ltr'><strong>eo</strong></span> <span class='ocrx_word' id='word_1_53' title='bbox 2151 1011 2360 1081; x_wconf 65' lang='lat' dir='ltr'><strong>positae.</strong></span> 
     </span>
    </p>
   </div>
   <div class='ocr_carea' id='block_1_11' title="bbox 782 1103 2365 1185">
    <p class='ocr_par' dir='ltr' id='par_1_11' title="bbox 782 1103 2365 1185">
     <span class='ocr_line' id='line_1_11' title="bbox 782 1103 2365 1185; baseline -0.01 -15"><span class='ocrx_word' id='word_1_54' title='bbox 782 1116 929 1170; x_wconf 86' lang='lat' dir='ltr'><strong>Gens</strong></span> <span class='ocrx_word' id='word_1_55' title='bbox 965 1115 1215 1185; x_wconf 71' lang='lat' dir='ltr'><strong>quredam</strong></span> <span class='ocrx_word' id='word_1_56' title='bbox 1263 1113 1502 1167; x_wconf 84' lang='lat' dir='ltr'><strong>inﬁdelis</strong></span> <span class='ocrx_word' id='word_1_57' title='bbox 1536 1113 1856 1179; x_wconf 87' lang='lat' dir='ltr'><strong>truciorque</strong></span> <span class='ocrx_word' id='word_1_58' title='bbox 1915 1108 2092 1161; x_wconf 87' lang='lat' dir='ltr'><strong>tribus</strong></span> <span class='ocrx_word' id='word_1_59' title='bbox 2126 1103 2365 1158; x_wconf 89' lang='lat' dir='ltr'><strong>ducibus</strong></span> 
     </span>
    </p>
   </div>
   <div class='ocr_carea' id='block_1_12' title="bbox 785 1200 2367 1276">
    <p class='ocr_par' dir='ltr' id='par_1_12' title="bbox 785 1200 2367 1276">
     <span class='ocr_line' id='line_1_12' title="bbox 785 1200 2367 1276; baseline -0.008 -15"><span class='ocrx_word' id='word_1_60' title='bbox 785 1207 1119 1276; x_wconf 85' lang='lat' dir='ltr'><strong>quandoque</strong></span> <span class='ocrx_word' id='word_1_61' title='bbox 1170 1207 1474 1262; x_wconf 83' lang='lat' dir='ltr'><strong>Romanam</strong></span> <span class='ocrx_word' id='word_1_62' title='bbox 1523 1205 1792 1258; x_wconf 83' lang='lat' dir='ltr'><strong>ditionem</strong></span> <span class='ocrx_word' id='word_1_63' title='bbox 1847 1200 2161 1255; x_wconf 83' lang='lat' dir='ltr'><strong>incursabat</strong></span> <span class='ocrx_word' id='word_1_64' title='bbox 2201 1206 2367 1264; x_wconf 92' lang='lat' dir='ltr'><strong>atque</strong></span> 
     </span>
    </p>
   </div>
   <div class='ocr_carea' id='block_1_13' title="bbox 785 1289 2370 1367">
    <p class='ocr_par' dir='ltr' id='par_1_13' title="bbox 785 1289 2370 1367">
     <span class='ocr_line' id='line_1_13' title="bbox 785 1289 2370 1367; baseline -0.008 -15"><span class='ocrx_word' id='word_1_65' title='bbox 785 1300 1055 1354; x_wconf 83' lang='lat' dir='ltr'><strong>vastabat.</strong></span> <span class='ocrx_word' id='word_1_66' title='bbox 1108 1300 1185 1354; x_wconf 85' lang='lat' dir='ltr'><strong>Ea</strong></span> <span class='ocrx_word' id='word_1_67' title='bbox 1249 1316 1374 1363; x_wconf 91' lang='lat' dir='ltr'><strong>res,</strong></span> <span class='ocrx_word' id='word_1_68' title='bbox 1424 1308 1481 1352; x_wconf 93' lang='lat' dir='ltr'><strong>ut</strong></span> <span class='ocrx_word' id='word_1_69' title='bbox 1514 1314 1608 1367; x_wconf 90' lang='lat' dir='ltr'><strong>par</strong></span> <span class='ocrx_word' id='word_1_70' title='bbox 1645 1305 1729 1351; x_wconf 89' lang='lat' dir='ltr'><strong>est</strong></span> <span class='ocrx_word' id='word_1_71' title='bbox 1753 1336 1767 1359; x_wconf 88' lang='lat'><strong>,</strong></span> <span class='ocrx_word' id='word_1_72' title='bbox 1804 1294 1987 1348; x_wconf 80' lang='lat' dir='ltr'><strong>animi</strong></span> <span class='ocrx_word' id='word_1_73' title='bbox 2011 1292 2233 1347; x_wconf 67' lang='lat' dir='ltr'><strong>anxium</strong></span> <span class='ocrx_word' id='word_1_74' title='bbox 2274 1289 2370 1341; x_wconf 91' lang='lat' dir='ltr'><strong>tri—</strong></span> 
     </span>
    </p>
   </div>
   <div class='ocr_carea' id='block_1_14' title="bbox 787 1384 2365 1463">
    <p class='ocr_par' dir='ltr' id='par_1_14' title="bbox 787 1384 2365 1463">
     <span class='ocr_line' id='line_1_14' title="bbox 787 1384 2365 1463; baseline -0.008 -16"><span class='ocrx_word' id='word_1_75' title='bbox 787 1402 1040 1463; x_wconf 87' lang='lat' dir='ltr'><strong>stemque</strong></span> <span class='ocrx_word' id='word_1_76' title='bbox 1077 1392 1445 1460; x_wconf 89' lang='lat' dir='ltr'><strong>Theophilum</strong></span> <span class='ocrx_word' id='word_1_77' title='bbox 1490 1404 1795 1457; x_wconf 90' lang='lat' dir='ltr'><strong>omnesque</strong></span> <span class='ocrx_word' id='word_1_78' title='bbox 1827 1386 2079 1442; x_wconf 90' lang='lat' dir='ltr'><strong>subditos</strong></span> <span class='ocrx_word' id='word_1_79' title='bbox 2111 1384 2365 1437; x_wconf 81' lang='lat' dir='ltr'><strong>habebat.</strong></span> 
     </span>
    </p>
   </div>
   <div class='ocr_carea' id='block_1_15' title="bbox 785 1480 2371 1554">
    <p class='ocr_par' dir='ltr' id='par_1_15' title="bbox 785 1480 2371 1554">
     <span class='ocr_line' id='line_1_15' title="bbox 785 1480 2371 1554; baseline -0.008 -15"><span class='ocrx_word' id='word_1_80' title='bbox 785 1484 1097 1539; x_wconf 77' lang='lat' dir='ltr'><strong>Mmstitiam</strong></span> <span class='ocrx_word' id='word_1_81' title='bbox 1131 1484 1296 1554; x_wconf 79' lang='lat'><strong>650</strong></span> <span class='ocrx_word' id='word_1_82' title='bbox 1326 1483 1565 1537; x_wconf 82' lang='lat' dir='ltr'><strong>Joannes</strong></span> <span class='ocrx_word' id='word_1_83' title='bbox 1604 1496 1811 1550; x_wconf 89' lang='lat' dir='ltr'><strong>ponere</strong></span> <span class='ocrx_word' id='word_1_84' title='bbox 1855 1480 2031 1548; x_wconf 84' lang='lat' dir='ltr'><strong>jubet,</strong></span> <span class='ocrx_word' id='word_1_85' title='bbox 2070 1486 2371 1545; x_wconf 82' lang='lat' dir='ltr'><strong>pectusque</strong></span> 
     </span>
    </p>
   </div>
   <div class='ocr_carea' id='block_1_16' title="bbox 789 1568 2373 1645">
    <p class='ocr_par' dir='ltr' id='par_1_16' title="bbox 789 1568 2373 1645">
     <span class='ocr_line' id='line_1_16' title="bbox 789 1568 2373 1645; baseline -0.006 -16"><span class='ocrx_word' id='word_1_86' title='bbox 789 1592 1044 1629; x_wconf 84' lang='lat' dir='ltr'><strong>securum</strong></span> <span class='ocrx_word' id='word_1_87' title='bbox 1084 1590 1148 1629; x_wconf 93' lang='lat' dir='ltr'><strong>ac</strong></span> <span class='ocrx_word' id='word_1_88' title='bbox 1210 1575 1396 1645; x_wconf 83' lang='lat' dir='ltr'><strong>gaudii</strong></span> <span class='ocrx_word' id='word_1_89' title='bbox 1450 1576 1672 1643; x_wconf 89' lang='lat' dir='ltr'><strong>plenum</strong></span> <span class='ocrx_word' id='word_1_90' title='bbox 1709 1588 1935 1641; x_wconf 78' lang='lat' dir='ltr'><strong>gerere,</strong></span> <span class='ocrx_word' id='word_1_91' title='bbox 1975 1570 2020 1623; x_wconf 89' lang='lat' dir='ltr'><strong>si</strong></span> <span class='ocrx_word' id='word_1_92' title='bbox 2067 1568 2229 1622; x_wconf 91' lang='lat' dir='ltr'><strong>modo</strong></span> <span class='ocrx_word' id='word_1_93' title='bbox 2254 1569 2373 1637; x_wconf 89' lang='lat' dir='ltr'><strong>ejus</strong></span> 
     </span>
    </p>
   </div>
   <div class='ocr_carea' id='block_1_17' title="bbox 786 1660 2376 1735">
    <p class='ocr_par' dir='ltr' id='par_1_17' title="bbox 786 1660 2376 1735">
     <span class='ocr_line' id='line_1_17' title="bbox 786 1660 2376 1735; baseline -0.004 -18"><span class='ocrx_word' id='word_1_94' title='bbox 786 1667 921 1720; x_wconf 89' lang='lat' dir='ltr'><strong>velit</strong></span> <span class='ocrx_word' id='word_1_95' title='bbox 954 1667 1201 1722; x_wconf 81' lang='lat' dir='ltr'><strong>consiliis</strong></span> <span class='ocrx_word' id='word_1_96' title='bbox 1236 1683 1443 1719; x_wconf 89' lang='lat' dir='ltr'><strong>morem</strong></span> <span class='ocrx_word' id='word_1_97' title='bbox 1492 1681 1703 1735; x_wconf 81' lang='lat' dir='ltr'><strong>gerere.</strong></span> <span class='ocrx_word' id='word_1_98' title='bbox 1756 1665 1812 1718; x_wconf 73' lang='grc' dir='ltr'><strong>ιιι</strong></span> <span class='ocrx_word' id='word_1_99' title='bbox 1849 1679 1981 1715; x_wconf 87' lang='lat' dir='ltr'><strong>vero</strong></span> <span class='ocrx_word' id='word_1_100' title='bbox 2026 1662 2103 1715; x_wconf 86' lang='lat' dir='ltr'><strong>illi</strong></span> <span class='ocrx_word' id='word_1_101' title='bbox 2158 1660 2376 1713; x_wconf 84' lang='lat' dir='ltr'><strong>consul-</strong></span> 
     </span>
    </p>
   </div>
   <div class='ocr_carea' id='block_1_18' title="bbox 788 1755 2371 1822">
    <p class='ocr_par' dir='ltr' id='par_1_18' title="bbox 788 1755 2371 1822">
     <span class='ocr_line' id='line_1_18' title="bbox 788 1755 2371 1822; baseline -0.005 -12"><span class='ocrx_word' id='word_1_102' title='bbox 788 1766 927 1810; x_wconf 92' lang='lat' dir='ltr'><strong>tum.</strong></span> <span class='ocrx_word' id='word_1_103' title='bbox 965 1759 1114 1813; x_wconf 85' lang='lat' dir='ltr'><strong>Inter</strong></span> <span class='ocrx_word' id='word_1_104' title='bbox 1159 1773 1340 1811; x_wconf 67' lang='lat' dir='ltr'><strong>aeneas</strong></span> <span class='ocrx_word' id='word_1_105' title='bbox 1368 1756 1514 1811; x_wconf 88' lang='lat' dir='ltr'><strong>Circi</strong></span> <span class='ocrx_word' id='word_1_106' title='bbox 1555 1764 1768 1810; x_wconf 84' lang='lat' dir='ltr'><strong>statuas</strong></span> <span class='ocrx_word' id='word_1_107' title='bbox 1808 1755 1874 1808; x_wconf 86' lang='lat' dir='ltr'><strong>ad</strong></span> <span class='ocrx_word' id='word_1_108' title='bbox 1909 1755 2173 1822; x_wconf 85' lang='lat' dir='ltr'><strong>Euripum</strong></span> <span class='ocrx_word' id='word_1_109' title='bbox 2206 1766 2371 1805; x_wconf 90' lang='lat' dir='ltr'><strong>unam</strong></span> 
     </span>
    </p>
   </div>
   <div class='ocr_carea' id='block_1_19' title="bbox 786 1844 2371 1917">
    <p class='ocr_par' dir='ltr' id='par_1_19' title="bbox 786 1844 2371 1917">
     <span class='ocr_line' id='line_1_19' title="bbox 786 1844 2371 1917; baseline -0.005 -16"><span class='ocrx_word' id='word_1_110' title='bbox 786 1849 1079 1917; x_wconf 90' lang='lat' dir='ltr'><strong>quamdam</strong></span> <span class='ocrx_word' id='word_1_111' title='bbox 1133 1849 1427 1917; x_wconf 89' lang='lat' dir='ltr'><strong>tricipitem</strong></span> <span class='ocrx_word' id='word_1_112' title='bbox 1489 1857 1670 1901; x_wconf 90' lang='lat' dir='ltr'><strong>stare:</strong></span> <span class='ocrx_word' id='word_1_113' title='bbox 1736 1849 1855 1916; x_wconf 77' lang='lat' dir='ltr'><strong>ejus</strong></span> <span class='ocrx_word' id='word_1_114' title='bbox 1909 1848 2008 1899; x_wconf 86' lang='lat' dir='ltr'><strong>tria</strong></span> <span class='ocrx_word' id='word_1_115' title='bbox 2058 1846 2150 1898; x_wconf 89' lang='lat' dir='ltr'><strong>illa</strong></span> <span class='ocrx_word' id='word_1_116' title='bbox 2195 1844 2371 1910; x_wconf 89' lang='lat' dir='ltr'><strong>capita</strong></span> 
     </span>
    </p>
   </div>
   <div class='ocr_carea' id='block_1_20' title="bbox 787 1935 2375 2008">
    <p class='ocr_par' dir='ltr' id='par_1_20' title="bbox 787 1935 2375 2008">
     <span class='ocr_line' id='line_1_20' title="bbox 787 1935 2375 2008; baseline -0.003 -18"><span class='ocrx_word' id='word_1_117' title='bbox 787 1941 997 2008; x_wconf 82' lang='lat' dir='ltr'><strong>magice</strong></span> <span class='ocrx_word' id='word_1_118' title='bbox 1031 1948 1349 1994; x_wconf 87' lang='lat' dir='ltr'><strong>consecrata</strong></span> <span class='ocrx_word' id='word_1_119' title='bbox 1366 1940 1433 1993; x_wconf 87' lang='lat' dir='ltr'><strong>ad</strong></span> <span class='ocrx_word' id='word_1_120' title='bbox 1456 1940 1635 2008; x_wconf 82' lang='lat' dir='ltr'><strong>gentis</strong></span> <span class='ocrx_word' id='word_1_121' title='bbox 1664 1939 1811 1992; x_wconf 90' lang='lat' dir='ltr'><strong>illius</strong></span> <span class='ocrx_word' id='word_1_122' title='bbox 1846 1937 2036 1990; x_wconf 78' lang='lat' dir='ltr'><strong>referri</strong></span> <span class='ocrx_word' id='word_1_123' title='bbox 2071 1935 2375 1989; x_wconf 86' lang='lat' dir='ltr'><strong>duces..lu-</strong></span> 
     </span>
    </p>
   </div>
   <div class='ocr_carea' id='block_1_21' title="bbox 788 2025 2377 2101">
    <p class='ocr_par' dir='ltr' id='par_1_21' title="bbox 788 2025 2377 2101">
     <span class='ocr_line' id='line_1_21' title="bbox 788 2025 2377 2101; baseline -0.005 -16"><span class='ocrx_word' id='word_1_124' title='bbox 788 2031 882 2085; x_wconf 92' lang='lat' dir='ltr'><strong>bet</strong></span> <span class='ocrx_word' id='word_1_125' title='bbox 903 2048 1032 2101; x_wconf 86' lang='lat' dir='ltr'><strong>ergo</strong></span> <span class='ocrx_word' id='word_1_126' title='bbox 1057 2042 1168 2085; x_wconf 89' lang='lat' dir='ltr'><strong>tres</strong></span> <span class='ocrx_word' id='word_1_127' title='bbox 1188 2032 1454 2084; x_wconf 81' lang='lat' dir='ltr'><strong>maximos</strong></span> <span class='ocrx_word' id='word_1_128' title='bbox 1484 2030 1783 2084; x_wconf 82' lang='lat' dir='ltr'><strong>fabricatos</strong></span> <span class='ocrx_word' id='word_1_129' title='bbox 1805 2028 2031 2081; x_wconf 88' lang='lat' dir='ltr'><strong>mallcos</strong></span> <span class='ocrx_word' id='word_1_130' title='bbox 2049 2027 2226 2079; x_wconf 86' lang='lat' dir='ltr'><strong>tribus</strong></span> <span class='ocrx_word' id='word_1_131' title='bbox 2246 2025 2377 2077; x_wconf 85' lang='lat' dir='ltr'><strong>viris</strong></span> 
     </span>
    </p>
   </div>
   <div class='ocr_carea' id='block_1_22' title="bbox 788 2118 2376 2185">
    <p class='ocr_par' dir='ltr' id='par_1_22' title="bbox 788 2118 2376 2185">
     <span class='ocr_line' id='line_1_22' title="bbox 788 2118 2376 2185; baseline -0.004 -10"><span class='ocrx_word' id='word_1_132' title='bbox 788 2123 1187 2177; x_wconf 82' lang='lat' dir='ltr'><strong>robustissimis</strong></span> <span class='ocrx_word' id='word_1_133' title='bbox 1220 2124 1273 2176; x_wconf 90' lang='lat' dir='ltr'><strong>in</strong></span> <span class='ocrx_word' id='word_1_134' title='bbox 1307 2122 1679 2176; x_wconf 86' lang='lat' dir='ltr'><strong>manustradi.</strong></span> <span class='ocrx_word' id='word_1_135' title='bbox 1704 2118 2181 2185; x_wconf 80' lang='lat' dir='ltr'><strong>Profundaitaquc</strong></span> <span class='ocrx_word' id='word_1_136' title='bbox 2215 2125 2376 2169; x_wconf 88' lang='lat' dir='ltr'><strong>nocte</strong></span> 
     </span>
    </p>
   </div>
   <div class='ocr_carea' id='block_1_23' title="bbox 792 2207 2373 2281">
    <p class='ocr_par' dir='ltr' id='par_1_23' title="bbox 792 2207 2373 2281">
     <span class='ocr_line' id='line_1_23' title="bbox 792 2207 2373 2281; baseline -0.003 -16"><span class='ocrx_word' id='word_1_137' title='bbox 792 2214 1045 2281; x_wconf 80' lang='lat' dir='ltr'><strong>utrisque</strong></span> <span class='ocrx_word' id='word_1_138' title='bbox 1091 2223 1317 2268; x_wconf 85' lang='lat' dir='ltr'><strong>ventum</strong></span> <span class='ocrx_word' id='word_1_139' title='bbox 1369 2212 1436 2265; x_wconf 85' lang='lat' dir='ltr'><strong>ad</strong></span> <span class='ocrx_word' id='word_1_140' title='bbox 1471 2222 1668 2266; x_wconf 74' lang='lat' dir='ltr'><strong>statua:</strong></span> <span class='ocrx_word' id='word_1_141' title='bbox 1706 2212 1930 2265; x_wconf 88' lang='lat' dir='ltr'><strong>locum:</strong></span> <span class='ocrx_word' id='word_1_142' title='bbox 1980 2208 2220 2263; x_wconf 80' lang='lat' dir='ltr'><strong>Joannes</strong></span> <span class='ocrx_word' id='word_1_143' title='bbox 2250 2207 2373 2261; x_wconf 87' lang='lat' dir='ltr'><strong>laici</strong></span> 
     </span>
    </p>
   </div>
   <div class='ocr_carea' id='block_1_24' title="bbox 793 2297 2375 2368">
    <p class='ocr_par' dir='ltr' id='par_1_24' title="bbox 793 2297 2375 2368">
     <span class='ocr_line' id='line_1_24' title="bbox 793 2297 2375 2368; baseline -0.004 -11"><span class='ocrx_word' id='word_1_144' title='bbox 793 2302 982 2357; x_wconf 89' lang='lat' dir='ltr'><strong>habitu</strong></span> <span class='ocrx_word' id='word_1_145' title='bbox 1018 2318 1137 2358; x_wconf 86' lang='lat' dir='ltr'><strong>sese</strong></span> <span class='ocrx_word' id='word_1_146' title='bbox 1166 2304 1501 2368; x_wconf 88' lang='lat' dir='ltr'><strong>occultabat,</strong></span> <span class='ocrx_word' id='word_1_147' title='bbox 1538 2302 1641 2357; x_wconf 88' lang='lat' dir='ltr'><strong>viri</strong></span> <span class='ocrx_word' id='word_1_148' title='bbox 1673 2311 1858 2356; x_wconf 80' lang='lat' dir='ltr'><strong>autent</strong></span> <span class='ocrx_word' id='word_1_149' title='bbox 1895 2301 2116 2354; x_wconf 89' lang='lat' dir='ltr'><strong>stabant</strong></span> <span class='ocrx_word' id='word_1_150' title='bbox 2143 2297 2375 2353; x_wconf 82' lang='lat' dir='ltr'><strong>sublatis</strong></span> 
     </span>
    </p>
   </div>
   <div class='ocr_carea' id='block_1_25' title="bbox 792 2390 2377 2465">
    <p class='ocr_par' dir='ltr' id='par_1_25' title="bbox 792 2390 2377 2465">
     <span class='ocr_line' id='line_1_25' title="bbox 792 2390 2377 2465; baseline -0.004 -17"><span class='ocrx_word' id='word_1_151' title='bbox 792 2395 1046 2459; x_wconf 87' lang='lat' dir='ltr'><strong>malleis,</strong></span> <span class='ocrx_word' id='word_1_152' title='bbox 1098 2411 1222 2449; x_wconf 92' lang='lat' dir='ltr'><strong>cum</strong></span> <span class='ocrx_word' id='word_1_153' title='bbox 1280 2396 1372 2450; x_wconf 91' lang='lat' dir='ltr'><strong>ille</strong></span> <span class='ocrx_word' id='word_1_154' title='bbox 1430 2395 1657 2465; x_wconf 80' lang='lat' dir='ltr'><strong>magicis</strong></span> <span class='ocrx_word' id='word_1_155' title='bbox 1698 2410 1888 2448; x_wconf 87' lang='lat' dir='ltr'><strong>secum</strong></span> <span class='ocrx_word' id='word_1_156' title='bbox 1933 2390 2377 2446; x_wconf 86' lang='lat' dir='ltr'><strong>invocationibus</strong></span> 
     </span>
    </p>
   </div>
   <div class='ocr_carea' id='block_1_26' title="bbox 793 2479 2376 2554">
    <p class='ocr_par' dir='ltr' id='par_1_26' title="bbox 793 2479 2376 2554">
     <span class='ocr_line' id='line_1_26' title="bbox 793 2479 2376 2554; baseline -0.004 -15"><span class='ocrx_word' id='word_1_157' title='bbox 793 2486 1029 2554; x_wconf 84' lang='lat' dir='ltr'><strong>peractis</strong></span> <span class='ocrx_word' id='word_1_158' title='bbox 1083 2501 1535 2554; x_wconf 90' lang='lat' dir='ltr'><strong>unumquemque</strong></span> <span class='ocrx_word' id='word_1_159' title='bbox 1595 2484 1813 2539; x_wconf 75' lang='lat' dir='ltr'><strong>fortiter</strong></span> <span class='ocrx_word' id='word_1_160' title='bbox 1871 2480 2131 2550; x_wconf 87' lang='lat' dir='ltr'><strong>omnique</strong></span> <span class='ocrx_word' id='word_1_161' title='bbox 2178 2479 2376 2532; x_wconf 86' lang='lat' dir='ltr'><strong>robore</strong></span> 
     </span>
    </p>
   </div>
   <div class='ocr_carea' id='block_1_27' title="bbox 793 2569 2377 2642">
    <p class='ocr_par' dir='ltr' id='par_1_27' title="bbox 793 2569 2377 2642">
     <span class='ocr_line' id='line_1_27' title="bbox 793 2569 2377 2642; baseline -0.003 -15"><span class='ocrx_word' id='word_1_162' title='bbox 793 2584 959 2642; x_wconf 85' lang='lat' dir='ltr'><strong>atque</strong></span> <span class='ocrx_word' id='word_1_163' title='bbox 1006 2576 1221 2629; x_wconf 86' lang='lat' dir='ltr'><strong>viribus</strong></span> <span class='ocrx_word' id='word_1_164' title='bbox 1255 2577 1423 2628; x_wconf 88' lang='lat' dir='ltr'><strong>ictum</strong></span> <span class='ocrx_word' id='word_1_165' title='bbox 1450 2575 1581 2629; x_wconf 90' lang='lat' dir='ltr'><strong>dare</strong></span> <span class='ocrx_word' id='word_1_166' title='bbox 1608 2574 1883 2628; x_wconf 86' lang='lat' dir='ltr'><strong>clamosus</strong></span> <span class='ocrx_word' id='word_1_167' title='bbox 1910 2573 2158 2639; x_wconf 81' lang='lat' dir='ltr'><strong>inceptor</strong></span> <span class='ocrx_word' id='word_1_168' title='bbox 2187 2569 2377 2639; x_wconf 84' lang='lat' dir='ltr'><strong>praeci-</strong></span> 
     </span>
    </p>
   </div>
   <div class='ocr_carea' id='block_1_28' title="bbox 795 2662 2377 2736">
    <p class='ocr_par' dir='ltr' id='par_1_28' title="bbox 795 2662 2377 2736">
     <span class='ocr_line' id='line_1_28' title="bbox 795 2662 2377 2736; baseline -0.003 -17"><span class='ocrx_word' id='word_1_169' title='bbox 795 2666 896 2736; x_wconf 88' lang='lat' dir='ltr'><strong>pit.</strong></span> <span class='ocrx_word' id='word_1_170' title='bbox 950 2668 1026 2721; x_wconf 83' lang='lat' dir='ltr'><strong>Ac</strong></span> <span class='ocrx_word' id='word_1_171' title='bbox 1073 2683 1216 2725; x_wconf 87' lang='lat' dir='ltr'><strong>unus</strong></span> <span class='ocrx_word' id='word_1_172' title='bbox 1263 2667 1485 2735; x_wconf 88' lang='lat' dir='ltr'><strong>quidem</strong></span> <span class='ocrx_word' id='word_1_173' title='bbox 1521 2674 1577 2719; x_wconf 91' lang='lat' dir='ltr'><strong>et</strong></span> <span class='ocrx_word' id='word_1_174' title='bbox 1603 2668 1744 2719; x_wconf 88' lang='lat' dir='ltr'><strong>alter</strong></span> <span class='ocrx_word' id='word_1_175' title='bbox 1770 2665 1881 2719; x_wconf 94' lang='lat' dir='ltr'><strong>duo</strong></span> <span class='ocrx_word' id='word_1_176' title='bbox 1904 2664 2083 2732; x_wconf 86' lang='lat' dir='ltr'><strong>capita</strong></span> <span class='ocrx_word' id='word_1_177' title='bbox 2116 2662 2377 2715; x_wconf 85' lang='lat' dir='ltr'><strong>decusse-</strong></span> 
     </span>
    </p>
   </div>
   <div class='ocr_carea' id='block_1_29' title="bbox 792 2754 2375 2828">
    <p class='ocr_par' dir='ltr' id='par_1_29' title="bbox 792 2754 2375 2828">
     <span class='ocr_line' id='line_1_29' title="bbox 792 2754 2375 2828; baseline -0.004 -16"><span class='ocrx_word' id='word_1_178' title='bbox 792 2768 961 2813; x_wconf 88' lang='lat' dir='ltr'><strong>runt:</strong></span> <span class='ocrx_word' id='word_1_179' title='bbox 1018 2760 1213 2813; x_wconf 87' lang='lat' dir='ltr'><strong>tertius</strong></span> <span class='ocrx_word' id='word_1_180' title='bbox 1247 2774 1381 2813; x_wconf 87' lang='lat' dir='ltr'><strong>vero</strong></span> <span class='ocrx_word' id='word_1_181' title='bbox 1428 2758 1638 2813; x_wconf 79' lang='lat' dir='ltr'><strong>inﬂexit</strong></span> <span class='ocrx_word' id='word_1_182' title='bbox 1683 2758 1907 2828; x_wconf 88' lang='lat' dir='ltr'><strong>quidem</strong></span> <span class='ocrx_word' id='word_1_183' title='bbox 1936 2757 2026 2810; x_wconf 88' lang='lat' dir='ltr'><strong>ille</strong></span> <span class='ocrx_word' id='word_1_184' title='bbox 2066 2754 2375 2825; x_wconf 87' lang='lat' dir='ltr'><strong>paululum,</strong></span> 
     </span>
    </p>
   </div>
   <div class='ocr_carea' id='block_1_30' title="bbox 794 2846 2378 2918">
    <p class='ocr_par' dir='ltr' id='par_1_30' title="bbox 794 2846 2378 2918">
     <span class='ocr_line' id='line_1_30' title="bbox 794 2846 2378 2918; baseline -0.002 -15"><span class='ocrx_word' id='word_1_185' title='bbox 794 2866 904 2903; x_wconf 88' lang='lat' dir='ltr'><strong>non</strong></span> <span class='ocrx_word' id='word_1_186' title='bbox 955 2864 1138 2904; x_wconf 89' lang='lat' dir='ltr'><strong>tamen</strong></span> <span class='ocrx_word' id='word_1_187' title='bbox 1180 2852 1349 2907; x_wconf 89' lang='lat' dir='ltr'><strong>etiam</strong></span> <span class='ocrx_word' id='word_1_188' title='bbox 1384 2860 1558 2905; x_wconf 92' lang='lat' dir='ltr'><strong>totum</strong></span> <span class='ocrx_word' id='word_1_189' title='bbox 1599 2869 1628 2902; x_wconf 86' lang='lat' dir='ltr'><strong>a</strong></span> <span class='ocrx_word' id='word_1_190' title='bbox 1672 2859 1871 2903; x_wconf 89' lang='lat' dir='ltr'><strong>trunco</strong></span> <span class='ocrx_word' id='word_1_191' title='bbox 1901 2848 2229 2918; x_wconf 71' lang='lat' dir='ltr'><strong>amputavit.</strong></span> <span class='ocrx_word' id='word_1_192' title='bbox 2287 2846 2378 2900; x_wconf 90' lang='lat' dir='ltr'><strong>Sic</strong></span> 
     </span>
    </p>
   </div>
   <div class='ocr_carea' id='block_1_31' title="bbox 794 2935 2380 3008">
    <p class='ocr_par' dir='ltr' id='par_1_31' title="bbox 794 2935 2380 3008">
     <span class='ocr_line' id='line_1_31' title="bbox 794 2935 2380 3008; baseline -0.002 -17"><span class='ocrx_word' id='word_1_193' title='bbox 794 2939 962 3008; x_wconf 87' lang='lat' dir='ltr'><strong>igitur</strong></span> <span class='ocrx_word' id='word_1_194' title='bbox 989 2955 1045 2993; x_wconf 91' lang='lat' dir='ltr'><strong>se</strong></span> <span class='ocrx_word' id='word_1_195' title='bbox 1080 2940 1193 2993; x_wconf 81' lang='lat' dir='ltr'><strong>fere</strong></span> <span class='ocrx_word' id='word_1_196' title='bbox 1233 2941 1437 2994; x_wconf 90' lang='lat' dir='ltr'><strong>ducum</strong></span> <span class='ocrx_word' id='word_1_197' title='bbox 1460 2957 1548 2996; x_wconf 90' lang='lat' dir='ltr'><strong>res</strong></span> <span class='ocrx_word' id='word_1_198' title='bbox 1570 2940 1832 2993; x_wconf 83' lang='lat' dir='ltr'><strong>habuere.</strong></span> <span class='ocrx_word' id='word_1_199' title='bbox 1861 2937 2057 2993; x_wconf 86' lang='lat' dir='ltr'><strong>Gravis</strong></span> <span class='ocrx_word' id='word_1_200' title='bbox 2084 2937 2228 2991; x_wconf 89' lang='lat' dir='ltr'><strong>inter</strong></span> <span class='ocrx_word' id='word_1_201' title='bbox 2257 2935 2380 2988; x_wconf 85' lang='lat' dir='ltr'><strong>illos</strong></span> 
     </span>
    </p>
   </div>
   <div class='ocr_carea' id='block_1_32' title="bbox 795 3023 2378 3097">
    <p class='ocr_par' dir='ltr' id='par_1_32' title="bbox 795 3023 2378 3097">
     <span class='ocr_line' id='line_1_32' title="bbox 795 3023 2378 3097; baseline -0.002 -17"><span class='ocrx_word' id='word_1_202' title='bbox 795 3038 915 3081; x_wconf 88' lang='lat' dir='ltr'><strong>orta</strong></span> <span class='ocrx_word' id='word_1_203' title='bbox 960 3028 1238 3083; x_wconf 70' lang='lat' dir='ltr'><strong>discordia</strong></span> <span class='ocrx_word' id='word_1_204' title='bbox 1293 3030 1347 3083; x_wconf 89' lang='lat' dir='ltr'><strong>in</strong></span> <span class='ocrx_word' id='word_1_205' title='bbox 1385 3030 1589 3084; x_wconf 88' lang='lat' dir='ltr'><strong>bellum</strong></span> <span class='ocrx_word' id='word_1_206' title='bbox 1642 3029 1803 3083; x_wconf 81' lang='lat' dir='ltr'><strong>civile</strong></span> <span class='ocrx_word' id='word_1_207' title='bbox 1840 3026 2111 3097; x_wconf 89' lang='lat' dir='ltr'><strong>prorupit.</strong></span> <span class='ocrx_word' id='word_1_208' title='bbox 2176 3024 2258 3082; x_wconf 76' lang='lat' dir='ltr'><strong>Ex</strong></span> <span class='ocrx_word' id='word_1_209' title='bbox 2286 3023 2378 3077; x_wconf 90' lang='lat' dir='ltr'><strong>illo</strong></span> 
     </span>
    </p>
   </div>
   <div class='ocr_carea' id='block_1_33' title="bbox 799 3114 2379 3188">
    <p class='ocr_par' dir='ltr' id='par_1_33' title="bbox 799 3114 2379 3188">
     <span class='ocr_line' id='line_1_33' title="bbox 799 3114 2379 3188; baseline -0.004 -16"><span class='ocrx_word' id='word_1_210' title='bbox 799 3135 945 3173; x_wconf 89' lang='lat' dir='ltr'><strong>unus</strong></span> <span class='ocrx_word' id='word_1_211' title='bbox 979 3120 1226 3188; x_wconf 89' lang='lat' dir='ltr'><strong>alterque</strong></span> <span class='ocrx_word' id='word_1_212' title='bbox 1248 3119 1607 3174; x_wconf 88' lang='lat' dir='ltr'><strong>ceciderunt:</strong></span> <span class='ocrx_word' id='word_1_213' title='bbox 1649 3119 1844 3172; x_wconf 88' lang='lat' dir='ltr'><strong>tertius</strong></span> <span class='ocrx_word' id='word_1_214' title='bbox 1872 3131 2014 3170; x_wconf 84' lang='lat' dir='ltr'><strong>unus</strong></span> <span class='ocrx_word' id='word_1_215' title='bbox 2039 3114 2153 3185; x_wconf 83' lang='lat' dir='ltr'><strong>ipse</strong></span> <span class='ocrx_word' id='word_1_216' title='bbox 2181 3129 2379 3183; x_wconf 86' lang='lat' dir='ltr'><strong>super-</strong></span> 
     </span>
    </p>
   </div>
   <div class='ocr_carea' id='block_1_34' title="bbox 2463 629 4050 705">
    <p class='ocr_par' dir='ltr' id='par_1_34' title="bbox 2463 629 4050 705">
     <span class='ocr_line' id='line_1_34' title="bbox 2463 629 4050 705; baseline -0.004 -18"><span class='ocrx_word' id='word_1_217' title='bbox 2463 638 2735 705; x_wconf 67' lang='grc' dir='ltr'>ἠγαπᾶτο,</span> <span class='ocrx_word' id='word_1_218' title='bbox 2766 637 2860 687; x_wconf 70' lang='grc' dir='ltr'><strong>καὶ</strong></span> <span class='ocrx_word' id='word_1_219' title='bbox 2890 635 2984 686; x_wconf 81' lang='grc' dir='ltr'>τοῦ</span> <span class='ocrx_word' id='word_1_220' title='bbox 3017 634 3278 701; x_wconf 60' lang='grc' dir='ltr'>θεοφίλου</span> <span class='ocrx_word' id='word_1_221' title='bbox 3297 632 3615 693; x_wconf 73' lang='grc' dir='ltr'>διδάσκαλος</span> <span class='ocrx_word' id='word_1_222' title='bbox 3635 629 4050 696; x_wconf 76' lang='grc' dir='ltr'>ὲγκαθῖστατσι.</span> 
     </span>
    </p>
   </div>
   <div class='ocr_carea' id='block_1_35' title="bbox 2464 720 4055 792">
    <p class='ocr_par' dir='ltr' id='par_1_35' title="bbox 2464 720 4055 792">
     <span class='ocr_line' id='line_1_35' title="bbox 2464 720 4055 792; baseline -0.009 -11"><span class='ocrx_word' id='word_1_223' title='bbox 2464 728 2573 781; x_wconf 72' lang='grc' dir='ltr'>Καὶ</span> <span class='ocrx_word' id='word_1_224' title='bbox 2590 723 2744 787; x_wconf 63' lang='grc' dir='ltr'>οὗτος</span> <span class='ocrx_word' id='word_1_225' title='bbox 2771 728 2892 777; x_wconf 75' lang='grc' dir='ltr'>ἐπεὶ</span> <span class='ocrx_word' id='word_1_226' title='bbox 2910 726 3009 786; x_wconf 67' lang='grc' dir='ltr'><strong>τὰς</strong></span> <span class='ocrx_word' id='word_1_227' title='bbox 3032 726 3127 792; x_wconf 82' lang='grc' dir='ltr'><strong>τῆς</strong></span> <span class='ocrx_word' id='word_1_228' title='bbox 3146 722 3423 792; x_wconf 82' lang='grc' dir='ltr'>βασιλείας</span> <span class='ocrx_word' id='word_1_229' title='bbox 3446 721 3604 791; x_wconf 77' lang='grc' dir='ltr'>ἔσχεν</span> <span class='ocrx_word' id='word_1_230' title='bbox 3621 720 3800 789; x_wconf 74' lang='grc' dir='ltr'>ἡνίας,</span> <span class='ocrx_word' id='word_1_231' title='bbox 3826 720 4055 785; x_wconf 81' lang='grc' dir='ltr'>σύγκελ-</span> 
     </span>
    </p>
   </div>
   <div class='ocr_carea' id='block_1_36' title="bbox 2465 809 4055 888">
    <p class='ocr_par' dir='ltr' id='par_1_36' title="bbox 2465 809 4055 888">
     <span class='ocr_line' id='line_1_36' title="bbox 2465 809 4055 888; baseline -0.009 -16"><span class='ocrx_word' id='word_1_232' title='bbox 2465 822 2554 872; x_wconf 79' lang='grc' dir='ltr'><strong>λον</strong></span> <span class='ocrx_word' id='word_1_233' title='bbox 2592 820 2689 887; x_wconf 78' lang='grc' dir='ltr'><strong>μὲν</strong></span> <span class='ocrx_word' id='word_1_234' title='bbox 2721 820 2985 888; x_wconf 80' lang='grc' dir='ltr'>πρότερον</span> <span class='ocrx_word' id='word_1_235' title='bbox 3011 816 3198 868; x_wconf 68' lang='grc' dir='ltr'>τοῦτον</span> <span class='ocrx_word' id='word_1_236' title='bbox 3229 816 3387 885; x_wconf 81' lang='grc' dir='ltr'>τιμᾷ,</span> <span class='ocrx_word' id='word_1_237' title='bbox 3419 809 3522 864; x_wconf 77' lang='grc' dir='ltr'>εἷθ’</span> <span class='ocrx_word' id='word_1_238' title='bbox 3555 812 3786 878; x_wconf 75' lang='grc' dir='ltr'>ὕστερον</span> <span class='ocrx_word' id='word_1_239' title='bbox 3810 813 3907 862; x_wconf 68' lang='grc' dir='ltr'><strong>καὶ</strong></span> <span class='ocrx_word' id='word_1_240' title='bbox 3952 827 4055 859; x_wconf 77' lang='grc' dir='ltr'>πα-</span> 
     </span>
    </p>
   </div>
   <div class='ocr_carea' id='block_1_37' title="bbox 2464 900 4054 981">
    <p class='ocr_par' dir='ltr' id='par_1_37' title="bbox 2464 900 4054 981">
     <span class='ocr_line' id='line_1_37' title="bbox 2464 900 4054 981; baseline -0.009 -17"><span class='ocrx_word' id='word_1_241' title='bbox 2464 913 2729 981; x_wconf 74' lang='grc' dir='ltr'>τριάρχην</span> <span class='ocrx_word' id='word_1_242' title='bbox 2781 909 3071 977; x_wconf 76' lang='grc' dir='ltr'>καθίστησι</span> <span class='ocrx_word' id='word_1_243' title='bbox 3121 904 3767 964; x_wconf 67' lang='grc' dir='ltr'>Κωνσταντινουπὸλεως,</span> <span class='ocrx_word' id='word_1_244' title='bbox 3804 900 4054 971; x_wconf 78' lang='grc' dir='ltr'>προγνώ-</span> 
     </span>
    </p>
   </div>
   <div class='ocr_carea' id='block_1_38' title="bbox 2470 991 4054 1069">
    <p class='ocr_par' dir='ltr' id='par_1_38' title="bbox 2470 991 4054 1069">
     <span class='ocr_line' id='line_1_38' title="bbox 2470 991 4054 1069; baseline -0.011 -12"><span class='ocrx_word' id='word_1_245' title='bbox 2470 1022 2583 1067; x_wconf 87' lang='grc' dir='ltr'>σεις</span> <span class='ocrx_word' id='word_1_246' title='bbox 2621 1004 2774 1067; x_wconf 82' lang='grc' dir='ltr'>τινὰς</span> <span class='ocrx_word' id='word_1_247' title='bbox 2821 1002 2909 1054; x_wconf 81' lang='grc' dir='ltr'>διὰ</span> <span class='ocrx_word' id='word_1_248' title='bbox 2950 1000 3411 1069; x_wconf 85' lang='grc' dir='ltr'>λεκανομαντείας</span> <span class='ocrx_word' id='word_1_249' title='bbox 3467 1000 3562 1049; x_wconf 75' lang='grc' dir='ltr'><strong>καὶ</strong></span> <span class='ocrx_word' id='word_1_250' title='bbox 3600 995 3858 1065; x_wconf 79' lang='grc' dir='ltr'>γοητείας</span> <span class='ocrx_word' id='word_1_251' title='bbox 3904 991 4054 1059; x_wconf 62' lang='grc' dir='ltr'>αύτῷ</span> 
     </span>
    </p>
   </div>
   <div class='ocr_carea' id='block_1_39' title="bbox 2469 1084 4055 1165">
    <p class='ocr_par' dir='ltr' id='par_1_39' title="bbox 2469 1084 4055 1165">
     <span class='ocr_line' id='line_1_39' title="bbox 2469 1084 4055 1165; baseline -0.011 -14"><span class='ocrx_word' id='word_1_252' title='bbox 2469 1097 2907 1165; x_wconf 80' lang='grc' dir='ltr'>ἀπαγγέλλοντα.</span> <span class='ocrx_word' id='word_1_253' title='bbox 2986 1095 3095 1146; x_wconf 68' lang='grc' dir='ltr'><strong>Καὶ</strong></span> <span class='ocrx_word' id='word_1_254' title='bbox 3152 1092 3378 1161; x_wconf 75' lang='grc' dir='ltr'><strong>γοητεία</strong></span> <span class='ocrx_word' id='word_1_255' title='bbox 3410 1092 3455 1124; x_wconf 82' lang='grc'><strong>³³</strong></span> <span class='ocrx_word' id='word_1_256' title='bbox 3511 1089 3757 1156; x_wconf 79' lang='grc' dir='ltr'>τοιαύτη.</span> <span class='ocrx_word' id='word_1_257' title='bbox 3824 1084 4055 1145; x_wconf 82' lang='grc' dir='ltr'>Ἐθνους</span> 
     </span>
    </p>
   </div>
   <div class='ocr_carea' id='block_1_40' title="bbox 2470 1174 4055 1257">
    <p class='ocr_par' dir='ltr' id='par_1_40' title="bbox 2470 1174 4055 1257">
     <span class='ocr_line' id='line_1_40' title="bbox 2470 1174 4055 1257; baseline -0.011 -16"><span class='ocrx_word' id='word_1_258' title='bbox 2470 1189 2599 1241; x_wconf 83' lang='grc' dir='ltr'>ποτὲ</span> <span class='ocrx_word' id='word_1_259' title='bbox 2650 1188 2832 1257; x_wconf 72' lang='grc' dir='ltr'>τρισὶν</span> <span class='ocrx_word' id='word_1_260' title='bbox 2875 1185 2964 1254; x_wconf 65' lang='grc' dir='ltr'><strong>ὑφ’</strong></span> <span class='ocrx_word' id='word_1_261' title='bbox 2999 1185 3232 1254; x_wconf 78' lang='grc' dir='ltr'><strong>ἡγεμόσι</strong></span> <span class='ocrx_word' id='word_1_262' title='bbox 3265 1180 3766 1251; x_wconf 79' lang='grc' dir='ltr'>στρατηγουμένου,</span> <span class='ocrx_word' id='word_1_263' title='bbox 3823 1174 4055 1228; x_wconf 78' lang='grc' dir='ltr'>ἀπίστου</span> 
     </span>
    </p>
   </div>
   <div class='ocr_carea' id='block_1_41' title="bbox 2471 1269 4057 1346">
    <p class='ocr_par' dir='ltr' id='par_1_41' title="bbox 2471 1269 4057 1346">
     <span class='ocr_line' id='line_1_41' title="bbox 2471 1269 4057 1346; baseline -0.013 -13"><span class='ocrx_word' id='word_1_264' title='bbox 2471 1297 2529 1333; x_wconf 87' lang='grc' dir='ltr'><strong>τε</strong></span> <span class='ocrx_word' id='word_1_265' title='bbox 2568 1280 2662 1333; x_wconf 77' lang='grc' dir='ltr'><strong>καὶ</strong></span> <span class='ocrx_word' id='word_1_266' title='bbox 2703 1277 2977 1346; x_wconf 80' lang='grc' dir='ltr'><strong>σκληροῦ,</strong></span> <span class='ocrx_word' id='word_1_267' title='bbox 3019 1278 3117 1344; x_wconf 71' lang='grc' dir='ltr'><strong>τὴν</strong></span> <span class='ocrx_word' id='word_1_268' title='bbox 3170 1274 3279 1325; x_wconf 82' lang='grc' dir='ltr'><strong>τῶν</strong></span> <span class='ocrx_word' id='word_1_269' title='bbox 3336 1271 3625 1340; x_wconf 78' lang='grc' dir='ltr'>Ῥωμαίων</span> <span class='ocrx_word' id='word_1_270' title='bbox 3672 1269 3861 1337; x_wconf 79' lang='grc' dir='ltr'>χώραν</span> <span class='ocrx_word' id='word_1_271' title='bbox 3928 1280 4057 1315; x_wconf 78' lang='grc' dir='ltr'>κατ-</span> 
     </span>
    </p>
   </div>
   <div class='ocr_carea' id='block_1_42' title="bbox 2472 1356 4058 1441">
    <p class='ocr_par' dir='ltr' id='par_1_42' title="bbox 2472 1356 4058 1441">
     <span class='ocr_line' id='line_1_42' title="bbox 2472 1356 4058 1441; baseline -0.013 -16"><span class='ocrx_word' id='word_1_272' title='bbox 2472 1374 2659 1441; x_wconf 78' lang='grc' dir='ltr'>έτρεχε</span> <span class='ocrx_word' id='word_1_273' title='bbox 2711 1370 2803 1421; x_wconf 85' lang='grc' dir='ltr'><strong>καὶ</strong></span> <span class='ocrx_word' id='word_1_274' title='bbox 2837 1367 3105 1437; x_wconf 71' lang='grc' dir='ltr'>ἐληίζετο.</span> <span class='ocrx_word' id='word_1_275' title='bbox 3149 1366 3237 1428; x_wconf 83' lang='grc' dir='ltr'>Ὠς</span> <span class='ocrx_word' id='word_1_276' title='bbox 3286 1365 3432 1426; x_wconf 82' lang='grc' dir='ltr'>εἰκὸς</span> <span class='ocrx_word' id='word_1_277' title='bbox 3475 1361 3568 1414; x_wconf 78' lang='grc' dir='ltr'><strong>οὖν</strong></span> <span class='ocrx_word' id='word_1_278' title='bbox 3604 1360 3944 1428; x_wconf 72' lang='grc' dir='ltr'>ἀθυμοῦντος</span> <span class='ocrx_word' id='word_1_279' title='bbox 3970 1356 4058 1407; x_wconf 77' lang='grc' dir='ltr'><strong>ἐπὶ</strong></span> 
     </span>
    </p>
   </div>
   <div class='ocr_carea' id='block_1_43' title="bbox 2472 1449 4057 1530">
    <p class='ocr_par' dir='ltr' id='par_1_43' title="bbox 2472 1449 4057 1530">
     <span class='ocr_line' id='line_1_43' title="bbox 2472 1449 4057 1530; baseline -0.012 -14"><span class='ocrx_word' id='word_1_280' title='bbox 2472 1462 2645 1530; x_wconf 81' lang='grc' dir='ltr'>τούτῳ</span> <span class='ocrx_word' id='word_1_281' title='bbox 2683 1460 2777 1517; x_wconf 79' lang='grc' dir='ltr'>τοῦ</span> <span class='ocrx_word' id='word_1_282' title='bbox 2807 1459 3067 1526; x_wconf 72' lang='grc' dir='ltr'>Θεοφίλου</span> <span class='ocrx_word' id='word_1_283' title='bbox 3103 1457 3195 1510; x_wconf 76' lang='grc' dir='ltr'><strong>καὶ</strong></span> <span class='ocrx_word' id='word_1_284' title='bbox 3241 1454 3333 1508; x_wconf 83' lang='grc' dir='ltr'>τοῦ</span> <span class='ocrx_word' id='word_1_285' title='bbox 3364 1454 3606 1524; x_wconf 77' lang='grc' dir='ltr'><strong>ὑπηκόου</strong></span> <span class='ocrx_word' id='word_1_286' title='bbox 3645 1450 3874 1511; x_wconf 79' lang='grc' dir='ltr'>παντὸς,</span> <span class='ocrx_word' id='word_1_287' title='bbox 3921 1449 4057 1498; x_wconf 83' lang='grc' dir='ltr'>ἀπο·</span> 
     </span>
    </p>
   </div>
   <div class='ocr_carea' id='block_1_44' title="bbox 2476 1538 4054 1619">
    <p class='ocr_par' dir='ltr' id='par_1_44' title="bbox 2476 1538 4054 1619">
     <span class='ocr_line' id='line_1_44' title="bbox 2476 1538 4054 1619; baseline -0.013 -13"><span class='ocrx_word' id='word_1_288' title='bbox 2476 1552 2847 1606; x_wconf 83' lang='grc' dir='ltr'>σκευάσασθαί</span> <span class='ocrx_word' id='word_1_289' title='bbox 2896 1568 2998 1601; x_wconf 86' lang='grc' dir='ltr'><strong>που</strong></span> <span class='ocrx_word' id='word_1_290' title='bbox 3037 1550 3133 1619; x_wconf 78' lang='grc' dir='ltr'>τὴν</span> <span class='ocrx_word' id='word_1_291' title='bbox 3185 1548 3425 1617; x_wconf 76' lang='grc' dir='ltr'><strong>ἀθυμίαν</strong></span> <span class='ocrx_word' id='word_1_292' title='bbox 3468 1539 3623 1605; x_wconf 69' lang='grc' dir='ltr'>οὗτος</span> <span class='ocrx_word' id='word_1_293' title='bbox 3666 1538 4054 1609; x_wconf 66' lang='grc' dir='ltr'><strong>συμβουλεύει,</strong></span> 
     </span>
    </p>
   </div>
   <div class='ocr_carea' id='block_1_45' title="bbox 2476 1632 4055 1712">
    <p class='ocr_par' dir='ltr' id='par_1_45' title="bbox 2476 1632 4055 1712">
     <span class='ocr_line' id='line_1_45' title="bbox 2476 1632 4055 1712; baseline -0.011 -15"><span class='ocrx_word' id='word_1_294' title='bbox 2476 1645 2708 1711; x_wconf 73' lang='grc' dir='ltr'>θάρσους</span> <span class='ocrx_word' id='word_1_295' title='bbox 2754 1661 2811 1695; x_wconf 84' lang='grc' dir='ltr'><strong>τε</strong></span> <span class='ocrx_word' id='word_1_296' title='bbox 2851 1641 3207 1712; x_wconf 69' lang='grc' dir='ltr'><strong>πληρωθῆναι</strong></span> <span class='ocrx_word' id='word_1_297' title='bbox 3251 1643 3346 1691; x_wconf 69' lang='grc' dir='ltr'><strong>καὶ</strong></span> <span class='ocrx_word' id='word_1_298' title='bbox 3393 1637 3601 1709; x_wconf 74' lang='grc' dir='ltr'>χαρᾶς,</span> <span class='ocrx_word' id='word_1_299' title='bbox 3628 1636 3680 1686; x_wconf 77' lang='grc' dir='ltr'><strong>εἴ</strong></span> <span class='ocrx_word' id='word_1_300' title='bbox 3712 1650 3774 1700; x_wconf 86' lang='grc' dir='ltr'><strong>γε</strong></span> <span class='ocrx_word' id='word_1_301' title='bbox 3804 1635 3965 1701; x_wconf 78' lang='grc' dir='ltr'>μόνον</span> <span class='ocrx_word' id='word_1_302' title='bbox 3990 1632 4055 1696; x_wconf 72' lang='grc' dir='ltr'>τῇ</span> 
     </span>
    </p>
   </div>
   <div class='ocr_carea' id='block_1_46' title="bbox 2473 1721 4057 1802">
    <p class='ocr_par' dir='ltr' id='par_1_46' title="bbox 2473 1721 4057 1802">
     <span class='ocr_line' id='line_1_46' title="bbox 2473 1721 4057 1802; baseline -0.011 -12"><span class='ocrx_word' id='word_1_303' title='bbox 2473 1738 2666 1790; x_wconf 81' lang='grc' dir='ltr'>τούτου</span> <span class='ocrx_word' id='word_1_304' title='bbox 2703 1734 3099 1801; x_wconf 79' lang='grc' dir='ltr'>ἐπακολουοοίη</span> <span class='ocrx_word' id='word_1_305' title='bbox 3141 1731 3325 1802; x_wconf 71' lang='grc' dir='ltr'>βουλῇ.</span> <span class='ocrx_word' id='word_1_306' title='bbox 3376 1730 3437 1782; x_wconf 82' lang='lat' dir='ltr'><strong>&#39;ll</strong></span> <span class='ocrx_word' id='word_1_307' title='bbox 3469 1730 3526 1781; x_wconf 79' lang='grc' dir='ltr'>δὲ</span> <span class='ocrx_word' id='word_1_308' title='bbox 3575 1723 3924 1797; x_wconf 70' lang='grc' dir='ltr'>ἦντοιαύτη.</span> <span class='ocrx_word' id='word_1_309' title='bbox 3972 1721 4057 1772; x_wconf 83' lang='grc' dir='ltr'>Ἐν</span> 
     </span>
    </p>
   </div>
   <div class='ocr_carea' id='block_1_47' title="bbox 2475 1814 4057 1895">
    <p class='ocr_par' dir='ltr' id='par_1_47' title="bbox 2475 1814 4057 1895">
     <span class='ocr_line' id='line_1_47' title="bbox 2475 1814 4057 1895; baseline -0.012 -13"><span class='ocrx_word' id='word_1_310' title='bbox 2475 1832 2587 1891; x_wconf 81' lang='grc' dir='ltr'>τοῖς</span> <span class='ocrx_word' id='word_1_311' title='bbox 2626 1830 2705 1889; x_wconf 83' lang='grc' dir='ltr'>εἰς</span> <span class='ocrx_word' id='word_1_312' title='bbox 2757 1827 2847 1877; x_wconf 82' lang='grc' dir='ltr'><strong>τὸν</strong></span> <span class='ocrx_word' id='word_1_313' title='bbox 2885 1825 3125 1895; x_wconf 71' lang='grc' dir='ltr'>Εὔριπον</span> <span class='ocrx_word' id='word_1_314' title='bbox 3170 1822 3263 1875; x_wconf 82' lang='grc' dir='ltr'>τοῦ</span> <span class='ocrx_word' id='word_1_315' title='bbox 3309 1820 3663 1890; x_wconf 74' lang='grc' dir='ltr'>ἱπποδρομίου</span> <span class='ocrx_word' id='word_1_316' title='bbox 3708 1815 3934 1887; x_wconf 76' lang='grc' dir='ltr'>χαλκοῖς</span> <span class='ocrx_word' id='word_1_317' title='bbox 3967 1814 4057 1865; x_wconf 80' lang='grc' dir='ltr'><strong>ἀν-</strong></span> 
     </span>
    </p>
   </div>
   <div class='ocr_carea' id='block_1_48' title="bbox 2408 1891 4057 1989">
    <p class='ocr_par' dir='ltr' id='par_1_48' title="bbox 2408 1891 4057 1989">
     <span class='ocr_line' id='line_1_48' title="bbox 2408 1891 4057 1989; baseline -0.012 -15"><span class='ocrx_word' id='word_1_318' title='bbox 2408 1891 2447 1947; x_wconf 73' lang='lat' dir='ltr'>B</span> <span class='ocrx_word' id='word_1_319' title='bbox 2482 1921 2697 1989; x_wconf 77' lang='grc' dir='ltr'>δριᾶσιν</span> <span class='ocrx_word' id='word_1_320' title='bbox 2729 1891 2977 1984; x_wconf 28' lang='grc' dir='ltr'>ἐλέγετόν</span> <span class='ocrx_word' id='word_1_321' title='bbox 2999 1933 3080 1976; x_wconf 91' lang='grc' dir='ltr'><strong>τις</strong></span> <span class='ocrx_word' id='word_1_322' title='bbox 3116 1909 3255 1965; x_wconf 80' lang='grc' dir='ltr'>εἶναι</span> <span class='ocrx_word' id='word_1_323' title='bbox 3286 1912 3509 1981; x_wconf 72' lang='grc' dir='ltr'>ἀνδριὰς</span> <span class='ocrx_word' id='word_1_324' title='bbox 3541 1910 3688 1979; x_wconf 72' lang='grc' dir='ltr'>τρισὶ</span> <span class='ocrx_word' id='word_1_325' title='bbox 3723 1904 4057 1976; x_wconf 67' lang='grc' dir='ltr'>διαμορςού·</span> 
     </span>
    </p>
   </div>
   <div class='ocr_carea' id='block_1_49' title="bbox 2484 1997 4058 2082">
    <p class='ocr_par' dir='ltr' id='par_1_49' title="bbox 2484 1997 4058 2082">
     <span class='ocr_line' id='line_1_49' title="bbox 2484 1997 4058 2082; baseline -0.011 -17"><span class='ocrx_word' id='word_1_326' title='bbox 2484 2030 2646 2082; x_wconf 81' lang='grc' dir='ltr'>μενος</span> <span class='ocrx_word' id='word_1_327' title='bbox 2708 2011 2970 2076; x_wconf 79' lang='grc' dir='ltr'>κεφαλαῖς</span> <span class='ocrx_word' id='word_1_328' title='bbox 3000 2047 3013 2070; x_wconf 87' lang='grc'><strong>,</strong></span> <span class='ocrx_word' id='word_1_329' title='bbox 3074 2007 3138 2068; x_wconf 82' lang='grc' dir='ltr'><strong>ἂς</strong></span> <span class='ocrx_word' id='word_1_330' title='bbox 3179 2006 3323 2059; x_wconf 82' lang='grc' dir='ltr'>κατά</span> <span class='ocrx_word' id='word_1_331' title='bbox 3376 2022 3498 2056; x_wconf 81' lang='grc' dir='ltr'>τινα</span> <span class='ocrx_word' id='word_1_332' title='bbox 3540 2001 3880 2070; x_wconf 75' lang='grc' dir='ltr'>στοιχείωσιν</span> <span class='ocrx_word' id='word_1_333' title='bbox 3922 1997 4058 2065; x_wconf 66' lang='grc' dir='ltr'>πρὸς</span> 
     </span>
    </p>
   </div>
   <div class='ocr_carea' id='block_1_50' title="bbox 2480 2090 4054 2167">
    <p class='ocr_par' dir='ltr' id='par_1_50' title="bbox 2480 2090 4054 2167">
     <span class='ocr_line' id='line_1_50' title="bbox 2480 2090 4054 2167; baseline -0.011 -11"><span class='ocrx_word' id='word_1_334' title='bbox 2480 2111 2606 2167; x_wconf 74' lang='grc' dir='ltr'>τοὺς</span> <span class='ocrx_word' id='word_1_335' title='bbox 2640 2103 2733 2156; x_wconf 72' lang='grc' dir='ltr'>τοῦ</span> <span class='ocrx_word' id='word_1_336' title='bbox 2784 2102 2970 2163; x_wconf 80' lang='grc' dir='ltr'>ἔθνους</span> <span class='ocrx_word' id='word_1_337' title='bbox 3010 2100 3221 2152; x_wconf 77' lang='grc' dir='ltr'>ἐκείνου</span> <span class='ocrx_word' id='word_1_338' title='bbox 3259 2098 3537 2167; x_wconf 73' lang='grc' dir='ltr'><strong>ἀρχηγοὺς</strong></span> <span class='ocrx_word' id='word_1_339' title='bbox 3574 2095 3796 2161; x_wconf 75' lang='grc' dir='ltr'>ἀνῆγεν.</span> <span class='ocrx_word' id='word_1_340' title='bbox 3838 2090 4054 2157; x_wconf 72' lang='grc' dir='ltr'>Σφύρας,</span> 
     </span>
    </p>
   </div>
   <div class='ocr_carea' id='block_1_51' title="bbox 2479 2180 4056 2261">
    <p class='ocr_par' dir='ltr' id='par_1_51' title="bbox 2479 2180 4056 2261">
     <span class='ocr_line' id='line_1_51' title="bbox 2479 2180 4056 2261; baseline -0.011 -13"><span class='ocrx_word' id='word_1_341' title='bbox 2479 2192 2570 2247; x_wconf 67' lang='grc' dir='ltr'>οὖν</span> <span class='ocrx_word' id='word_1_342' title='bbox 2625 2192 2884 2261; x_wconf 80' lang='grc' dir='ltr'>μεγίστας</span> <span class='ocrx_word' id='word_1_343' title='bbox 2931 2191 3157 2259; x_wconf 79' lang='grc' dir='ltr'>σιδηρᾶς</span> <span class='ocrx_word' id='word_1_344' title='bbox 3182 2191 3331 2258; x_wconf 86' lang='grc' dir='ltr'>τρεῖς</span> <span class='ocrx_word' id='word_1_345' title='bbox 3387 2186 3753 2257; x_wconf 73' lang='grc' dir='ltr'>προσέταττεν</span> <span class='ocrx_word' id='word_1_346' title='bbox 3802 2180 4056 2250; x_wconf 77' lang='grc' dir='ltr'>γενέσθαι</span> 
     </span>
    </p>
   </div>
   <div class='ocr_carea' id='block_1_52' title="bbox 2481 2271 4050 2351">
    <p class='ocr_par' dir='ltr' id='par_1_52' title="bbox 2481 2271 4050 2351">
     <span class='ocr_line' id='line_1_52' title="bbox 2481 2271 4050 2351; baseline -0.01 -15"><span class='ocrx_word' id='word_1_347' title='bbox 2481 2286 2576 2336; x_wconf 71' lang='grc' dir='ltr'><strong>καὶ</strong></span> <span class='ocrx_word' id='word_1_348' title='bbox 2632 2283 2889 2351; x_wconf 71' lang='grc' dir='ltr'>ἀνδράσιν</span> <span class='ocrx_word' id='word_1_349' title='bbox 2947 2279 3357 2350; x_wconf 80' lang='grc' dir='ltr'>ἐγχειρισθῆναι</span> <span class='ocrx_word' id='word_1_350' title='bbox 3427 2275 3799 2346; x_wconf 68' lang='grc' dir='ltr'>ἰσχυροτάτοις</span> <span class='ocrx_word' id='word_1_351' title='bbox 3856 2271 4050 2340; x_wconf 82' lang='grc' dir='ltr'>τρισίν.</span> 
     </span>
    </p>
   </div>
   <div class='ocr_carea' id='block_1_53' title="bbox 2479 2363 4056 2450">
    <p class='ocr_par' dir='ltr' id='par_1_53' title="bbox 2479 2363 4056 2450">
     <span class='ocr_line' id='line_1_53' title="bbox 2479 2363 4056 2450; baseline -0.01 -18"><span class='ocrx_word' id='word_1_352' title='bbox 2479 2380 2677 2450; x_wconf 73' lang='grc' dir='ltr'><strong>Πὸρῤω</strong></span> <span class='ocrx_word' id='word_1_353' title='bbox 2733 2377 2790 2429; x_wconf 74' lang='grc' dir='ltr'>δὲ</span> <span class='ocrx_word' id='word_1_354' title='bbox 2843 2376 2953 2427; x_wconf 85' lang='grc' dir='ltr'><strong>τῶν</strong></span> <span class='ocrx_word' id='word_1_355' title='bbox 3006 2374 3216 2428; x_wconf 77' lang='grc' dir='ltr'>νυκτῶν</span> <span class='ocrx_word' id='word_1_356' title='bbox 3269 2373 3361 2427; x_wconf 67' lang='grc' dir='ltr'>ἐπὶ</span> <span class='ocrx_word' id='word_1_357' title='bbox 3421 2373 3511 2424; x_wconf 72' lang='grc' dir='ltr'><strong>τὸν</strong></span> <span class='ocrx_word' id='word_1_358' title='bbox 3567 2369 3863 2439; x_wconf 76' lang='grc' dir='ltr'>ἀνδριάντα</span> <span class='ocrx_word' id='word_1_359' title='bbox 3921 2363 4056 2435; x_wconf 67' lang='grc' dir='ltr'>ἦσαν</span> 
     </span>
    </p>
   </div>
   <div class='ocr_carea' id='block_1_54' title="bbox 2479 2456 4057 2537">
    <p class='ocr_par' dir='ltr' id='par_1_54' title="bbox 2479 2456 4057 2537">
     <span class='ocr_line' id='line_1_54' title="bbox 2479 2456 4057 2537; baseline -0.011 -16"><span class='ocrx_word' id='word_1_360' title='bbox 2479 2470 2803 2537; x_wconf 81' lang='grc' dir='ltr'>ἀμφότεροι,</span> <span class='ocrx_word' id='word_1_361' title='bbox 2850 2467 2878 2517; x_wconf 80' lang='grc' dir='ltr'><strong>ό</strong></span> <span class='ocrx_word' id='word_1_362' title='bbox 2904 2464 3001 2533; x_wconf 81' lang='grc' dir='ltr'>μὲν</span> <span class='ocrx_word' id='word_1_363' title='bbox 3043 2461 3249 2531; x_wconf 80' lang='grc' dir='ltr'>Ἰαννῆς</span> <span class='ocrx_word' id='word_1_364' title='bbox 3274 2460 3361 2513; x_wconf 75' lang='grc' dir='ltr'>διὰ</span> <span class='ocrx_word' id='word_1_365' title='bbox 3385 2459 3575 2512; x_wconf 81' lang='grc' dir='ltr'>λαῖκοῦ</span> <span class='ocrx_word' id='word_1_366' title='bbox 3603 2457 3903 2525; x_wconf 74' lang='grc' dir='ltr'>ἐνδύματος</span> <span class='ocrx_word' id='word_1_367' title='bbox 3935 2456 4057 2508; x_wconf 79' lang='grc' dir='ltr'>ἑαυο</span> 
     </span>
    </p>
   </div>
   <div class='ocr_carea' id='block_1_55' title="bbox 2477 2545 4059 2629">
    <p class='ocr_par' dir='ltr' id='par_1_55' title="bbox 2477 2545 4059 2629">
     <span class='ocr_line' id='line_1_55' title="bbox 2477 2545 4059 2629; baseline -0.009 -18"><span class='ocrx_word' id='word_1_368' title='bbox 2477 2562 2567 2612; x_wconf 64' lang='grc' dir='ltr'>τὸν</span> <span class='ocrx_word' id='word_1_369' title='bbox 2597 2557 2964 2629; x_wconf 81' lang='grc' dir='ltr'>περισκὲπων,</span> <span class='ocrx_word' id='word_1_370' title='bbox 2985 2555 3036 2606; x_wconf 79' lang='grc' dir='ltr'><strong>οἱ</strong></span> <span class='ocrx_word' id='word_1_371' title='bbox 3058 2553 3113 2606; x_wconf 80' lang='grc' dir='ltr'>δὲ</span> <span class='ocrx_word' id='word_1_372' title='bbox 3146 2552 3341 2622; x_wconf 81' lang='grc' dir='ltr'>ἄνδρες</span> <span class='ocrx_word' id='word_1_373' title='bbox 3370 2552 3676 2620; x_wconf 82' lang='grc' dir='ltr'>μετεώρους</span> <span class='ocrx_word' id='word_1_374' title='bbox 3705 2549 3806 2609; x_wconf 76' lang='grc' dir='ltr'><strong>τὰς</strong></span> <span class='ocrx_word' id='word_1_375' title='bbox 3844 2545 4059 2616; x_wconf 74' lang='grc' dir='ltr'>σφύρας</span> 
     </span>
    </p>
   </div>
   <div class='ocr_carea' id='block_1_56' title="bbox 2479 2639 4057 2721">
    <p class='ocr_par' dir='ltr' id='par_1_56' title="bbox 2479 2639 4057 2721">
     <span class='ocr_line' id='line_1_56' title="bbox 2479 2639 4057 2721; baseline -0.01 -17"><span class='ocrx_word' id='word_1_376' title='bbox 2479 2653 2716 2721; x_wconf 72' lang='grc' dir='ltr'>ἔχοντες.</span> <span class='ocrx_word' id='word_1_377' title='bbox 2790 2649 2897 2699; x_wconf 76' lang='grc' dir='ltr'><strong>Καὶ</strong></span> <span class='ocrx_word' id='word_1_378' title='bbox 2954 2645 3119 2708; x_wconf 80' lang='grc' dir='ltr'>αὐτὸς</span> <span class='ocrx_word' id='word_1_379' title='bbox 3177 2646 3303 2706; x_wconf 74' lang='grc' dir='ltr'>τοὺς</span> <span class='ocrx_word' id='word_1_380' title='bbox 3358 2641 3793 2713; x_wconf 77' lang='grc' dir='ltr'>στοιχειωτικοὺς</span> <span class='ocrx_word' id='word_1_381' title='bbox 3867 2639 4057 2705; x_wconf 79' lang='grc' dir='ltr'>λόγους</span> 
     </span>
    </p>
   </div>
   <div class='ocr_carea' id='block_1_57' title="bbox 2479 2733 4059 2804">
    <p class='ocr_par' dir='ltr' id='par_1_57' title="bbox 2479 2733 4059 2804">
     <span class='ocr_line' id='line_1_57' title="bbox 2479 2733 4059 2804; baseline -0.011 -8"><span class='ocrx_word' id='word_1_382' title='bbox 2479 2740 2721 2796; x_wconf 75' lang='grc' dir='ltr'>ἐπειπὼν</span> <span class='ocrx_word' id='word_1_383' title='bbox 2754 2741 2937 2793; x_wconf 80' lang='grc' dir='ltr'>παίειν</span> <span class='ocrx_word' id='word_1_384' title='bbox 2961 2740 3190 2791; x_wconf 80' lang='grc' dir='ltr'>ἕκαστον</span> <span class='ocrx_word' id='word_1_385' title='bbox 3218 2736 3294 2796; x_wconf 87' lang='grc' dir='ltr'>ὠς</span> <span class='ocrx_word' id='word_1_386' title='bbox 3325 2735 3437 2804; x_wconf 73' lang='grc' dir='ltr'>ἔχει</span> <span class='ocrx_word' id='word_1_387' title='bbox 3468 2734 3746 2801; x_wconf 81' lang='grc' dir='ltr'>δυνάμεως</span> <span class='ocrx_word' id='word_1_388' title='bbox 3792 2733 4059 2799; x_wconf 81' lang='grc' dir='ltr'>προσεῖπε</span> 
     </span>
    </p>
   </div>
   <div class='ocr_carea' id='block_1_58' title="bbox 2478 2818 4058 2897">
    <p class='ocr_par' dir='ltr' id='par_1_58' title="bbox 2478 2818 4058 2897">
     <span class='ocr_line' id='line_1_58' title="bbox 2478 2818 4058 2897; baseline -0.011 -10"><span class='ocrx_word' id='word_1_389' title='bbox 2478 2832 2743 2895; x_wconf 83' lang='grc' dir='ltr'>νεανικῶς</span> <span class='ocrx_word' id='word_1_390' title='bbox 2772 2848 2831 2882; x_wconf 82' lang='grc' dir='ltr'><strong>τε</strong></span> <span class='ocrx_word' id='word_1_391' title='bbox 2859 2827 3244 2897; x_wconf 59' lang='grc' dir='ltr'>κα¹μξσχυρῶς.</span> <span class='ocrx_word' id='word_1_392' title='bbox 3300 2828 3409 2882; x_wconf 76' lang='grc' dir='ltr'><strong>Καὶ</strong></span> <span class='ocrx_word' id='word_1_393' title='bbox 3457 2825 3505 2876; x_wconf 90' lang='grc' dir='ltr'>οἱ</span> <span class='ocrx_word' id='word_1_394' title='bbox 3556 2824 3653 2890; x_wconf 80' lang='grc' dir='ltr'><strong>μὲν</strong></span> <span class='ocrx_word' id='word_1_395' title='bbox 3684 2822 3779 2875; x_wconf 86' lang='grc' dir='ltr'><strong>δύο</strong></span> <span class='ocrx_word' id='word_1_396' title='bbox 3826 2822 3930 2882; x_wconf 73' lang='grc' dir='ltr'>τὰς</span> <span class='ocrx_word' id='word_1_397' title='bbox 3967 2818 4058 2872; x_wconf 71' lang='grc' dir='ltr'><strong>δύο</strong></span> 
     </span>
    </p>
   </div>
   <div class='ocr_carea' id='block_1_59' title="bbox 2478 2918 4057 2997">
    <p class='ocr_par' dir='ltr' id='par_1_59' title="bbox 2478 2918 4057 2997">
     <span class='ocr_line' id='line_1_59' title="bbox 2478 2918 4057 2997; baseline -0.011 -15"><span class='ocrx_word' id='word_1_398' title='bbox 2478 2929 2571 2982; x_wconf 83' lang='grc' dir='ltr'>τοῦ</span> <span class='ocrx_word' id='word_1_399' title='bbox 2612 2927 2926 2997; x_wconf 80' lang='grc' dir='ltr'>ἀνδριάντος</span> <span class='ocrx_word' id='word_1_400' title='bbox 2956 2924 3197 2992; x_wconf 78' lang='grc' dir='ltr'>κεφαλὰς</span> <span class='ocrx_word' id='word_1_401' title='bbox 3228 2920 3536 2989; x_wconf 75' lang='grc' dir='ltr'>ἀπέκοψαν,</span> <span class='ocrx_word' id='word_1_402' title='bbox 3587 2921 3614 2969; x_wconf 88' lang='grc' dir='ltr'><strong>ό</strong></span> <span class='ocrx_word' id='word_1_403' title='bbox 3646 2919 3701 2968; x_wconf 72' lang='grc' dir='ltr'>δὲ</span> <span class='ocrx_word' id='word_1_404' title='bbox 3736 2918 3931 2986; x_wconf 68' lang='grc' dir='ltr'>ἔτερος</span> <span class='ocrx_word' id='word_1_405' title='bbox 3969 2932 4057 2985; x_wconf 85' lang='grc' dir='ltr'>μι-</span> 
     </span>
    </p>
   </div>
   <div class='ocr_carea' id='block_1_60' title="bbox 2480 3005 4061 3092">
    <p class='ocr_par' dir='ltr' id='par_1_60' title="bbox 2480 3005 4061 3092">
     <span class='ocr_line' id='line_1_60' title="bbox 2480 3005 4061 3092; baseline -0.012 -17"><span class='ocrx_word' id='word_1_406' title='bbox 2480 3022 2610 3092; x_wconf 81' lang='grc' dir='ltr'>κρὸν</span> <span class='ocrx_word' id='word_1_407' title='bbox 2654 3021 2752 3090; x_wconf 82' lang='grc' dir='ltr'><strong>μὲν</strong></span> <span class='ocrx_word' id='word_1_408' title='bbox 2778 3019 3114 3082; x_wconf 80' lang='grc' dir='ltr'>κατέκλινεν,</span> <span class='ocrx_word' id='word_1_409' title='bbox 3142 3016 3202 3067; x_wconf 74' lang='grc' dir='ltr'>οὐ</span> <span class='ocrx_word' id='word_1_410' title='bbox 3244 3014 3349 3085; x_wconf 86' lang='grc' dir='ltr'><strong>μὴν</strong></span> <span class='ocrx_word' id='word_1_411' title='bbox 3371 3012 3466 3065; x_wconf 73' lang='grc' dir='ltr'>καὶ</span> <span class='ocrx_word' id='word_1_412' title='bbox 3486 3012 3611 3079; x_wconf 81' lang='grc' dir='ltr'>ὅλην</span> <span class='ocrx_word' id='word_1_413' title='bbox 3642 3009 3732 3061; x_wconf 71' lang='grc' dir='ltr'>τοῦ</span> <span class='ocrx_word' id='word_1_414' title='bbox 3762 3005 4061 3077; x_wconf 74' lang='grc' dir='ltr'>σκηνώμα-</span> 
     </span>
    </p>
   </div>
   <div class='ocr_carea' id='block_1_61' title="bbox 2478 3099 4057 3179">
    <p class='ocr_par' dir='ltr' id='par_1_61' title="bbox 2478 3099 4057 3179">
     <span class='ocr_line' id='line_1_61' title="bbox 2478 3099 4057 3179; baseline -0.01 -14"><span class='ocrx_word' id='word_1_415' title='bbox 2478 3130 2571 3175; x_wconf 81' lang='grc' dir='ltr'><strong>τος</strong></span> <span class='ocrx_word' id='word_1_416' title='bbox 2605 3111 2963 3179; x_wconf 79' lang='grc' dir='ltr'>ἐναπέτεμεν.</span> <span class='ocrx_word' id='word_1_417' title='bbox 2993 3107 3215 3169; x_wconf 85' lang='grc' dir='ltr'>Τούτοις</span> <span class='ocrx_word' id='word_1_418' title='bbox 3253 3101 3345 3158; x_wconf 79' lang='grc' dir='ltr'><strong>οὖν</strong></span> <span class='ocrx_word' id='word_1_419' title='bbox 3376 3104 3470 3157; x_wconf 80' lang='grc' dir='ltr'>καὶ</span> <span class='ocrx_word' id='word_1_420' title='bbox 3499 3102 3566 3155; x_wconf 84' lang='grc' dir='ltr'>τὰ</span> <span class='ocrx_word' id='word_1_421' title='bbox 3597 3100 3737 3153; x_wconf 83' lang='grc' dir='ltr'>κατὰ</span> <span class='ocrx_word' id='word_1_422' title='bbox 3761 3099 3894 3161; x_wconf 81' lang='grc' dir='ltr'>τοὺς</span> <span class='ocrx_word' id='word_1_423' title='bbox 3932 3101 4057 3167; x_wconf 78' lang='grc' dir='ltr'>ἡγε-</span> 
     </span>
    </p>
   </div>
   <div class='ocr_carea' id='block_1_62' title="bbox 797 3190 2377 3299">
    <p class='ocr_par' dir='ltr' id='par_1_62' title="bbox 797 3208 2372 3281">
     <span class='ocr_line' id='line_1_62' title="bbox 797 3208 2372 3281; baseline -0.003 -17"><span class='ocrx_word' id='word_1_424' title='bbox 797 3208 909 3265; x_wconf 80' lang='lat' dir='ltr'><strong>stes</strong></span> <span class='ocrx_word' id='word_1_425' title='bbox 948 3210 1072 3275; x_wconf 74' lang='lat' dir='ltr'><strong>fuit,</strong></span> <span class='ocrx_word' id='word_1_426' title='bbox 1110 3212 1214 3267; x_wconf 92' lang='lat' dir='ltr'><strong>etsi</strong></span> <span class='ocrx_word' id='word_1_427' title='bbox 1269 3228 1381 3266; x_wconf 89' lang='lat' dir='ltr'><strong>non</strong></span> <span class='ocrx_word' id='word_1_428' title='bbox 1429 3228 1564 3266; x_wconf 89' lang='lat' dir='ltr'><strong>sano</strong></span> <span class='ocrx_word' id='word_1_429' title='bbox 1604 3226 1833 3281; x_wconf 90' lang='lat' dir='ltr'><strong>prorsus</strong></span> <span class='ocrx_word' id='word_1_430' title='bbox 1876 3210 2095 3264; x_wconf 89' lang='lat' dir='ltr'><strong>robore.</strong></span> <span class='ocrx_word' id='word_1_431' title='bbox 2157 3208 2218 3261; x_wconf 84' lang='lat' dir='ltr'><strong>In</strong></span> <span class='ocrx_word' id='word_1_432' title='bbox 2247 3220 2372 3260; x_wconf 89' lang='lat' dir='ltr'><strong>eum</strong></span> 
     </span>
    </p>
   </div>
   <div class='ocr_carea' id='block_1_63' title="bbox 2478 3190 4057 3299">
    <p class='ocr_par' dir='ltr' id='par_1_63' title="bbox 2482 3190 4057 3273">
     <span class='ocr_line' id='line_1_63' title="bbox 2482 3190 4057 3273; baseline -0.013 -16"><span class='ocrx_word' id='word_1_433' title='bbox 2482 3203 2649 3273; x_wconf 89' lang='grc' dir='ltr'>μόνας</span> <span class='ocrx_word' id='word_1_434' title='bbox 2716 3199 3099 3270; x_wconf 77' lang='grc' dir='ltr'>ἐξηκολούθει·</span> <span class='ocrx_word' id='word_1_435' title='bbox 3163 3194 3342 3266; x_wconf 75' lang='grc' dir='ltr'>ἔριδος</span> <span class='ocrx_word' id='word_1_436' title='bbox 3397 3193 3506 3261; x_wconf 80' lang='grc' dir='ltr'>γὰρ</span> <span class='ocrx_word' id='word_1_437' title='bbox 3551 3190 3822 3259; x_wconf 73' lang='grc' dir='ltr'>κραταιᾶς</span> <span class='ocrx_word' id='word_1_438' title='bbox 3876 3190 4057 3248; x_wconf 62' lang='grc' dir='ltr'>αὐτοῖς</span> 
     </span>
    </p>
   </div>
   <div class='ocr_carea' id='block_1_64' title="bbox 799 3299 2373 3370">
    <p class='ocr_par' dir='ltr' id='par_1_64' title="bbox 799 3299 2373 3370">
     <span class='ocr_line' id='line_1_64' title="bbox 799 3299 2373 3370; baseline -0.002 -17"><span class='ocrx_word' id='word_1_439' title='bbox 799 3301 1021 3354; x_wconf 88' lang='lat' dir='ltr'><strong>modum</strong></span> <span class='ocrx_word' id='word_1_440' title='bbox 1076 3302 1142 3355; x_wconf 88' lang='lat' dir='ltr'><strong>ad</strong></span> <span class='ocrx_word' id='word_1_441' title='bbox 1198 3302 1433 3359; x_wconf 87' lang='lat' dir='ltr'><strong>nihilum</strong></span> <span class='ocrx_word' id='word_1_442' title='bbox 1467 3302 1689 3356; x_wconf 84' lang='lat' dir='ltr'><strong>redacta</strong></span> <span class='ocrx_word' id='word_1_443' title='bbox 1725 3316 1859 3370; x_wconf 80' lang='lat' dir='ltr'><strong>gens</strong></span> <span class='ocrx_word' id='word_1_444' title='bbox 1896 3300 1985 3353; x_wconf 88' lang='lat' dir='ltr'><strong>illa</strong></span> <span class='ocrx_word' id='word_1_445' title='bbox 2025 3299 2089 3352; x_wconf 89' lang='lat' dir='ltr'><strong>ad</strong></span> <span class='ocrx_word' id='word_1_446' title='bbox 2116 3314 2214 3351; x_wconf 86' lang='lat' dir='ltr'><strong>sua</strong></span> <span class='ocrx_word' id='word_1_447' title='bbox 2253 3313 2373 3351; x_wconf 69' lang='lat' dir='ltr'><strong>rur~</strong></span> 
     </span>
    </p>
   </div>
   <div class='ocr_carea' id='block_1_65' title="bbox 796 3392 2194 3464">
    <p class='ocr_par' dir='ltr' id='par_1_65' title="bbox 796 3392 2194 3464">
     <span class='ocr_line' id='line_1_65' title="bbox 796 3392 2194 3464; baseline -0.001 -18"><span class='ocrx_word' id='word_1_448' title='bbox 796 3407 890 3446; x_wconf 83' lang='lat' dir='ltr'><strong>sus</strong></span> <span class='ocrx_word' id='word_1_449' title='bbox 922 3408 979 3447; x_wconf 89' lang='lat' dir='ltr'><strong>se</strong></span> <span class='ocrx_word' id='word_1_450' title='bbox 1010 3393 1158 3464; x_wconf 79' lang='lat' dir='ltr'><strong>iuga,</strong></span> <span class='ocrx_word' id='word_1_451' title='bbox 1187 3395 1510 3464; x_wconf 82' lang='lat' dir='ltr'><strong>ingentique</strong></span> <span class='ocrx_word' id='word_1_452' title='bbox 1544 3393 1698 3449; x_wconf 87' lang='lat' dir='ltr'><strong>clade</strong></span> <span class='ocrx_word' id='word_1_453' title='bbox 1729 3395 1936 3453; x_wconf 87' lang='lat' dir='ltr'><strong>attrita.</strong></span> <span class='ocrx_word' id='word_1_454' title='bbox 1974 3392 2194 3461; x_wconf 91' lang='lat' dir='ltr'><strong>recipit.</strong></span> 
     </span>
    </p>
   </div>
   <div class='ocr_carea' id='block_1_66' title="bbox 2480 3282 4057 3364">
    <p class='ocr_par' dir='ltr' id='par_1_66' title="bbox 2480 3282 4057 3364">
     <span class='ocr_line' id='line_1_66' title="bbox 2480 3282 4057 3364; baseline -0.013 -12"><span class='ocrx_word' id='word_1_455' title='bbox 2480 3296 2917 3364; x_wconf 77' lang='grc' dir='ltr'>ὲπεισπεσούσης</span> <span class='ocrx_word' id='word_1_456' title='bbox 2952 3293 3046 3346; x_wconf 76' lang='grc' dir='ltr'><strong>καὶ</strong></span> <span class='ocrx_word' id='word_1_457' title='bbox 3078 3290 3342 3360; x_wconf 73' lang='grc' dir='ltr'>ἐμφυλίου</span> <span class='ocrx_word' id='word_1_458' title='bbox 3377 3288 3577 3358; x_wconf 84' lang='grc' dir='ltr'>μάχης,</span> <span class='ocrx_word' id='word_1_459' title='bbox 3606 3286 3711 3339; x_wconf 77' lang='grc' dir='ltr'><strong>ὑπὸ</strong></span> <span class='ocrx_word' id='word_1_460' title='bbox 3738 3282 3834 3337; x_wconf 80' lang='grc' dir='ltr'>τοῦ</span> <span class='ocrx_word' id='word_1_461' title='bbox 3868 3284 3985 3344; x_wconf 72' lang='grc' dir='ltr'>ἑνὸς</span> <span class='ocrx_word' id='word_1_462' title='bbox 4013 3282 4057 3332; x_wconf 76' lang='grc' dir='ltr'>οι</span> 
     </span>
    </p>
   </div>
   <div class='ocr_carea' id='block_1_67' title="bbox 2481 3374 4059 3456">
    <p class='ocr_par' dir='ltr' id='par_1_67' title="bbox 2481 3374 4059 3456">
     <span class='ocr_line' id='line_1_67' title="bbox 2481 3374 4059 3456; baseline -0.013 -14"><span class='ocrx_word' id='word_1_463' title='bbox 2481 3389 2574 3442; x_wconf 87' lang='grc' dir='ltr'><strong>δύο</strong></span> <span class='ocrx_word' id='word_1_464' title='bbox 2597 3388 2705 3441; x_wconf 81' lang='grc' dir='ltr'><strong>τῶν</strong></span> <span class='ocrx_word' id='word_1_465' title='bbox 2732 3386 3016 3456; x_wconf 81' lang='grc' dir='ltr'>ἡγεμόνων</span> <span class='ocrx_word' id='word_1_466' title='bbox 3046 3383 3305 3435; x_wconf 86' lang='grc' dir='ltr'>πίπτουσι</span> <span class='ocrx_word' id='word_1_467' title='bbox 3354 3381 3496 3431; x_wconf 72' lang='grc' dir='ltr'>κατὰ</span> <span class='ocrx_word' id='word_1_468' title='bbox 3529 3378 3625 3445; x_wconf 82' lang='grc' dir='ltr'>τὴν</span> <span class='ocrx_word' id='word_1_469' title='bbox 3658 3375 3767 3427; x_wconf 83' lang='grc' dir='ltr'><strong>τῶν</strong></span> <span class='ocrx_word' id='word_1_470' title='bbox 3810 3374 4059 3442; x_wconf 68' lang='grc' dir='ltr'>κεφαλῶν</span> 
     </span>
    </p>
   </div>
   <div class='ocr_carea' id='block_1_68' title="bbox 796 3464 4059 3561">
    <p class='ocr_par' dir='ltr' id='par_1_68' title="bbox 796 3464 4059 3561">
     <span class='ocr_line' id='line_1_68' title="bbox 796 3464 4059 3561; baseline -0.007 -22"><span class='ocrx_word' id='word_1_471' title='bbox 796 3489 1058 3558; x_wconf 69' lang='grc' dir='ltr'>ἐκτομὴν,</span> <span class='ocrx_word' id='word_1_472' title='bbox 1107 3489 1201 3541; x_wconf 77' lang='grc' dir='ltr'>τοῦ</span> <span class='ocrx_word' id='word_1_473' title='bbox 1232 3491 1417 3561; x_wconf 78' lang='grc' dir='ltr'>τρίτου</span> <span class='ocrx_word' id='word_1_474' title='bbox 1457 3490 1618 3559; x_wconf 85' lang='grc' dir='ltr'>μόνου</span> <span class='ocrx_word' id='word_1_475' title='bbox 1653 3488 2034 3551; x_wconf 79' lang='grc' dir='ltr'>διασωθέντος,</span> <span class='ocrx_word' id='word_1_476' title='bbox 2068 3489 2168 3559; x_wconf 79' lang='grc' dir='ltr'>οὐχ</span> <span class='ocrx_word' id='word_1_477' title='bbox 2206 3486 2373 3553; x_wconf 84' lang='grc' dir='ltr'>ὑγιῶς</span> <span class='ocrx_word' id='word_1_478' title='bbox 2408 3486 2486 3539; x_wconf 81' lang='grc' dir='ltr'><strong>δέ.</strong></span> <span class='ocrx_word' id='word_1_479' title='bbox 2513 3484 2701 3546; x_wconf 75' lang='grc' dir='ltr'>Οὕτως</span> <span class='ocrx_word' id='word_1_480' title='bbox 2739 3486 2819 3545; x_wconf 80' lang='grc' dir='ltr'>εἰς</span> <span class='ocrx_word' id='word_1_481' title='bbox 2847 3481 2910 3534; x_wconf 78' lang='grc' dir='ltr'><strong>τὸ</strong></span> <span class='ocrx_word' id='word_1_482' title='bbox 2936 3479 3099 3550; x_wconf 76' lang='grc' dir='ltr'>μηδὲν</span> <span class='ocrx_word' id='word_1_483' title='bbox 3127 3476 3267 3530; x_wconf 81' lang='grc' dir='ltr'>εἶναι</span> <span class='ocrx_word' id='word_1_484' title='bbox 3302 3474 3363 3527; x_wconf 83' lang='grc' dir='ltr'><strong>τὸ</strong></span> <span class='ocrx_word' id='word_1_485' title='bbox 3387 3472 3537 3534; x_wconf 73' lang='grc' dir='ltr'>ἔθνος</span> <span class='ocrx_word' id='word_1_486' title='bbox 3594 3469 3857 3543; x_wconf 82' lang='grc' dir='ltr'>χωρῆσαν</span> <span class='ocrx_word' id='word_1_487' title='bbox 3927 3464 4059 3537; x_wconf 75' lang='grc' dir='ltr'>πρὸς</span> 
     </span>
    </p>
   </div>
   <div class='ocr_carea' id='block_1_69' title="bbox 797 3578 2466 3653">
    <p class='ocr_par' dir='ltr' id='par_1_69' title="bbox 797 3578 2466 3653">
     <span class='ocr_line' id='line_1_69' title="bbox 797 3578 2466 3653; baseline 0.002 -23"><span class='ocrx_word' id='word_1_488' title='bbox 797 3578 869 3647; x_wconf 53' lang='grc' dir='ltr'><strong>τα</strong></span> <span class='ocrx_word' id='word_1_489' title='bbox 915 3582 1089 3632; x_wconf 81' lang='grc' dir='ltr'>οἰκεῖα</span> <span class='ocrx_word' id='word_1_490' title='bbox 1136 3578 1291 3645; x_wconf 77' lang='grc' dir='ltr'>αὖθις</span> <span class='ocrx_word' id='word_1_491' title='bbox 1342 3583 1479 3651; x_wconf 84' lang='grc' dir='ltr'><strong>μετά</strong></span> <span class='ocrx_word' id='word_1_492' title='bbox 1533 3585 1709 3653; x_wconf 75' lang='grc' dir='ltr'>φυγῆς</span> <span class='ocrx_word' id='word_1_493' title='bbox 1757 3582 1979 3652; x_wconf 81' lang='grc' dir='ltr'>ἀφορμᾷ</span> <span class='ocrx_word' id='word_1_494' title='bbox 2026 3582 2120 3633; x_wconf 70' lang='grc' dir='ltr'>καὶ</span> <span class='ocrx_word' id='word_1_495' title='bbox 2150 3582 2466 3649; x_wconf 62' lang='grc' dir='ltr'>ισυμφορᾶς.</span> 
     </span>
    </p>
   </div>
   <div class='ocr_carea' id='block_1_70' title="bbox 872 3658 2377 3748">
    <p class='ocr_par' dir='ltr' id='par_1_70' title="bbox 872 3675 2377 3748">
     <span class='ocr_line' id='line_1_70' title="bbox 872 3675 2377 3748; baseline 0.001 -20"><span class='ocrx_word' id='word_1_496' title='bbox 872 3676 926 3728; x_wconf 77' lang='lat'><strong>3.</strong></span> <span class='ocrx_word' id='word_1_497' title='bbox 980 3675 1275 3746; x_wconf 85' lang='lat' dir='ltr'><strong>Postquam</strong></span> <span class='ocrx_word' id='word_1_498' title='bbox 1332 3678 1498 3748; x_wconf 78' lang='lat' dir='ltr'><strong>igitur</strong></span> <span class='ocrx_word' id='word_1_499' title='bbox 1542 3677 1977 3748; x_wconf 86' lang='lat' dir='ltr'><strong>religiosissima,</strong></span> <span class='ocrx_word' id='word_1_500' title='bbox 2024 3691 2187 3746; x_wconf 90' lang='lat' dir='ltr'><strong>quam</strong></span> <span class='ocrx_word' id='word_1_501' title='bbox 2231 3675 2377 3730; x_wconf 91' lang='lat' dir='ltr'><strong>dice-</strong></span> 
     </span>
    </p>
   </div>
   <div class='ocr_carea' id='block_1_71' title="bbox 2478 3658 4057 3748">
    <p class='ocr_par' dir='ltr' id='par_1_71' title="bbox 2550 3658 4057 3743">
     <span class='ocr_line' id='line_1_71' title="bbox 2550 3658 4057 3743; baseline 0.008 -25"><span class='ocrx_word' id='word_1_502' title='bbox 2550 3681 2619 3743; x_wconf 80' lang='grc' dir='ltr'>γ’,</span> <span class='ocrx_word' id='word_1_503' title='bbox 2686 3673 2801 3741; x_wconf 82' lang='grc' dir='ltr'><strong>Τῆς</strong></span> <span class='ocrx_word' id='word_1_504' title='bbox 2833 3670 2886 3723; x_wconf 77' lang='grc' dir='ltr'>δὲ</span> <span class='ocrx_word' id='word_1_505' title='bbox 2916 3666 3196 3737; x_wconf 78' lang='grc' dir='ltr'>θεοφιλοῦς</span> <span class='ocrx_word' id='word_1_506' title='bbox 3221 3705 3237 3729; x_wconf 87' lang='grc'><strong>,</strong></span> <span class='ocrx_word' id='word_1_507' title='bbox 3288 3666 3363 3724; x_wconf 83' lang='grc' dir='ltr'>ὡς</span> <span class='ocrx_word' id='word_1_508' title='bbox 3396 3663 3606 3731; x_wconf 75' lang='grc' dir='ltr'>εἴρηται</span> <span class='ocrx_word' id='word_1_509' title='bbox 3634 3699 3648 3722; x_wconf 70' lang='grc' dir='ltr'><strong>ν</strong></span> <span class='ocrx_word' id='word_1_510' title='bbox 3679 3658 3967 3728; x_wconf 77' lang='grc' dir='ltr'>Θεοδώρας</span> <span class='ocrx_word' id='word_1_511' title='bbox 3995 3660 4057 3727; x_wconf 69' lang='grc' dir='ltr'><strong>τῇ</strong></span> 
     </span>
    </p>
   </div>
   <div class='ocr_carea' id='block_1_72' title="bbox 798 3748 2377 3833">
    <p class='ocr_par' dir='ltr' id='par_1_72' title="bbox 798 3766 2377 3829">
     <span class='ocr_line' id='line_1_72' title="bbox 798 3766 2377 3829; baseline 0.001 -9"><span class='ocrx_word' id='word_1_512' title='bbox 798 3767 946 3829; x_wconf 87' lang='lat' dir='ltr'><strong>bam,</strong></span> <span class='ocrx_word' id='word_1_513' title='bbox 991 3766 1285 3823; x_wconf 84' lang='lat' dir='ltr'><strong>Theodora</strong></span> <span class='ocrx_word' id='word_1_514' title='bbox 1308 3784 1468 3827; x_wconf 82' lang='lat' dir='ltr'><strong>suum</strong></span> <span class='ocrx_word' id='word_1_515' title='bbox 1499 3770 1757 3825; x_wconf 68' lang='lat' dir='ltr'><strong>Ecclesiae</strong></span> <span class='ocrx_word' id='word_1_516' title='bbox 1784 3779 2035 3824; x_wconf 89' lang='lat' dir='ltr'><strong>ornatum</strong></span> <span class='ocrx_word' id='word_1_517' title='bbox 2067 3767 2377 3822; x_wconf 84' lang='lat' dir='ltr'><strong>reddiderat</strong></span> 
     </span>
    </p>
   </div>
   <div class='ocr_carea' id='block_1_73' title="bbox 2478 3748 4063 3833">
    <p class='ocr_par' dir='ltr' id='par_1_73' title="bbox 2479 3748 4063 3833">
     <span class='ocr_line' id='line_1_73' title="bbox 2479 3748 4063 3833; baseline -0.013 -16"><span class='ocrx_word' id='word_1_518' title='bbox 2479 3763 2745 3833; x_wconf 74' lang='grc' dir='ltr'>ἐκκλησίᾳ</span> <span class='ocrx_word' id='word_1_519' title='bbox 2773 3762 2864 3813; x_wconf 79' lang='grc' dir='ltr'><strong>τὸν</strong></span> <span class='ocrx_word' id='word_1_520' title='bbox 2891 3759 3086 3828; x_wconf 79' lang='grc' dir='ltr'>ἑαυτῆς</span> <span class='ocrx_word' id='word_1_521' title='bbox 3117 3757 3320 3824; x_wconf 82' lang='grc' dir='ltr'>κόσμον</span> <span class='ocrx_word' id='word_1_522' title='bbox 3370 3752 3564 3819; x_wconf 86' lang='grc' dir='ltr'>δούσης</span> <span class='ocrx_word' id='word_1_523' title='bbox 3594 3750 3721 3819; x_wconf 80' lang='grc' dir='ltr'>(ἀπὸ</span> <span class='ocrx_word' id='word_1_524' title='bbox 3764 3748 3877 3816; x_wconf 82' lang='grc' dir='ltr'><strong>γὰρ</strong></span> <span class='ocrx_word' id='word_1_525' title='bbox 3906 3748 4063 3800; x_wconf 77' lang='grc' dir='ltr'>Δέον-</span> 
     </span>
    </p>
   </div>
   <div class='ocr_carea' id='block_1_74' title="bbox 803 3837 2377 3930">
    <p class='ocr_par' dir='ltr' id='par_1_74' title="bbox 803 3857 2377 3930">
     <span class='ocr_line' id='line_1_74' title="bbox 803 3857 2377 3930; baseline 0.001 -19"><span class='ocrx_word' id='word_1_526' title='bbox 803 3860 855 3927; x_wconf 90' lang='lat' dir='ltr'><strong>(a</strong></span> <span class='ocrx_word' id='word_1_527' title='bbox 887 3857 1072 3912; x_wconf 88' lang='lat' dir='ltr'><strong>Leone</strong></span> <span class='ocrx_word' id='word_1_528' title='bbox 1097 3862 1243 3913; x_wconf 86' lang='lat' dir='ltr'><strong>enim</strong></span> <span class='ocrx_word' id='word_1_529' title='bbox 1271 3863 1570 3917; x_wconf 90' lang='lat' dir='ltr'><strong>Amalecita</strong></span> <span class='ocrx_word' id='word_1_530' title='bbox 1596 3861 1661 3915; x_wconf 87' lang='lat' dir='ltr'><strong>ad</strong></span> <span class='ocrx_word' id='word_1_531' title='bbox 1686 3861 2053 3917; x_wconf 88' lang='lat' dir='ltr'><strong>restitutionis</strong></span> <span class='ocrx_word' id='word_1_532' title='bbox 2082 3860 2377 3930; x_wconf 78' lang='lat' dir='ltr'><strong>imaginum</strong></span> 
     </span>
    </p>
   </div>
   <div class='ocr_carea' id='block_1_75' title="bbox 2478 3837 4060 3930">
    <p class='ocr_par' dir='ltr' id='par_1_75' title="bbox 2478 3837 4060 3922">
     <span class='ocr_line' id='line_1_75' title="bbox 2478 3837 4060 3922; baseline -0.015 -11"><span class='ocrx_word' id='word_1_533' title='bbox 2478 3874 2572 3918; x_wconf 82' lang='grc' dir='ltr'><strong>τος</strong></span> <span class='ocrx_word' id='word_1_534' title='bbox 2604 3854 2697 3908; x_wconf 81' lang='grc' dir='ltr'><strong>τοῦ</strong></span> <span class='ocrx_word' id='word_1_535' title='bbox 2743 3851 3109 3922; x_wconf 82' lang='grc' dir='ltr'>Ἀμαληκίτου</span> <span class='ocrx_word' id='word_1_536' title='bbox 3138 3848 3242 3907; x_wconf 84' lang='grc' dir='ltr'>’ἐως</span> <span class='ocrx_word' id='word_1_537' title='bbox 3288 3844 3373 3899; x_wconf 82' lang='grc' dir='ltr'><strong>[Ρ.</strong></span> <span class='ocrx_word' id='word_1_538' title='bbox 3421 3840 3549 3913; x_wconf 73' lang='grc'><strong>451]</strong></span> <span class='ocrx_word' id='word_1_539' title='bbox 3599 3840 3696 3907; x_wconf 82' lang='grc' dir='ltr'>τῆς</span> <span class='ocrx_word' id='word_1_540' title='bbox 3746 3837 4060 3907; x_wconf 78' lang='grc' dir='ltr'>ὀρθοδοξίας</span> 
     </span>
    </p>
   </div>
   <div class='ocr_carea' id='block_1_76' title="bbox 801 3954 2383 4025">
    <p class='ocr_par' dir='ltr' id='par_1_76' title="bbox 801 3954 2383 4025">
     <span class='ocr_line' id='line_1_76' title="bbox 801 3954 2383 4025; baseline -0.001 -17"><span class='ocrx_word' id='word_1_541' title='bbox 801 3954 1068 4008; x_wconf 83' lang='lat' dir='ltr'><strong>solemnia</strong></span> <span class='ocrx_word' id='word_1_542' title='bbox 1122 3970 1297 4009; x_wconf 83' lang='lat' dir='ltr'><strong>annos</strong></span> <span class='ocrx_word' id='word_1_543' title='bbox 1321 3954 1545 4011; x_wconf 83' lang='lat' dir='ltr'><strong>circiter</strong></span> <span class='ocrx_word' id='word_1_544' title='bbox 1583 3956 1805 4025; x_wconf 78' lang='lat' dir='ltr'><strong>triginta</strong></span> <span class='ocrx_word' id='word_1_545' title='bbox 1846 3955 2145 4024; x_wconf 77' lang='lat' dir='ltr'><strong>imaginum</strong></span> <span class='ocrx_word' id='word_1_546' title='bbox 2191 3954 2383 4009; x_wconf 87' lang='lat' dir='ltr'><strong>inccn-</strong></span> 
     </span>
    </p>
   </div>
   <div class='ocr_carea' id='block_1_77' title="bbox 802 4040 2379 4117">
    <p class='ocr_par' dir='ltr' id='par_1_77' title="bbox 802 4040 2379 4117">
     <span class='ocr_line' id='line_1_77' title="bbox 802 4040 2379 4117; baseline 0 -16"><span class='ocrx_word' id='word_1_547' title='bbox 802 4062 958 4101; x_wconf 84' lang='lat' dir='ltr'><strong>sores</strong></span> <span class='ocrx_word' id='word_1_548' title='bbox 990 4046 1317 4115; x_wconf 81' lang='lat' dir='ltr'><strong>igniariique</strong></span> <span class='ocrx_word' id='word_1_549' title='bbox 1335 4040 1586 4116; x_wconf 81' lang='lat' dir='ltr'><strong>sacrilegi</strong></span> <span class='ocrx_word' id='word_1_550' title='bbox 1603 4048 1964 4102; x_wconf 87' lang='lat' dir='ltr'><strong>ecclesiarum</strong></span> <span class='ocrx_word' id='word_1_551' title='bbox 1986 4047 2146 4117; x_wconf 89' lang='lat' dir='ltr'><strong>potiti</strong></span> <span class='ocrx_word' id='word_1_552' title='bbox 2176 4046 2379 4117; x_wconf 88' lang='lat' dir='ltr'><strong>erant),</strong></span> 
     </span>
    </p>
   </div>
   <div class='ocr_carea' id='block_1_78' title="bbox 803 4139 2385 4211">
    <p class='ocr_par' dir='ltr' id='par_1_78' title="bbox 803 4139 2385 4211">
     <span class='ocr_line' id='line_1_78' title="bbox 803 4139 2385 4211; baseline 0.001 -19"><span class='ocrx_word' id='word_1_553' title='bbox 803 4139 1125 4208; x_wconf 87' lang='lat' dir='ltr'><strong>petitionem</strong></span> <span class='ocrx_word' id='word_1_554' title='bbox 1156 4141 1226 4193; x_wconf 91' lang='lat' dir='ltr'><strong>ad</strong></span> <span class='ocrx_word' id='word_1_555' title='bbox 1266 4140 1461 4196; x_wconf 90' lang='lat' dir='ltr'><strong>Patres</strong></span> <span class='ocrx_word' id='word_1_556' title='bbox 1495 4141 1588 4209; x_wconf 90' lang='lat' dir='ltr'><strong>qui</strong></span> <span class='ocrx_word' id='word_1_557' title='bbox 1638 4142 1855 4196; x_wconf 87' lang='lat' dir='ltr'><strong>collecti</strong></span> <span class='ocrx_word' id='word_1_558' title='bbox 1899 4140 2057 4211; x_wconf 75' lang='lat'><strong>651</strong></span> <span class='ocrx_word' id='word_1_559' title='bbox 2091 4148 2271 4205; x_wconf 88' lang='lat' dir='ltr'><strong>erant,</strong></span> <span class='ocrx_word' id='word_1_560' title='bbox 2328 4140 2385 4193; x_wconf 86' lang='lat' dir='ltr'><strong>in</strong></span> 
     </span>
    </p>
   </div>
   <div class='ocr_carea' id='block_1_79' title="bbox 803 4230 2383 4295">
    <p class='ocr_par' dir='ltr' id='par_1_79' title="bbox 803 4230 2383 4295">
     <span class='ocr_line' id='line_1_79' title="bbox 803 4230 2383 4295; baseline 0.001 -11"><span class='ocrx_word' id='word_1_561' title='bbox 803 4230 921 4285; x_wconf 69' lang='lat' dir='ltr'><strong>haec</strong></span> <span class='ocrx_word' id='word_1_562' title='bbox 941 4232 1113 4288; x_wconf 83' lang='lat' dir='ltr'><strong>verba</strong></span> <span class='ocrx_word' id='word_1_563' title='bbox 1139 4232 1301 4295; x_wconf 76' lang='lat' dir='ltr'><strong>oﬂ‘ert</strong></span> <span class='ocrx_word' id='word_1_564' title='bbox 1331 4233 1486 4287; x_wconf 85' lang='lat' dir='ltr'><strong>:Non</strong></span> <span class='ocrx_word' id='word_1_565' title='bbox 1514 4250 1595 4286; x_wconf 86' lang='lat' dir='ltr'><strong>me</strong></span> <span class='ocrx_word' id='word_1_566' title='bbox 1628 4232 1755 4288; x_wconf 83' lang='lat' dir='ltr'><strong>latet</strong></span> <span class='ocrx_word' id='word_1_567' title='bbox 1794 4235 1979 4288; x_wconf 85' lang='lat' dir='ltr'><strong>datam</strong></span> <span class='ocrx_word' id='word_1_568' title='bbox 2023 4235 2164 4289; x_wconf 80' lang='lat' dir='ltr'><strong>vobis</strong></span> <span class='ocrx_word' id='word_1_569' title='bbox 2202 4251 2234 4287; x_wconf 90' lang='lat' dir='ltr'><strong>a</strong></span> <span class='ocrx_word' id='word_1_570' title='bbox 2273 4232 2383 4286; x_wconf 81' lang='lat' dir='ltr'><strong>Dee</strong></span> 
     </span>
    </p>
   </div>
   <div class='ocr_carea' id='block_1_80' title="bbox 804 4321 2383 4394">
    <p class='ocr_par' dir='ltr' id='par_1_80' title="bbox 804 4321 2383 4394">
     <span class='ocr_line' id='line_1_80' title="bbox 804 4321 2383 4394; baseline 0.005 -25"><span class='ocrx_word' id='word_1_571' title='bbox 804 4327 1117 4385; x_wconf 87' lang='lat' dir='ltr'><strong>potestatem</strong></span> <span class='ocrx_word' id='word_1_572' title='bbox 1141 4321 1443 4375; x_wconf 80' lang='lat' dir='ltr'><strong>dimittendi</strong></span> <span class='ocrx_word' id='word_1_573' title='bbox 1474 4331 1685 4391; x_wconf 85' lang='lat' dir='ltr'><strong>peccata</strong></span> <span class='ocrx_word' id='word_1_574' title='bbox 1707 4340 1864 4394; x_wconf 86' lang='lat' dir='ltr'><strong>super</strong></span> <span class='ocrx_word' id='word_1_575' title='bbox 1885 4331 2105 4387; x_wconf 87' lang='lat' dir='ltr'><strong>terram,</strong></span> <span class='ocrx_word' id='word_1_576' title='bbox 2132 4324 2383 4392; x_wconf 82' lang='lat' dir='ltr'><strong>quemad-</strong></span> 
     </span>
    </p>
   </div>
   <div class='ocr_carea' id='block_1_81' title="bbox 806 4409 2383 4484">
    <p class='ocr_par' dir='ltr' id='par_1_81' title="bbox 806 4409 2383 4484">
     <span class='ocr_line' id='line_1_81' title="bbox 806 4409 2383 4484; baseline 0.006 -25"><span class='ocrx_word' id='word_1_577' title='bbox 806 4409 1019 4462; x_wconf 85' lang='lat' dir='ltr'><strong>modum</strong></span> <span class='ocrx_word' id='word_1_578' title='bbox 1047 4412 1215 4467; x_wconf 83' lang='lat' dir='ltr'><strong>sacris</strong></span> <span class='ocrx_word' id='word_1_579' title='bbox 1258 4410 1452 4465; x_wconf 75' lang='lat' dir='ltr'><strong>Christi</strong></span> <span class='ocrx_word' id='word_1_580' title='bbox 1481 4413 1759 4483; x_wconf 81' lang='lat' dir='ltr'><strong>Evangelii</strong></span> <span class='ocrx_word' id='word_1_581' title='bbox 1814 4414 2007 4468; x_wconf 86' lang='lat' dir='ltr'><strong>tabulis</strong></span> <span class='ocrx_word' id='word_1_582' title='bbox 2038 4415 2383 4484; x_wconf 73' lang='lat' dir='ltr'><strong>perscriptum</strong></span> 
     </span>
    </p>
   </div>
   <div class='ocr_carea' id='block_1_82' title="bbox 805 4500 2378 4573">
    <p class='ocr_par' dir='ltr' id='par_1_82' title="bbox 805 4500 2378 4573">
     <span class='ocr_line' id='line_1_82' title="bbox 805 4500 2378 4573; baseline 0.006 -22"><span class='ocrx_word' id='word_1_583' title='bbox 805 4510 903 4554; x_wconf 82' lang='lat' dir='ltr'><strong>est.</strong></span> <span class='ocrx_word' id='word_1_584' title='bbox 933 4500 1367 4571; x_wconf 81' lang='lat' dir='ltr'><strong>Quandoquidem</strong></span> <span class='ocrx_word' id='word_1_585' title='bbox 1393 4504 1553 4573; x_wconf 85' lang='lat' dir='ltr'><strong>igitur</strong></span> <span class='ocrx_word' id='word_1_586' title='bbox 1582 4504 1914 4573; x_wconf 78' lang='lat' dir='ltr'><strong>Theophilus,</strong></span> <span class='ocrx_word' id='word_1_587' title='bbox 1939 4516 1994 4559; x_wconf 89' lang='lat' dir='ltr'><strong>ut</strong></span> <span class='ocrx_word' id='word_1_588' title='bbox 2012 4508 2151 4561; x_wconf 79' lang='lat' dir='ltr'><strong>scitis</strong></span> <span class='ocrx_word' id='word_1_589' title='bbox 2178 4522 2378 4572; x_wconf 80' lang='lat' dir='ltr'><strong>omnes,</strong></span> 
     </span>
    </p>
   </div>
   <div class='ocr_carea' id='block_1_83' title="bbox 801 4592 2379 4670">
    <p class='ocr_par' dir='ltr' id='par_1_83' title="bbox 801 4592 2379 4670">
     <span class='ocr_line' id='line_1_83' title="bbox 801 4592 2379 4670; baseline 0.006 -26"><span class='ocrx_word' id='word_1_590' title='bbox 801 4592 1045 4662; x_wconf 69' lang='lat' dir='ltr'><strong>iustitiae,</strong></span> <span class='ocrx_word' id='word_1_591' title='bbox 1085 4595 1130 4647; x_wconf 90' lang='lat' dir='ltr'><strong>si</strong></span> <span class='ocrx_word' id='word_1_592' title='bbox 1177 4596 1292 4662; x_wconf 84' lang='lat' dir='ltr'><strong>quis</strong></span> <span class='ocrx_word' id='word_1_593' title='bbox 1330 4596 1487 4656; x_wconf 85' lang='lat' dir='ltr'><strong>alius,</strong></span> <span class='ocrx_word' id='word_1_594' title='bbox 1537 4604 1696 4651; x_wconf 75' lang='lat' dir='ltr'><strong>tenax</strong></span> <span class='ocrx_word' id='word_1_595' title='bbox 1726 4599 1843 4666; x_wconf 77' lang='lat' dir='ltr'><strong>fuit,</strong></span> <span class='ocrx_word' id='word_1_596' title='bbox 1886 4616 1949 4653; x_wconf 85' lang='lat' dir='ltr'><strong>ac</strong></span> <span class='ocrx_word' id='word_1_597' title='bbox 1982 4609 2172 4654; x_wconf 83' lang='lat' dir='ltr'><strong>cuncta</strong></span> <span class='ocrx_word' id='word_1_598' title='bbox 2224 4602 2379 4670; x_wconf 89' lang='lat' dir='ltr'><strong>probe</strong></span> 
     </span>
    </p>
   </div>
   <div class='ocr_carea' id='block_1_84' title="bbox 806 4683 2382 4760">
    <p class='ocr_par' dir='ltr' id='par_1_84' title="bbox 806 4683 2382 4760">
     <span class='ocr_line' id='line_1_84' title="bbox 806 4683 2382 4760; baseline 0.007 -25"><span class='ocrx_word' id='word_1_599' title='bbox 806 4683 1237 4747; x_wconf 82' lang='lat' dir='ltr'><strong>administrabat,</strong></span> <span class='ocrx_word' id='word_1_600' title='bbox 1270 4695 1329 4738; x_wconf 88' lang='lat' dir='ltr'><strong>ut</strong></span> <span class='ocrx_word' id='word_1_601' title='bbox 1360 4695 1408 4740; x_wconf 89' lang='lat' dir='ltr'><strong>et</strong></span> <span class='ocrx_word' id='word_1_602' title='bbox 1439 4689 1538 4757; x_wconf 84' lang='lat' dir='ltr'><strong>ipsi</strong></span> <span class='ocrx_word' id='word_1_603' title='bbox 1579 4691 1865 4753; x_wconf 70' lang='lat' dir='ltr'><strong>tutamini,</strong></span> <span class='ocrx_word' id='word_1_604' title='bbox 1891 4708 2101 4760; x_wconf 87' lang='lat' dir='ltr'><strong>unaque</strong></span> <span class='ocrx_word' id='word_1_605' title='bbox 2122 4693 2220 4745; x_wconf 83' lang='lat' dir='ltr'><strong>hac</strong></span> <span class='ocrx_word' id='word_1_606' title='bbox 2246 4693 2382 4745; x_wconf 77' lang='lat' dir='ltr'><strong>dun-</strong></span> 
     </span>
    </p>
   </div>
   <div class='ocr_carea' id='block_1_85' title="bbox 804 4776 2379 4853">
    <p class='ocr_par' dir='ltr' id='par_1_85' title="bbox 804 4776 2379 4853">
     <span class='ocr_line' id='line_1_85' title="bbox 804 4776 2379 4853; baseline 0.008 -26"><span class='ocrx_word' id='word_1_607' title='bbox 804 4781 959 4828; x_wconf 73' lang='lat' dir='ltr'><strong>taxat</strong></span> <span class='ocrx_word' id='word_1_608' title='bbox 992 4778 1178 4831; x_wconf 68' lang='lat' dir='ltr'><strong>haeresi</strong></span> <span class='ocrx_word' id='word_1_609' title='bbox 1213 4776 1520 4843; x_wconf 84' lang='lat' dir='ltr'><strong>laborabat,</strong></span> <span class='ocrx_word' id='word_1_610' title='bbox 1559 4797 1719 4850; x_wconf 86' lang='lat' dir='ltr'><strong>quam</strong></span> <span class='ocrx_word' id='word_1_611' title='bbox 1763 4792 1810 4835; x_wconf 86' lang='lat' dir='ltr'><strong>et</strong></span> <span class='ocrx_word' id='word_1_612' title='bbox 1848 4784 1903 4835; x_wconf 85' lang='lat' dir='ltr'><strong>in</strong></span> <span class='ocrx_word' id='word_1_613' title='bbox 1945 4785 2189 4841; x_wconf 77' lang='lat' dir='ltr'><strong>extremis</strong></span> <span class='ocrx_word' id='word_1_614' title='bbox 2220 4801 2379 4853; x_wconf 81' lang='lat' dir='ltr'><strong>agens</strong></span> 
     </span>
    </p>
   </div>
   <div class='ocr_carea' id='block_1_86' title="bbox 805 4866 2378 4947">
    <p class='ocr_par' dir='ltr' id='par_1_86' title="bbox 805 4866 2378 4947">
     <span class='ocr_line' id='line_1_86' title="bbox 805 4866 2378 4947; baseline 0.008 -29"><span class='ocrx_word' id='word_1_615' title='bbox 805 4866 1101 4936; x_wconf 86' lang='lat' dir='ltr'><strong>abnegavit,</strong></span> <span class='ocrx_word' id='word_1_616' title='bbox 1151 4870 1348 4939; x_wconf 88' lang='lat' dir='ltr'><strong>subque</strong></span> <span class='ocrx_word' id='word_1_617' title='bbox 1394 4872 1562 4925; x_wconf 77' lang='lat' dir='ltr'><strong>eaitus</strong></span> <span class='ocrx_word' id='word_1_618' title='bbox 1604 4873 1789 4925; x_wconf 84' lang='lat' dir='ltr'><strong>horam</strong></span> <span class='ocrx_word' id='word_1_619' title='bbox 1834 4874 2069 4943; x_wconf 85' lang='lat' dir='ltr'><strong>oppletus</strong></span> <span class='ocrx_word' id='word_1_620' title='bbox 2111 4874 2378 4947; x_wconf 78' lang='lat' dir='ltr'><strong>lacrymis,</strong></span> 
     </span>
    </p>
   </div>
   <div class='ocr_carea' id='block_1_87' title="bbox 806 4959 2382 5032">
    <p class='ocr_par' dir='ltr' id='par_1_87' title="bbox 806 4959 2382 5032">
     <span class='ocr_line' id='line_1_87' title="bbox 806 4959 2382 5032; baseline 0.008 -24"><span class='ocrx_word' id='word_1_621' title='bbox 806 4973 887 5009; x_wconf 88' lang='lat' dir='ltr'><strong>me</strong></span> <span class='ocrx_word' id='word_1_622' title='bbox 912 4959 1178 5028; x_wconf 73' lang='lat' dir='ltr'><strong>offerente,</strong></span> <span class='ocrx_word' id='word_1_623' title='bbox 1201 4977 1387 5015; x_wconf 85' lang='lat' dir='ltr'><strong>sacras</strong></span> <span class='ocrx_word' id='word_1_624' title='bbox 1406 4964 1659 5032; x_wconf 84' lang='lat' dir='ltr'><strong>imagines</strong></span> <span class='ocrx_word' id='word_1_625' title='bbox 1684 4964 1859 5017; x_wconf 87' lang='lat' dir='ltr'><strong>osculo</strong></span> <span class='ocrx_word' id='word_1_626' title='bbox 1882 4975 2157 5020; x_wconf 81' lang='lat' dir='ltr'><strong>veneratus</strong></span> <span class='ocrx_word' id='word_1_627' title='bbox 2179 4968 2233 5020; x_wconf 89' lang='lat' dir='ltr'><strong>in</strong></span> <span class='ocrx_word' id='word_1_628' title='bbox 2261 4984 2382 5021; x_wconf 86' lang='lat' dir='ltr'><strong>eum</strong></span> 
     </span>
    </p>
   </div>
   <div class='ocr_carea' id='block_1_88' title="bbox 806 5051 2373 5127">
    <p class='ocr_par' dir='ltr' id='par_1_88' title="bbox 806 5051 2373 5127">
     <span class='ocr_line' id='line_1_88' title="bbox 806 5051 2373 5127; baseline 0.005 -24"><span class='ocrx_word' id='word_1_629' title='bbox 806 5054 1017 5103; x_wconf 84' lang='lat' dir='ltr'><strong>modum</strong></span> <span class='ocrx_word' id='word_1_630' title='bbox 1044 5051 1230 5121; x_wconf 79' lang='lat' dir='ltr'><strong>eﬂlavit</strong></span> <span class='ocrx_word' id='word_1_631' title='bbox 1261 5054 1520 5117; x_wconf 84' lang='lat' dir='ltr'><strong>animam,</strong></span> <span class='ocrx_word' id='word_1_632' title='bbox 1544 5070 1632 5107; x_wconf 83' lang='lat' dir='ltr'><strong>vos</strong></span> <span class='ocrx_word' id='word_1_633' title='bbox 1648 5071 1851 5124; x_wconf 89' lang='lat' dir='ltr'><strong>quoque</strong></span> <span class='ocrx_word' id='word_1_634' title='bbox 1871 5057 2006 5109; x_wconf 85' lang='lat' dir='ltr'><strong>hanc</strong></span> <span class='ocrx_word' id='word_1_635' title='bbox 2028 5057 2152 5110; x_wconf 87' lang='lat' dir='ltr'><strong>mihi</strong></span> <span class='ocrx_word' id='word_1_636' title='bbox 2178 5059 2373 5127; x_wconf 85' lang='lat' dir='ltr'><strong>scripto</strong></span> 
     </span>
    </p>
   </div>
   <div class='ocr_carea' id='block_1_89' title="bbox 807 5142 2381 5219">
    <p class='ocr_par' dir='ltr' id='par_1_89' title="bbox 807 5142 2381 5219">
     <span class='ocr_line' id='line_1_89' title="bbox 807 5142 2381 5219; baseline 0.007 -26"><span class='ocrx_word' id='word_1_637' title='bbox 807 5142 963 5209; x_wconf 81' lang='lat' dir='ltr'><strong>facite</strong></span> <span class='ocrx_word' id='word_1_638' title='bbox 990 5144 1242 5213; x_wconf 85' lang='lat' dir='ltr'><strong>gratiam,</strong></span> <span class='ocrx_word' id='word_1_639' title='bbox 1272 5153 1329 5197; x_wconf 89' lang='lat' dir='ltr'><strong>ut</strong></span> <span class='ocrx_word' id='word_1_640' title='bbox 1357 5155 1405 5203; x_wconf 81' lang='lat' dir='ltr'><strong>et</strong></span> <span class='ocrx_word' id='word_1_641' title='bbox 1435 5148 1531 5199; x_wconf 88' lang='lat' dir='ltr'><strong>hoc</strong></span> <span class='ocrx_word' id='word_1_642' title='bbox 1552 5164 1716 5200; x_wconf 87' lang='lat' dir='ltr'><strong>unum</strong></span> <span class='ocrx_word' id='word_1_643' title='bbox 1745 5147 1826 5201; x_wconf 88' lang='lat' dir='ltr'><strong>illi</strong></span> <span class='ocrx_word' id='word_1_644' title='bbox 1857 5158 2124 5219; x_wconf 83' lang='lat' dir='ltr'><strong>peccatum</strong></span> <span class='ocrx_word' id='word_1_645' title='bbox 2144 5150 2381 5204; x_wconf 86' lang='lat' dir='ltr'><strong>dimitta-</strong></span> 
     </span>
    </p>
   </div>
   <div class='ocr_carea' id='block_1_90' title="bbox 806 5234 2381 5308">
    <p class='ocr_par' dir='ltr' id='par_1_90' title="bbox 806 5234 2381 5308">
     <span class='ocr_line' id='line_1_90' title="bbox 806 5234 2381 5308; baseline 0.006 -23"><span class='ocrx_word' id='word_1_646' title='bbox 806 5243 894 5296; x_wconf 83' lang='lat' dir='ltr'><strong>tur</strong></span> <span class='ocrx_word' id='word_1_647' title='bbox 923 5249 941 5287; x_wconf 89' lang='lat'><strong><em>:</em></strong></span> <span class='ocrx_word' id='word_1_648' title='bbox 972 5251 1099 5287; x_wconf 86' lang='lat' dir='ltr'><strong>nam</strong></span> <span class='ocrx_word' id='word_1_649' title='bbox 1126 5234 1191 5287; x_wconf 80' lang='lat' dir='ltr'><strong>de</strong></span> <span class='ocrx_word' id='word_1_650' title='bbox 1221 5234 1436 5306; x_wconf 84' lang='lat' dir='ltr'><strong>reliquis</strong></span> <span class='ocrx_word' id='word_1_651' title='bbox 1466 5252 1655 5291; x_wconf 76' lang='lat' dir='ltr'><strong>secura</strong></span> <span class='ocrx_word' id='word_1_652' title='bbox 1679 5254 1819 5296; x_wconf 86' lang='lat' dir='ltr'><strong>sum.</strong></span> <span class='ocrx_word' id='word_1_653' title='bbox 1852 5240 1935 5293; x_wconf 78' lang='lat' dir='ltr'><strong>Ad</strong></span> <span class='ocrx_word' id='word_1_654' title='bbox 1978 5255 2145 5308; x_wconf 82' lang='lat' dir='ltr'><strong>quam</strong></span> <span class='ocrx_word' id='word_1_655' title='bbox 2166 5240 2381 5305; x_wconf 84' lang='lat' dir='ltr'><strong>Patres,</strong></span> 
     </span>
    </p>
   </div>
   <div class='ocr_carea' id='block_1_91' title="bbox 804 5325 2385 5401">
    <p class='ocr_par' dir='ltr' id='par_1_91' title="bbox 804 5325 2385 5401">
     <span class='ocr_line' id='line_1_91' title="bbox 804 5325 2385 5401; baseline 0.006 -26"><span class='ocrx_word' id='word_1_656' title='bbox 804 5337 931 5376; x_wconf 89' lang='lat' dir='ltr'><strong>cum</strong></span> <span class='ocrx_word' id='word_1_657' title='bbox 986 5325 1224 5391; x_wconf 86' lang='lat' dir='ltr'><strong>primum</strong></span> <span class='ocrx_word' id='word_1_658' title='bbox 1271 5326 1492 5391; x_wconf 89' lang='lat' dir='ltr'><strong>quidem</strong></span> <span class='ocrx_word' id='word_1_659' title='bbox 1547 5328 1967 5394; x_wconf 80' lang='lat' dir='ltr'><strong>conticuissent,</strong></span> <span class='ocrx_word' id='word_1_660' title='bbox 2009 5338 2237 5399; x_wconf 91' lang='lat' dir='ltr'><strong>tumque</strong></span> <span class='ocrx_word' id='word_1_661' title='bbox 2264 5330 2385 5401; x_wconf 78' lang='lat' dir='ltr'><strong>ejus</strong></span> 
     </span>
    </p>
   </div>
   <div class='ocr_carea' id='block_1_92' title="bbox 805 5411 2386 5492">
    <p class='ocr_par' dir='ltr' id='par_1_92' title="bbox 805 5411 2386 5492">
     <span class='ocr_line' id='line_1_92' title="bbox 805 5411 2386 5492; baseline 0.004 -29"><span class='ocrx_word' id='word_1_662' title='bbox 805 5411 1089 5478; x_wconf 86' lang='lat' dir='ltr'><strong>provocati</strong></span> <span class='ocrx_word' id='word_1_663' title='bbox 1119 5412 1376 5484; x_wconf 82' lang='lat' dir='ltr'><strong>lacrymis</strong></span> <span class='ocrx_word' id='word_1_664' title='bbox 1411 5416 1466 5469; x_wconf 89' lang='lat' dir='ltr'><strong>in</strong></span> <span class='ocrx_word' id='word_1_665' title='bbox 1502 5417 1770 5488; x_wconf 88' lang='lat' dir='ltr'><strong>lacrymas</strong></span> <span class='ocrx_word' id='word_1_666' title='bbox 1798 5419 1900 5486; x_wconf 87' lang='lat' dir='ltr'><strong>ipsi</strong></span> <span class='ocrx_word' id='word_1_667' title='bbox 1925 5418 2157 5488; x_wconf 86' lang='lat' dir='ltr'><strong>perinde</strong></span> <span class='ocrx_word' id='word_1_668' title='bbox 2186 5433 2386 5492; x_wconf 82' lang='lat' dir='ltr'><strong>proru-</strong></span> 
     </span>
    </p>
   </div>
   <div class='ocr_carea' id='block_1_93' title="bbox 805 5504 2386 5579">
    <p class='ocr_par' dir='ltr' id='par_1_93' title="bbox 805 5504 2386 5579">
     <span class='ocr_line' id='line_1_93' title="bbox 805 5504 2386 5579; baseline 0.006 -22"><span class='ocrx_word' id='word_1_669' title='bbox 805 5504 1037 5573; x_wconf 85' lang='lat' dir='ltr'><strong>pissent,</strong></span> <span class='ocrx_word' id='word_1_670' title='bbox 1078 5521 1143 5561; x_wconf 88' lang='lat' dir='ltr'><strong>ac</strong></span> <span class='ocrx_word' id='word_1_671' title='bbox 1184 5521 1308 5562; x_wconf 89' lang='lat' dir='ltr'><strong>cum</strong></span> <span class='ocrx_word' id='word_1_672' title='bbox 1339 5517 1604 5579; x_wconf 71' lang='lat' dir='ltr'><strong>prazterea</strong></span> <span class='ocrx_word' id='word_1_673' title='bbox 1636 5510 1743 5566; x_wconf 87' lang='lat' dir='ltr'><strong>hoc</strong></span> <span class='ocrx_word' id='word_1_674' title='bbox 1783 5511 2110 5567; x_wconf 86' lang='lat' dir='ltr'><strong>molirentur</strong></span> <span class='ocrx_word' id='word_1_675' title='bbox 2144 5526 2212 5567; x_wconf 89' lang='lat' dir='ltr'><strong>ac</strong></span> <span class='ocrx_word' id='word_1_676' title='bbox 2249 5520 2386 5566; x_wconf 84' lang='lat' dir='ltr'><strong>sata-</strong></span> 
     </span>
    </p>
   </div>
   <div class='ocr_carea' id='block_1_94' title="bbox 806 5602 2379 5672">
    <p class='ocr_par' dir='ltr' id='par_1_94' title="bbox 806 5602 2379 5672">
     <span class='ocr_line' id='line_1_94' title="bbox 806 5602 2379 5672; baseline 0.002 -21"><span class='ocrx_word' id='word_1_677' title='bbox 806 5606 1016 5665; x_wconf 82' lang='lat' dir='ltr'><strong>gerent.</strong></span> <span class='ocrx_word' id='word_1_678' title='bbox 1044 5607 1104 5651; x_wconf 92' lang='lat' dir='ltr'><strong>ut</strong></span> <span class='ocrx_word' id='word_1_679' title='bbox 1129 5609 1441 5654; x_wconf 88' lang='lat' dir='ltr'><strong>sanctarum</strong></span> <span class='ocrx_word' id='word_1_680' title='bbox 1478 5602 1777 5672; x_wconf 83' lang='lat' dir='ltr'><strong>imaginum</strong></span> <span class='ocrx_word' id='word_1_681' title='bbox 1808 5603 2017 5657; x_wconf 90' lang='lat' dir='ltr'><strong>cultum</strong></span> <span class='ocrx_word' id='word_1_682' title='bbox 2050 5608 2379 5665; x_wconf 87' lang='lat' dir='ltr'><strong>statuerent,</strong></span> 
     </span>
    </p>
   </div>
   <div class='ocr_carea' id='block_1_95' title="bbox 807 5690 2380 5765">
    <p class='ocr_par' dir='ltr' id='par_1_95' title="bbox 807 5690 2380 5765">
     <span class='ocr_line' id='line_1_95' title="bbox 807 5690 2380 5765; baseline 0.003 -25"><span class='ocrx_word' id='word_1_683' title='bbox 807 5703 917 5741; x_wconf 89' lang='lat' dir='ltr'><strong>uno</strong></span> <span class='ocrx_word' id='word_1_684' title='bbox 955 5690 1165 5745; x_wconf 86' lang='lat' dir='ltr'><strong>calculo</strong></span> <span class='ocrx_word' id='word_1_685' title='bbox 1208 5705 1272 5745; x_wconf 91' lang='lat' dir='ltr'><strong>ac</strong></span> <span class='ocrx_word' id='word_1_686' title='bbox 1311 5694 1582 5748; x_wconf 85' lang='lat' dir='ltr'><strong>sententia</strong></span> <span class='ocrx_word' id='word_1_687' title='bbox 1612 5694 1732 5765; x_wconf 89' lang='lat' dir='ltr'><strong>ejus</strong></span> <span class='ocrx_word' id='word_1_688' title='bbox 1769 5695 1845 5749; x_wconf 90' lang='lat' dir='ltr'><strong>rei</strong></span> <span class='ocrx_word' id='word_1_689' title='bbox 1871 5694 2185 5749; x_wconf 88' lang='lat' dir='ltr'><strong>securitatis</strong></span> <span class='ocrx_word' id='word_1_690' title='bbox 2219 5692 2380 5747; x_wconf 86' lang='lat' dir='ltr'><strong>ﬁdem</strong></span> 
     </span>
    </p>
   </div>
   <div class='ocr_carea' id='block_1_96' title="bbox 2480 3930 4061 4017">
    <p class='ocr_par' dir='ltr' id='par_1_96' title="bbox 2480 3930 4061 4017">
     <span class='ocr_line' id='line_1_96' title="bbox 2480 3930 4061 4017; baseline -0.014 -16"><span class='ocrx_word' id='word_1_691' title='bbox 2480 3948 2578 4002; x_wconf 66' lang='lat' dir='ltr'><strong>snt</strong></span> <span class='ocrx_word' id='word_1_692' title='bbox 2610 3947 2902 4017; x_wconf 80' lang='grc' dir='ltr'>τριάκοντα</span> <span class='ocrx_word' id='word_1_693' title='bbox 2932 3940 3155 4012; x_wconf 84' lang='grc' dir='ltr'>χρόνους</span> <span class='ocrx_word' id='word_1_694' title='bbox 3172 3939 3420 4006; x_wconf 84' lang='grc' dir='ltr'>κατεῖχον</span> <span class='ocrx_word' id='word_1_695' title='bbox 3451 3935 3499 3986; x_wconf 82' lang='lat' dir='ltr'><strong>oi</strong></span> <span class='ocrx_word' id='word_1_696' title='bbox 3526 3933 3945 3985; x_wconf 83' lang='grc' dir='ltr'>είκονοκαῦσται</span> <span class='ocrx_word' id='word_1_697' title='bbox 3969 3930 4061 3985; x_wconf 74' lang='grc' dir='ltr'>τὰς</span> 
     </span>
    </p>
   </div>
   <div class='ocr_carea' id='block_1_97' title="bbox 2488 4022 4061 4108">
    <p class='ocr_par' dir='ltr' id='par_1_97' title="bbox 2488 4022 4061 4108">
     <span class='ocr_line' id='line_1_97' title="bbox 2488 4022 4061 4108; baseline -0.014 -15"><span class='ocrx_word' id='word_1_698' title='bbox 2488 4038 2807 4108; x_wconf 78' lang='grc' dir='ltr'>ἐκκλησίας)</span> <span class='ocrx_word' id='word_1_699' title='bbox 2854 4035 3072 4104; x_wconf 83' lang='grc' dir='ltr'>αἴτησιν</span> <span class='ocrx_word' id='word_1_700' title='bbox 3121 4031 3356 4083; x_wconf 84' lang='grc' dir='ltr'>ποιεῖται</span> <span class='ocrx_word' id='word_1_701' title='bbox 3424 4025 3561 4099; x_wconf 78' lang='grc' dir='ltr'>πρὸς</span> <span class='ocrx_word' id='word_1_702' title='bbox 3605 4026 3729 4086; x_wconf 79' lang='grc' dir='ltr'>τοὺς</span> <span class='ocrx_word' id='word_1_703' title='bbox 3787 4022 4061 4091; x_wconf 79' lang='grc' dir='ltr'>παρόντας</span> 
     </span>
    </p>
   </div>
   <div class='ocr_carea' id='block_1_98' title="bbox 2487 4112 4062 4199">
    <p class='ocr_par' dir='ltr' id='par_1_98' title="bbox 2487 4112 4062 4199">
     <span class='ocr_line' id='line_1_98' title="bbox 2487 4112 4062 4199; baseline -0.015 -12"><span class='ocrx_word' id='word_1_704' title='bbox 2487 4132 2675 4199; x_wconf 79' lang='grc' dir='ltr'>ἁγίους</span> <span class='ocrx_word' id='word_1_705' title='bbox 2711 4129 2981 4197; x_wconf 80' lang='grc' dir='ltr'>Πατέρας,</span> <span class='ocrx_word' id='word_1_706' title='bbox 3005 4124 3258 4191; x_wconf 75' lang='grc' dir='ltr'><strong>λέγουσα.⁹</strong></span> <span class='ocrx_word' id='word_1_707' title='bbox 3290 4114 3435 4173; x_wconf 75' lang='grc' dir='ltr'><strong>οῖδά</strong></span> <span class='ocrx_word' id='word_1_708' title='bbox 3459 4119 3550 4172; x_wconf 83' lang='grc' dir='ltr'>ὅτι</span> <span class='ocrx_word' id='word_1_709' title='bbox 3578 4116 3840 4170; x_wconf 67' lang='grc' dir='ltr'>δέδωκεν</span> <span class='ocrx_word' id='word_1_710' title='bbox 3867 4112 4009 4182; x_wconf 81' lang='grc' dir='ltr'>ὑμῖν</span> <span class='ocrx_word' id='word_1_711' title='bbox 4032 4115 4062 4164; x_wconf 84' lang='grc' dir='ltr'>ὁ</span> 
     </span>
    </p>
   </div>
   <div class='ocr_carea' id='block_1_99' title="bbox 2491 4206 4063 4289">
    <p class='ocr_par' dir='ltr' id='par_1_99' title="bbox 2491 4206 4063 4289">
     <span class='ocr_line' id='line_1_99' title="bbox 2491 4206 4063 4289; baseline -0.014 -12"><span class='ocrx_word' id='word_1_712' title='bbox 2491 4223 2636 4289; x_wconf 83' lang='grc' dir='ltr'>Θεὸς</span> <span class='ocrx_word' id='word_1_713' title='bbox 2686 4220 2977 4284; x_wconf 77' lang='grc' dir='ltr'>ἐξουσίαν</span> <span class='ocrx_word' id='word_1_714' title='bbox 3012 4217 3112 4269; x_wconf 76' lang='grc' dir='ltr'><strong>ἐπὶ</strong></span> <span class='ocrx_word' id='word_1_715' title='bbox 3164 4211 3273 4281; x_wconf 85' lang='grc' dir='ltr'>τῆς</span> <span class='ocrx_word' id='word_1_716' title='bbox 3329 4210 3439 4281; x_wconf 68' lang='lat' dir='ltr'><strong>rﬁc</strong></span> <span class='ocrx_word' id='word_1_717' title='bbox 3484 4208 3719 4277; x_wconf 70' lang='grc' dir='ltr'>ἀφιέναι</span> <span class='ocrx_word' id='word_1_718' title='bbox 3771 4206 4063 4274; x_wconf 70' lang='grc' dir='ltr'>ἁμαρτίας</span> 
     </span>
    </p>
   </div>
   <div class='ocr_carea' id='block_1_100' title="bbox 2490 4290 4064 4378">
    <p class='ocr_par' dir='ltr' id='par_1_100' title="bbox 2490 4290 4064 4378">
     <span class='ocr_line' id='line_1_100' title="bbox 2490 4290 4064 4378; baseline -0.014 -10"><span class='ocrx_word' id='word_1_719' title='bbox 2490 4312 2733 4369; x_wconf 81' lang='grc' dir='ltr'>κατὰτὸ</span> <span class='ocrx_word' id='word_1_720' title='bbox 2768 4308 3135 4378; x_wconf 71' lang='grc' dir='ltr'>Εὐατγέλιον</span> <span class='ocrx_word' id='word_1_721' title='bbox 3158 4304 3265 4359; x_wconf 86' lang='grc' dir='ltr'>τοῦ</span> <span class='ocrx_word' id='word_1_722' title='bbox 3304 4300 3584 4371; x_wconf 77' lang='grc' dir='ltr'>Χριστοῦ.</span> <span class='ocrx_word' id='word_1_723' title='bbox 3641 4298 3924 4364; x_wconf 74' lang='grc' dir='ltr'>Ἐπείπερ</span> <span class='ocrx_word' id='word_1_724' title='bbox 3954 4290 4064 4349; x_wconf 86' lang='grc' dir='ltr'>οὖν</span> 
     </span>
    </p>
   </div>
   <div class='ocr_carea' id='block_1_101' title="bbox 2488 4388 4065 4471">
    <p class='ocr_par' dir='ltr' id='par_1_101' title="bbox 2488 4388 4065 4471">
     <span class='ocr_line' id='line_1_101' title="bbox 2488 4388 4065 4471; baseline -0.014 -10"><span class='ocrx_word' id='word_1_725' title='bbox 2488 4410 2521 4461; x_wconf 82' lang='grc' dir='ltr'><em>ὁ</em></span> <span class='ocrx_word' id='word_1_726' title='bbox 2549 4404 2852 4471; x_wconf 74' lang='grc' dir='ltr'>,βασιλεὺς</span> <span class='ocrx_word' id='word_1_727' title='bbox 2876 4402 3187 4469; x_wconf 75' lang='grc' dir='ltr'>Θεόφιλος,</span> <span class='ocrx_word' id='word_1_728' title='bbox 3219 4398 3299 4462; x_wconf 85' lang='grc' dir='ltr'>ὡς</span> <span class='ocrx_word' id='word_1_729' title='bbox 3330 4394 3530 4449; x_wconf 75' lang='grc' dir='ltr'>ιιδατε</span> <span class='ocrx_word' id='word_1_730' title='bbox 3567 4388 3811 4455; x_wconf 65' lang='grc' dir='ltr'>πάντες,</span> <span class='ocrx_word' id='word_1_731' title='bbox 3843 4388 4065 4441; x_wconf 62' lang='lat' dir='ltr'><strong>Gazam-</strong></span> 
     </span>
    </p>
   </div>
   <div class='ocr_carea' id='block_1_102' title="bbox 2488 4479 4065 4563">
    <p class='ocr_par' dir='ltr' id='par_1_102' title="bbox 2488 4479 4065 4563">
     <span class='ocr_line' id='line_1_102' title="bbox 2488 4479 4065 4563; baseline -0.011 -15"><span class='ocrx_word' id='word_1_732' title='bbox 2488 4496 2695 4563; x_wconf 84' lang='grc' dir='ltr'>κρίτης</span> <span class='ocrx_word' id='word_1_733' title='bbox 2738 4492 2853 4559; x_wconf 81' lang='grc' dir='ltr'>μὲν</span> <span class='ocrx_word' id='word_1_734' title='bbox 2876 4494 2929 4544; x_wconf 80' lang='lat' dir='ltr'><strong>el</strong></span> <span class='ocrx_word' id='word_1_735' title='bbox 2960 4490 3060 4542; x_wconf 87' lang='grc' dir='ltr'><strong>καί</strong></span> <span class='ocrx_word' id='word_1_736' title='bbox 3088 4506 3178 4551; x_wconf 87' lang='grc' dir='ltr'><strong>τις</strong></span> <span class='ocrx_word' id='word_1_737' title='bbox 3226 4487 3416 4547; x_wconf 69' lang='grc' dir='ltr'>ἄλλος</span> <span class='ocrx_word' id='word_1_738' title='bbox 3445 4480 3547 4552; x_wconf 83' lang='grc' dir='ltr'>ἦν,</span> <span class='ocrx_word' id='word_1_739' title='bbox 3587 4481 3682 4534; x_wconf 73' lang='grc' dir='ltr'>καὶ</span> <span class='ocrx_word' id='word_1_740' title='bbox 3725 4479 3925 4533; x_wconf 74' lang='grc' dir='ltr'>πάντα</span> <span class='ocrx_word' id='word_1_741' title='bbox 3959 4494 4065 4531; x_wconf 69' lang='lat' dir='ltr'><strong>za-</strong></span> 
     </span>
    </p>
   </div>
   <div class='ocr_carea' id='block_1_103' title="bbox 2485 4571 4065 4652">
    <p class='ocr_par' dir='ltr' id='par_1_103' title="bbox 2485 4571 4065 4652">
     <span class='ocr_line' id='line_1_103' title="bbox 2485 4571 4065 4652; baseline -0.015 -10"><span class='ocrx_word' id='word_1_742' title='bbox 2485 4587 2608 4652; x_wconf 73' lang='grc' dir='ltr'><strong>,ιὼς</strong></span> <span class='ocrx_word' id='word_1_743' title='bbox 2663 4583 2944 4646; x_wconf 82' lang='grc' dir='ltr'>διοικῶν,</span> <span class='ocrx_word' id='word_1_744' title='bbox 3004 4581 3084 4647; x_wconf 87' lang='grc' dir='ltr'>ὡς</span> <span class='ocrx_word' id='word_1_745' title='bbox 3126 4578 3511 4650; x_wconf 82' lang='grc' dir='ltr'>μαρτυρεῖτε.</span> <span class='ocrx_word' id='word_1_746' title='bbox 3568 4571 3692 4644; x_wconf 77' lang='grc' dir='ltr'>εἶχε</span> <span class='ocrx_word' id='word_1_747' title='bbox 3742 4572 3813 4625; x_wconf 79' lang='grc' dir='ltr'>δὲ</span> <span class='ocrx_word' id='word_1_748' title='bbox 3865 4576 4065 4640; x_wconf 74' lang='grc' dir='ltr'>μόνην</span> 
     </span>
    </p>
   </div>
   <div class='ocr_carea' id='block_1_104' title="bbox 2488 4658 4068 4745">
    <p class='ocr_par' dir='ltr' id='par_1_104' title="bbox 2488 4658 4068 4745">
     <span class='ocr_line' id='line_1_104' title="bbox 2488 4658 4068 4745; baseline -0.015 -12"><span class='ocrx_word' id='word_1_749' title='bbox 2488 4680 2715 4745; x_wconf 87' lang='grc' dir='ltr'>ταύτην</span> <span class='ocrx_word' id='word_1_750' title='bbox 2758 4674 2873 4741; x_wconf 79' lang='grc' dir='ltr'>τὴν</span> <span class='ocrx_word' id='word_1_751' title='bbox 2912 4672 3170 4740; x_wconf 84' lang='grc' dir='ltr'>αἵρεσιν,</span> <span class='ocrx_word' id='word_1_752' title='bbox 3219 4668 3300 4735; x_wconf 82' lang='grc' dir='ltr'>ῆν</span> <span class='ocrx_word' id='word_1_753' title='bbox 3333 4668 3430 4719; x_wconf 84' lang='grc' dir='ltr'><strong>καί</strong></span> <span class='ocrx_word' id='word_1_754' title='bbox 3470 4659 3764 4717; x_wconf 77' lang='grc' dir='ltr'>τελευτῶν</span> <span class='ocrx_word' id='word_1_755' title='bbox 3796 4658 4068 4726; x_wconf 66' lang='grc' dir='ltr'>ἀπηρνή-</span> 
     </span>
    </p>
   </div>
   <div class='ocr_carea' id='block_1_105' title="bbox 2488 4752 4068 4838">
    <p class='ocr_par' dir='ltr' id='par_1_105' title="bbox 2488 4752 4068 4838">
     <span class='ocr_line' id='line_1_105' title="bbox 2488 4752 4068 4838; baseline -0.015 -11"><span class='ocrx_word' id='word_1_756' title='bbox 2488 4788 2661 4834; x_wconf 83' lang='grc' dir='ltr'>σατο,</span> <span class='ocrx_word' id='word_1_757' title='bbox 2715 4768 2813 4822; x_wconf 77' lang='grc' dir='ltr'>καὶ</span> <span class='ocrx_word' id='word_1_758' title='bbox 2840 4766 2992 4838; x_wconf 83' lang='grc' dir='ltr'>μετὰ</span> <span class='ocrx_word' id='word_1_759' title='bbox 3029 4764 3301 4830; x_wconf 80' lang='grc' dir='ltr'>δακρύων</span> <span class='ocrx_word' id='word_1_760' title='bbox 3343 4760 3470 4813; x_wconf 80' lang='grc' dir='ltr'>κατ’</span> <span class='ocrx_word' id='word_1_761' title='bbox 3514 4755 3708 4822; x_wconf 79' lang='grc' dir='ltr'>αὐτὴν</span> <span class='ocrx_word' id='word_1_762' title='bbox 3749 4753 3865 4821; x_wconf 78' lang='grc' dir='ltr'>τὴν</span> <span class='ocrx_word' id='word_1_763' title='bbox 3906 4752 4068 4819; x_wconf 69' lang='grc' dir='ltr'>ὥραν</span> 
     </span>
    </p>
   </div>
   <div class='ocr_carea' id='block_1_106' title="bbox 2488 4847 4069 4933">
    <p class='ocr_par' dir='ltr' id='par_1_106' title="bbox 2488 4847 4069 4933">
     <span class='ocr_line' id='line_1_106' title="bbox 2488 4847 4069 4933; baseline -0.017 -12"><span class='ocrx_word' id='word_1_764' title='bbox 2488 4864 2601 4933; x_wconf 82' lang='grc' dir='ltr'>τῆς</span> <span class='ocrx_word' id='word_1_765' title='bbox 2640 4862 2877 4929; x_wconf 79' lang='grc' dir='ltr'>ἐξόδου,</span> <span class='ocrx_word' id='word_1_766' title='bbox 2944 4856 3090 4927; x_wconf 83' lang='grc' dir='ltr'>ἐμοῦ</span> <span class='ocrx_word' id='word_1_767' title='bbox 3144 4856 3330 4919; x_wconf 81' lang='grc' dir='ltr'>τούτῳ</span> <span class='ocrx_word' id='word_1_768' title='bbox 3381 4853 3601 4913; x_wconf 83' lang='grc' dir='ltr'>ταύτας</span> <span class='ocrx_word' id='word_1_769' title='bbox 3652 4847 3908 4912; x_wconf 83' lang='grc' dir='ltr'>δούσης,</span> <span class='ocrx_word' id='word_1_770' title='bbox 3963 4848 4069 4907; x_wconf 80' lang='grc' dir='ltr'>τὰς</span> 
     </span>
    </p>
   </div>
   <div class='ocr_carea' id='block_1_107' title="bbox 2488 4936 4063 5027">
    <p class='ocr_par' dir='ltr' id='par_1_107' title="bbox 2488 4936 4063 5027">
     <span class='ocr_line' id='line_1_107' title="bbox 2488 4936 4063 5027; baseline -0.017 -15"><span class='ocrx_word' id='word_1_771' title='bbox 2488 4958 2660 5027; x_wconf 76' lang='grc' dir='ltr'>ἁγίας</span> <span class='ocrx_word' id='word_1_772' title='bbox 2677 4955 2909 5016; x_wconf 74' lang='grc' dir='ltr'>εἰκόνας</span> <span class='ocrx_word' id='word_1_773' title='bbox 2941 4949 3328 5017; x_wconf 69' lang='grc' dir='ltr'>κατεφίλησε,</span> <span class='ocrx_word' id='word_1_774' title='bbox 3356 4944 3455 4997; x_wconf 76' lang='grc' dir='ltr'>καὶ</span> <span class='ocrx_word' id='word_1_775' title='bbox 3485 4941 3673 5005; x_wconf 82' lang='grc' dir='ltr'>οὕτως</span> <span class='ocrx_word' id='word_1_776' title='bbox 3705 4936 4063 5027; x_wconf 73' lang='grc' dir='ltr'>ἐξέπνευσε,</span> 
     </span>
    </p>
   </div>
   <div class='ocr_carea' id='block_1_108' title="bbox 2487 5026 4065 5116">
    <p class='ocr_par' dir='ltr' id='par_1_108' title="bbox 2487 5026 4065 5116">
     <span class='ocr_line' id='line_1_108' title="bbox 2487 5026 4065 5116; baseline -0.018 -12"><span class='ocrx_word' id='word_1_777' title='bbox 2487 5026 2627 5105; x_wconf 82' lang='grc' dir='ltr'>δότε</span> <span class='ocrx_word' id='word_1_778' title='bbox 2666 5064 2771 5116; x_wconf 65' lang='grc' dir='ltr'><strong>μοι</strong></span> <span class='ocrx_word' id='word_1_779' title='bbox 2812 5044 2911 5098; x_wconf 79' lang='grc' dir='ltr'>καὶ</span> <span class='ocrx_word' id='word_1_780' title='bbox 2958 5040 3131 5097; x_wconf 76' lang='grc' dir='ltr'>αὐτοὶ</span> <span class='ocrx_word' id='word_1_781' title='bbox 3190 5038 3367 5106; x_wconf 80' lang='grc' dir='ltr'>χάριν</span> <span class='ocrx_word' id='word_1_782' title='bbox 3412 5033 3715 5103; x_wconf 62' lang='grc' dir='ltr'>ἐγγράφως</span> <span class='ocrx_word' id='word_1_783' title='bbox 3763 5026 4065 5096; x_wconf 64' lang='grc' dir='ltr'>ἀφεθῆναι</span> 
     </span>
    </p>
   </div>
   <div class='ocr_carea' id='block_1_109' title="bbox 2488 5117 4067 5213">
    <p class='ocr_par' dir='ltr' id='par_1_109' title="bbox 2488 5117 4067 5213">
     <span class='ocr_line' id='line_1_109' title="bbox 2488 5117 4067 5213; baseline -0.021 -17"><span class='ocrx_word' id='word_1_784' title='bbox 2488 5139 2649 5206; x_wconf 86' lang='grc' dir='ltr'><strong>αὐτῷ</strong></span> <span class='ocrx_word' id='word_1_785' title='bbox 2678 5139 2792 5213; x_wconf 51' lang='grc' dir='ltr'>τρῂν</span> <span class='ocrx_word' id='word_1_786' title='bbox 2820 5136 3112 5207; x_wconf 80' lang='grc' dir='ltr'>ἁμαρτίαν</span> <span class='ocrx_word' id='word_1_787' title='bbox 3141 5131 3370 5195; x_wconf 82' lang='grc' dir='ltr'>ταύτην</span> <span class='ocrx_word' id='word_1_788' title='bbox 3399 5126 3597 5197; x_wconf 78' lang='grc' dir='ltr'>μόνην</span> <span class='ocrx_word' id='word_1_789' title='bbox 3622 5138 3636 5152; x_wconf 77' lang='grc'><strong>”</strong></span> <span class='ocrx_word' id='word_1_790' title='bbox 3671 5122 3803 5188; x_wconf 72' lang='grc' dir='ltr'>περὶ</span> <span class='ocrx_word' id='word_1_791' title='bbox 3851 5120 3922 5213; x_wconf 55' lang='grc' dir='ltr'>δέ</span> <span class='ocrx_word' id='word_1_792' title='bbox 3948 5117 4067 5175; x_wconf 72' lang='grc' dir='ltr'>τῶν</span> 
     </span>
    </p>
   </div>
   <div class='ocr_carea' id='block_1_110' title="bbox 2488 5211 4066 5297">
    <p class='ocr_par' dir='ltr' id='par_1_110' title="bbox 2488 5211 4066 5297">
     <span class='ocr_line' id='line_1_110' title="bbox 2488 5211 4066 5297; baseline -0.017 -9"><span class='ocrx_word' id='word_1_793' title='bbox 2488 5211 2817 5287; x_wconf 15' lang='grc' dir='ltr'>λοιπῶκηοὺ</span> <span class='ocrx_word' id='word_1_794' title='bbox 2854 5224 3162 5297; x_wconf 68' lang='grc' dir='ltr'>φροντίζω.</span> <span class='ocrx_word' id='word_1_795' title='bbox 3221 5221 3364 5291; x_wconf 84' lang='grc' dir='ltr'>Πρὸς</span> <span class='ocrx_word' id='word_1_796' title='bbox 3392 5221 3460 5290; x_wconf 79' lang='grc' dir='ltr'>ἦν</span> <span class='ocrx_word' id='word_1_797' title='bbox 3492 5219 3542 5269; x_wconf 85' lang='grc' dir='ltr'>οἱ</span> <span class='ocrx_word' id='word_1_798' title='bbox 3591 5216 3830 5283; x_wconf 76' lang='grc' dir='ltr'>Πατερες</span> <span class='ocrx_word' id='word_1_799' title='bbox 3857 5211 3929 5268; x_wconf 80' lang='grc' dir='ltr'>τὰ</span> <span class='ocrx_word' id='word_1_800' title='bbox 3966 5212 4066 5281; x_wconf 69' lang='grc' dir='ltr'>μὲν</span> 
     </span>
    </p>
   </div>
   <div class='ocr_carea' id='block_1_111' title="bbox 2493 5307 4065 5395">
    <p class='ocr_par' dir='ltr' id='par_1_111' title="bbox 2493 5307 4065 5395">
     <span class='ocr_line' id='line_1_111' title="bbox 2493 5307 4065 5395; baseline -0.013 -17"><span class='ocrx_word' id='word_1_801' title='bbox 2493 5324 2686 5395; x_wconf 81' lang='grc' dir='ltr'>πρῶτα</span> <span class='ocrx_word' id='word_1_802' title='bbox 2743 5324 3066 5391; x_wconf 82' lang='grc' dir='ltr'>σιγήσαντες</span> <span class='ocrx_word' id='word_1_803' title='bbox 3097 5359 3112 5383; x_wconf 92' lang='grc'><strong>,</strong></span> <span class='ocrx_word' id='word_1_804' title='bbox 3188 5312 3306 5369; x_wconf 84' lang='grc' dir='ltr'>εἶτα</span> <span class='ocrx_word' id='word_1_805' title='bbox 3366 5312 3459 5366; x_wconf 76' lang='grc' dir='ltr'>καὶ</span> <span class='ocrx_word' id='word_1_806' title='bbox 3522 5307 3891 5379; x_wconf 77' lang='grc' dir='ltr'>δακρύσαντες</span> <span class='ocrx_word' id='word_1_807' title='bbox 3953 5307 4065 5365; x_wconf 79' lang='grc' dir='ltr'>τοῖς</span> 
     </span>
    </p>
   </div>
   <div class='ocr_carea' id='block_1_112' title="bbox 2488 5400 4065 5487">
    <p class='ocr_par' dir='ltr' id='par_1_112' title="bbox 2488 5400 4065 5487">
     <span class='ocr_line' id='line_1_112' title="bbox 2488 5400 4065 5487; baseline -0.016 -16"><span class='ocrx_word' id='word_1_808' title='bbox 2488 5418 2658 5487; x_wconf 78' lang='grc' dir='ltr'>αὐτῆς</span> <span class='ocrx_word' id='word_1_809' title='bbox 2714 5412 3194 5483; x_wconf 69' lang='grc' dir='ltr'>ὶπικαμπτὸμενοι</span> <span class='ocrx_word' id='word_1_810' title='bbox 3249 5408 3499 5478; x_wconf 75' lang='grc' dir='ltr'>δάκρυσι,</span> <span class='ocrx_word' id='word_1_811' title='bbox 3558 5403 3695 5473; x_wconf 83' lang='grc' dir='ltr'>πρὸς</span> <span class='ocrx_word' id='word_1_812' title='bbox 3730 5402 3787 5453; x_wconf 78' lang='grc' dir='ltr'>δὲ</span> <span class='ocrx_word' id='word_1_813' title='bbox 3825 5400 3926 5451; x_wconf 79' lang='grc' dir='ltr'>καὶ</span> <span class='ocrx_word' id='word_1_814' title='bbox 3966 5400 4065 5465; x_wconf 74' lang='grc' dir='ltr'><strong>τὴν</strong></span> 
     </span>
    </p>
   </div>
   <div class='ocr_carea' id='block_1_113' title="bbox 2489 5492 4066 5578">
    <p class='ocr_par' dir='ltr' id='par_1_113' title="bbox 2489 5492 4066 5578">
     <span class='ocr_line' id='line_1_113' title="bbox 2489 5492 4066 5578; baseline -0.016 -12"><span class='ocrx_word' id='word_1_815' title='bbox 2489 5512 2599 5566; x_wconf 80' lang='grc' dir='ltr'>τῶν</span> <span class='ocrx_word' id='word_1_816' title='bbox 2625 5512 2799 5578; x_wconf 81' lang='grc' dir='ltr'>ἁγίων</span> <span class='ocrx_word' id='word_1_817' title='bbox 2825 5509 3048 5561; x_wconf 73' lang='grc' dir='ltr'>εἰκόνων</span> <span class='ocrx_word' id='word_1_818' title='bbox 3076 5504 3365 5577; x_wconf 74' lang='grc' dir='ltr'>ζητοῦντες</span> <span class='ocrx_word' id='word_1_819' title='bbox 3394 5498 3578 5569; x_wconf 78' lang='grc' dir='ltr'>τιμὴν,</span> <span class='ocrx_word' id='word_1_820' title='bbox 3599 5498 3749 5564; x_wconf 79' lang='grc' dir='ltr'>κοινῇ</span> <span class='ocrx_word' id='word_1_821' title='bbox 3782 5494 3954 5563; x_wconf 74' lang='grc' dir='ltr'><strong>ψήφῳ</strong></span> <span class='ocrx_word' id='word_1_822' title='bbox 3974 5492 4066 5543; x_wconf 70' lang='grc' dir='ltr'><strong>καὶ</strong></span> 
     </span>
    </p>
   </div>
   <div class='ocr_carea' id='block_1_114' title="bbox 2487 5583 4064 5674">
    <p class='ocr_par' dir='ltr' id='par_1_114' title="bbox 2487 5583 4064 5674">
     <span class='ocr_line' id='line_1_114' title="bbox 2487 5583 4064 5674; baseline -0.015 -18"><span class='ocrx_word' id='word_1_823' title='bbox 2487 5601 2684 5674; x_wconf 79' lang='grc' dir='ltr'>γνώμῃ</span> <span class='ocrx_word' id='word_1_824' title='bbox 2734 5602 2799 5655; x_wconf 82' lang='grc' dir='ltr'>δι’</span> <span class='ocrx_word' id='word_1_825' title='bbox 2845 5599 3123 5667; x_wconf 63' lang='grc' dir='ltr'>ἐγγράφου</span> <span class='ocrx_word' id='word_1_826' title='bbox 3166 5591 3463 5661; x_wconf 68' lang='grc' dir='ltr'>ἀσφαλείας</span> <span class='ocrx_word' id='word_1_827' title='bbox 3507 5588 3602 5658; x_wconf 78' lang='grc' dir='ltr'><strong>τὴν</strong></span> <span class='ocrx_word' id='word_1_828' title='bbox 3647 5587 3831 5638; x_wconf 78' lang='grc' dir='ltr'>πίστιν</span> <span class='ocrx_word' id='word_1_829' title='bbox 3872 5583 4064 5637; x_wconf 78' lang='grc' dir='ltr'>τούτου</span> 
     </span>
    </p>
   </div>
   <div class='ocr_carea' id='block_1_115' title="bbox 2460 5674 4063 5763">
    <p class='ocr_par' dir='ltr' id='par_1_115' title="bbox 2460 5674 4063 5763">
     <span class='ocr_line' id='line_1_115' title="bbox 2460 5674 4063 5763; baseline -0.012 -18"><span class='ocrx_word' id='word_1_830' title='bbox 2460 5695 2553 5763; x_wconf 78' lang='grc' dir='ltr'>,τῇ</span> <span class='ocrx_word' id='word_1_831' title='bbox 2597 5692 2853 5761; x_wconf 79' lang='grc' dir='ltr'>δεσποίνῃ</span> <span class='ocrx_word' id='word_1_832' title='bbox 2887 5689 3149 5747; x_wconf 74' lang='grc' dir='ltr'>ἐδίδοσαν.</span> <span class='ocrx_word' id='word_1_833' title='bbox 3212 5686 3327 5753; x_wconf 74' lang='grc' dir='ltr'><strong>Ἐφ’</strong></span> <span class='ocrx_word' id='word_1_834' title='bbox 3373 5676 3450 5744; x_wconf 75' lang='grc' dir='ltr'>οἷς</span> <span class='ocrx_word' id='word_1_835' title='bbox 3489 5681 3586 5749; x_wconf 71' lang='grc' dir='ltr'>τῆν</span> <span class='ocrx_word' id='word_1_836' title='bbox 3635 5677 3933 5745; x_wconf 70' lang='grc' dir='ltr'>ἐκκλησίαν</span> <span class='ocrx_word' id='word_1_837' title='bbox 3977 5674 4063 5745; x_wconf 73' lang='grc' dir='ltr'><strong>βι-</strong></span> 
     </span>
    </p>
   </div>
   <div class='ocr_carea' id='block_1_116' title="bbox 2067 5762 2766 5838">
    <p class='ocr_par' dir='ltr' id='par_1_116' title="bbox 2067 5762 2766 5838">
     <span class='ocr_line' id='line_1_116' title="bbox 2067 5762 2766 5838; baseline -0.01 0"><span class='ocrx_word' id='word_1_838' title='bbox 2067 5782 2307 5838; x_wconf 68' lang='lat' dir='ltr'><strong>Vitlile</strong></span> <span class='ocrx_word' id='word_1_839' title='bbox 2352 5762 2766 5838; x_wconf 60' lang='lat' dir='ltr'><strong>LEe‘rioses.</strong></span> 
     </span>
    </p>
   </div>
   <div class='ocr_carea' id='block_1_117' title="bbox 875 5871 1411 5944">
    <p class='ocr_par' dir='ltr' id='par_1_117' title="bbox 875 5871 1411 5944">
     <span class='ocr_line' id='line_1_117' title="bbox 875 5871 1411 5944; baseline 0.007 -20"><span class='ocrx_word' id='word_1_840' title='bbox 875 5872 919 5901; x_wconf 81' lang='grc'><strong>³⁸</strong></span> <span class='ocrx_word' id='word_1_841' title='bbox 956 5871 1047 5924; x_wconf 74' lang='grc' dir='ltr'><strong>καὶ</strong></span> <span class='ocrx_word' id='word_1_842' title='bbox 1076 5873 1107 5942; x_wconf 83' lang='grc' dir='ltr'>ή</span> <span class='ocrx_word' id='word_1_843' title='bbox 1144 5873 1411 5944; x_wconf 70' lang='grc' dir='ltr'>γοητεέαῗ</span> 
     </span>
    </p>
   </div>
  </div>
