4174 6442
789 396 821 457 7
837 394 854 457 ι
868 396 899 455 5
2026 387 2406 449 SYMEONIS
2452 383 2825 447 MAGISTRI
3956 381 4057 443 716

782 523 891 577 que
924 505 1252 562 adverteret.
1290 500 1498 567 Quarit
1540 499 1745 571 itaque,
1812 500 1935 572 quid
1969 517 2143 555 causa:
2175 504 2242 555 sit
2274 518 2369 555 cur

2489 498 2724 565 ίτενοῦς
2757 498 3023 567 ὁράσεως
3053 514 3071 562 ;
3100 500 3133 570 ἡ
3164 498 3221 552 δὲ
3249 499 3354 571 ἑςρη
3394 498 3493 570 τὴν
3514 500 3576 551 ἐκ
3624 500 3734 553 τῶν
3788 502 4053 570 γραμμάς

784 602 857 653 sic
890 601 1092 652 intenta
1122 598 1175 651 in
1197 595 1347 649 illum
1379 593 1670 664 aspiceret?
1698 593 2003 663 Respondit
2028 594 2176 648 illius
2204 609 2263 649 se
2288 603 2371 648 to-

2489 608 2584 648 ιων
2610 590 2912 661 θαυμάζειν
2966 593 3263 662 καρτερίαν
3312 609 3406 644 σου
3450 593 3547 644 καὶ
3590 590 3688 661 τὴν
3736 591 3833 645 τοῦ
3883 592 4056 645 ταῦτα

787 691 1069 746 lerantiam
1095 688 1358 743 admirari
1385 704 1453 742 ex
1474 686 1756 755 inscriptis
1782 686 1865 739 ori
1897 685 2119 749 litteris,
2140 686 2370 755 ejusque

2489 683 2775 754 Spdaav'to;
2816 684 3107 753 ἀπήνειαν.
3138 686 3246 736 Καὶ
3274 686 3303 736 ὁ
3331 683 3600 753 μακάριος
3630 684 3917 753 Βεθσάνης
3952 702 4058 753 μη-

783 778 876 846 qui
906 779 1101 832 horum
1122 787 1319 831 auctor
1344 774 1645 829 exstitisset
1669 775 1957 828 saevitiam.
1995 774 2134 828 Tum
2178 774 2370 828 beatus

2489 776 2565 828 δὲν
2604 776 2925 845 εὐλαεηθεὶς
2955 775 2987 845 ἧ
3022 776 3134 828 τῶν
3166 777 3697 848 προησφαλισμένων
3725 778 4056 846 διανοηθεὶς,

784 868 1149 939 Theophanes
1182 869 1329 921 nulla
1374 865 1687 920 reverentia
1716 865 1939 930 ductus,
1972 880 2075 919 nec
2115 880 2236 934 qua
2260 867 2372 935 jam

2489 868 2657 934 ’Υπὲρ
2677 869 2901 935 ταύτης
2925 867 3037 934 τῆς
3062 867 3319 937 γραφῆς,
3342 872 3546 937 ἔφησεν
3563 868 3626 921 εὖ
3647 869 3793 937 μάλα
3821 869 4058 936 τρανῶς,

785 971 976 1016 sancte
1010 960 1281 1030 promissa
1341 967 1503 1013 erant
1552 958 1735 1011 animo
1789 968 2074 1026 reputans,
2128 958 2242 1026 jus,
2287 956 2371 1009 in-

2489 959 2546 1013 ἐν
2561 960 2641 1025 τῷ
2652 960 2761 1015 τοῦ
2784 962 2933 1016 Θεοῦ
2949 962 3265 1026 ἀδεκάστῳ
3276 962 3638 1029 δικασξηρίῳ
3653 962 4063 1029 σφοδρότερον

783 1054 929 1124 quit,
955 1054 1103 1109 clara
1121 1050 1417 1106 admodum
1437 1065 1573 1105 voce
1598 1051 1874 1120 scriptura:
1897 1050 2106 1102 nomine
2128 1052 2375 1102 adversus

2489 1053 2901 1123 διαδικὰσομαι
2930 1055 3012 1119 τῷ
3041 1055 3219 1124 ἀνδρί
3248 1072 3386 1109 σου.
3418 1055 3588 1107 Τοῦτο
3605 1055 3941 1121 ἀκούσασαή
3974 1054 4065 1120 βι-

782 1146 957 1198 υἱνιινη
996 1151 1146 1196 tuum
1173 1143 1228 1195 in
1254 1143 1560 1211 incorrupto
1590 1140 1688 1195 Dei
1722 1140 1923 1210 judicio
1969 1141 2149 1206 ανίιιε
2210 1140 2377 1193 disce-

2489 1146 2722 1210 σίλισσα,
2759 1147 2854 1200 καὶ
2876 1147 3173 1217 περίλυπος
3192 1147 3458 1215 γενομένη
3483 1150 3577 1198 καὶ
3609 1146 3937 1215 εὐιδακρυς,
3963 1146 4061 1212 ἔφη

786 1237 947 1307 ριαῡο
970 1245 1129 1305 atque
1154 1234 1488 1288 contendam.
1521 1233 1619 1287 His
1637 1232 1883 1301 Augusta
1904 1232 2127 1296 auditis,
2151 1239 2378 1286 maesto-

2489 1233 2619 1302 πρὸς
2644 1233 2735 1285 τὸν
2762 1236 2937 1286 ὅσιονο
2962 1232 3149 1290 Αὖται
3176 1237 3235 1287 al
3264 1234 3335 1287 δι’
3354 1235 3665 1304 ἑγγῬάεεων
3684 1236 4065 1303 ὑποσχέσεις·

788 1343 899 1397 que
931 1326 1119 1382 animo
1160 1326 1324 1389 facta,
1352 1340 1415 1379 ac
1435 1324 1693 1395 lacrymis
1722 1324 1919 1388 oll’usa,
1958 1324 2074 1389 Hce,
2100 1324 2280 1393 inquit
2309 1322 2377 1377 ad

2489 1321 2650 1391 ὑμῶν
2678 1324 2778 1376 καὶ
2809 1327 3140 1393 ὁμολογίαι,
3165 1326 3245 1389 ὠς
3276 1324 3363 1393 μὴ
3401 1328 3596 1394 μόνον
3632 1328 3705 1377 οὐ
3749 1341 4062 1391 συγκεχω-

790 1428 1073 1482 sanctum,
1100 1426 1289 1471 vestrm
1310 1417 1506 1487 scripto
1537 1415 1769 1483 ﬁrmata
1788 1417 2159 1484 promissiones
2179 1432 2242 1468 ac
2261 1431 2377 1467 mu-

2489 1414 2750 1479 ρηκὲναι,
2794 1414 2956 1468 ἀλλὰ
2984 1416 3079 1467 καὶ
3113 1415 3265 1482 πρὸς
3300 1414 3536 1482 ἀγῶνας
3579 1413 3672 1486 [Ρέ
3705 1413 3842 1484 455]
3899 1415 4068 1482 ἄγειν

789 1528 950 1576 nera,
981 1520 1036 1563 ut
1061 1526 1166 1563 non
1180 1509 1355 1563 solum
1378 1510 1489 1563 viro
1522 1526 1626 1562 non
1650 1508 1991 1579 indulgeatis,
2012 1509 2101 1561 sed
2136 1518 2185 1562 et
2208 1511 2381 1562 actio-

2489 1508 2672 1561 αὐτόν
2700 1507 2928 1573 ;-Οὓ,
2971 1511 3185 1577 φησὶνό
3219 1509 3565 1580 πατριάρχης
3624 1508 3874 1577 αὐθωρὸν
3934 1510 4063 1558 ἀνα-

796 1618 917 1655 nem
941 1602 1043 1672 ipsi
1076 1600 1366 1655 intendatis
1393 1601 1621 1668 atquein
1636 1600 1901 1669 judicium
1919 1599 2084 1672 654
2105 1602 2332 1655 trahatis
2358 1602 2383 1653 ?

2489 1600 2619 1659 στὰς
2654 1604 2750 1652 καὶ
2798 1603 2846 1653 οἱ
2897 1600 3073 1652 λοιποὶ
3095 1600 3206 1653 τῶν
3259 1600 3473 1669 ἱερέων,
3527 1598 3901 1663 βασίλισσα,
3952 1596 4063 1649 οὕο

782 1692 1121 1762 Non,inquit
1175 1707 1407 1762 surgens
1437 1692 1726 1746 confestim
1746 1693 2055 1761 patriarcha
2083 1709 2149 1746 ac
2184 1694 2381 1762 reliqui

2489 1691 2623 1746 ἀλλ’
2656 1691 2779 1754 ἕξει
2829 1694 3092 1757 βεϐαίως
3123 1692 3195 1745 τὰ
3233 1690 3524 1759 ἡμέτερα,
3584 1686 3695 1755 τῆς
3752 1689 4067 1753 ὀλιγωρίας

785 1784 1124 1850 sacerdotes,
1163 1800 1267 1837 non
1290 1782 1470 1853 plane,
1520 1783 1611 1836 sed
1648 1783 1810 1850 ﬁrma
1854 1794 2010 1838 erunt
2040 1794 2221 1839 nostra
2254 1802 2381 1853 pro-

2489 1786 2703 1839 τούτου
2725 1784 3115 1853 λογιζομένης
3144 1786 3231 1848 είς
3257 1782 3457 1836 οὐδέν.
3490 1780 3643 1833 Οὕτω
3678 1780 3778 1848 μὲν
3826 1777 3922 1831 οὖν
3958 1782 4066 1831 ἐσιο

786 1878 971 1939 missa,
1001 1874 1096 1929 illa
1124 1875 1285 1944 hujus
1325 1876 1594 1940 spretione
1619 1874 1772 1928 nihili
1800 1875 2000 1929 habita.
2030 1874 2121 1930 Sic
2152 1876 2375 1946 quidem

2489 1876 2661 1947 γάσθη
2692 1876 2889 1941 ταῦτα,
2926 1878 3021 1930 καὶ
3051 1879 3120 1929 τὰ
3147 1880 3245 1946 τῆς
3285 1874 3613 1945 Ἐκκλησίας
3639 1872 3735 1941 ἔθη
3773 1871 4065 1940 ἁκύμαντει

787 1970 878 2024 illa
908 1968 1098 2025 sedata
1124 1976 1276 2035 sunt,
1314 1975 1749 2038 manseruntque
1797 1968 2059 2025 Ecclesia
2108 1970 2243 2025 scita
2292 1970 2374 2023 in-

785 2078 1053 2118 οοηειιεςιι
1064 2103 1075 2117 .

826 2158 908 2218 ,6.
946 2154 1072 2209 Fuit
1096 2162 1153 2209 et
1182 2152 1290 2208 alia
1336 2154 1587 2224 quadam
1638 2155 1887 2220 haresis,
1929 2170 2094 2225 quam
2130 2154 2375 2210 Zelieum

786 2256 1005 2313 vocant,
1043 2263 1168 2301 cum
1202 2264 1303 2302 suo
1338 2259 1590 2315 auctore,
1636 2250 1729 2318 qui
1762 2248 1879 2319 ipse
1909 2248 2061 2303 Zelix
2088 2264 2376 2317 nuncupa-

789 2351 878 2394 tus
904 2356 934 2393 a
973 2339 1204 2393 secretis
1230 2354 1354 2393 eum
1380 2339 1572 2409 primis
1598 2340 1865 2411 dignitate
1890 2339 2153 2410 fulgebat.
2179 2341 2380 2395 Emen-

788 2434 948 2486 datus
982 2447 1115 2486 vero
1169 2440 1253 2485 est
1304 2440 1361 2483 et
1392 2430 1457 2485 ad
1506 2446 1693 2485 sanam
1738 2431 2045 2485 doctrinam
2099 2431 2383 2487 traductus

791 2528 844 2578 in
882 2524 1034 2593 regio
1068 2538 1355 2594 processu,
1392 2523 1481 2578 his
1512 2524 1605 2593 qui
1638 2524 1717 2579 illi
1740 2516 2382 2594 adhaserantsociisque

788 2620 1049 2689 unguenti
1099 2618 1365 2673 duntaxat
1392 2616 1653 2670 unctione
1700 2631 1825 2670 cum
1872 2616 2031 2671 novis
2062 2617 2373 2673 luminibus

787 2723 952 2780 atque
977 2708 1224 2764 vestibus
1252 2705 1534 2771 delibutis,
1561 2720 1865 2775 eorumque
1893 2705 2179 2775 splendide
2210 2722 2378 2777 appa-

789 2811 912 2857 ratu
979 2798 1261 2870 perfectis.

858 2895 909 2947 7.
945 2893 1105 2948 Anno
1139 2890 1444 2945 Theodora
1472 2888 1689 2958 imperii
1726 2889 1898 2944 altero
1930 2890 2134 2944 missus
2194 2890 2378 2945 Theoo

788 2984 984 3039 ctistus
1013 2983 1292 3052 logotheta
1321 2982 1585 3035 adversus
1600 2979 1852 3047 Cretam;
1899 2982 2150 3052 maleque
2182 2982 2378 3037 subd-i-

791 3079 860 3133 tis
888 3093 1023 3132 usus
1048 3086 1162 3129 tum
1182 3076 1297 3144 ipse
1316 3074 1498 3143 fugam
1525 3073 1670 3140 iniit,
1703 3081 1818 3127 tum
1845 3074 2123 3131 exercitus
2144 3075 2379 3131 Creten-

790 3169 933 3224 sium
966 3167 1111 3221 ferro
1138 3173 1367 3220 necatus
1396 3174 1501 3219 est.

863 3342 911 3395 8.
949 3343 1100 3396 Illius
1127 3342 1342 3411 imperii
1366 3358 1511 3397 anno
1542 3344 1723 3409 tertio,
1761 3354 2012 3414 suscepta
2044 3346 2257 3399 Amera
2280 3345 2381 3399 ad-

796 3449 991 3487 versus
1031 3433 1355 3487 Romaniam
1399 3435 1780 3504 expeditione,
1806 3436 2094 3491 Theodore
2123 3437 2380 3491 eumdem

795 3541 990 3580 rursus
1020 3526 1401 3582 Theoetistum
1432 3543 1557 3581 cum
1592 3528 1911 3599 ingentibus
1941 3530 2113 3598 c0piis
2140 3530 2194 3582 in
2228 3529 2380 3582 illum

795 3616 974 3681 misit;
1028 3617 1431 3685 commissoque
1460 3618 1658 3687 proelio
1706 3618 1763 3671 in
1809 3618 2135 3688 Maurutopo
2180 3620 2380 3673 iterum

793 3718 1085 3779 superatus
1104 3718 1208 3775 est,
1234 3710 1532 3780 multisque
1555 3712 1729 3775 casis,
1758 3712 1945 3782 plures
1973 3714 2127 3766 fuere
2157 3713 2378 3782 captivi.

795 3803 1143 3858 Theoctistus
1190 3804 1258 3857 ad
1306 3803 1608 3873 Augustam
1655 3820 1914 3860 reversus
1951 3806 2144 3860 eadem
2190 3818 2385 3859 rursus

797 3896 947 3951 illius
974 3896 1186 3965 potitur
1216 3896 1660 3962 necessitudine;
1709 3897 2010 3967 habitoque
2039 3913 2165 3952 eum
2207 3897 2382 3951 Barda

796 3991 1054 4061 Augusta
1082 3988 1248 4044 fratre
1285 3988 1561 4059 colloquio
1595 3989 1805 4045 cladem
1833 3990 1883 4046 ei
1914 3991 2199 4055 adscribit,
2232 3991 2384 4046 velut

794 4084 914 4153 ejus
944 4083 1165 4136 hortatu
1213 4097 1276 4136 ac
1323 4083 1559 4137 consilio
1602 4099 1776 4138 casus
1826 4084 1899 4139 sit
1949 4101 2013 4140 ac
2062 4085 2385 4156 profligatus

796 4174 1077 4229 Romanus
1104 4172 1399 4228 exercitus.

864 4262 1030 4333 655
1072 4262 1125 4317 9.
1140 4263 1300 4317 Anno
1320 4263 1535 4333 imperii
1560 4264 2091 4335 septimo,Michaele
2120 4268 2173 4322 in
2202 4269 2383 4323 virum

798 4363 1129 4426 augescente
1168 4356 1454 4425 otiumque
1488 4371 1651 4411 omne
1694 4364 1749 4411 et
1787 4373 2012 4427 operam
2051 4362 2273 4415 venatui
2321 4377 2385 4415 ac

800 4446 1164 4516 impudicitiis
1210 4447 1397 4512 dante,
1429 4458 1714 4518 comperto
1746 4449 2037 4505 Theodora
2062 4453 2218 4523 jungi
2256 4469 2383 4507 eum

799 4539 1045 4593 amicitia
1081 4539 1339 4595 Eudocia
1367 4540 1577 4611 lugeris
1612 4542 1756 4607 filia,
1788 4543 1946 4613 cujus
1982 4545 2223 4613 protervi
2264 4561 2385 4599 mo-

800 4646 890 4684 res
925 4630 1000 4684 illi
1034 4631 1243 4701 pariter
1272 4647 1335 4685 ac
1380 4632 1701 4688 Theoctisto
1742 4634 1894 4689 exosi
1934 4643 2149 4700 essent,
2199 4637 2384 4691 Eudo-

801 4722 941 4777 ciam
977 4724 1309 4792 Decapolita
1342 4724 1509 4778 filiam
1550 4726 1626 4779 illi
1666 4726 1955 4796 conjugem
1993 4727 2269 4797 jungunt;
2308 4729 2392 4787 in-

802 4830 911 4886 que
934 4814 992 4869 S.
1019 4815 1286 4885 Stephani
1322 4816 1547 4885 templo,
1570 4818 1717 4886 quod
1742 4826 1827 4872 est
1863 4818 1919 4872 in
1965 4819 2209 4888 Daphne,
2285 4836 2389 4873 nu-

801 4908 1002 4978 ptiales
1030 4908 1194 4961 ambo
1223 4909 1461 4962 corollas
1488 4910 1789 4978 accipiunt.

874 5003 960 5055 10.
1026 5002 1157 5071 Ejus
1206 5000 1426 5072 imperii
1481 5018 1626 5057 anno
1680 5005 1897 5059 decimo
1926 5005 2389 5060 buccellariorum

805 5095 916 5148 dux
964 5096 1351 5149 admirandum
1406 5111 1610 5167 equum
1664 5113 1729 5151 ac
1772 5106 2093 5162 strenuum,
2148 5098 2390 5153 ferocem

808 5197 990 5242 tamen
1038 5203 1101 5243 ae
1148 5190 1573 5253 intractabilem.
1631 5190 1953 5261 imperatori
1992 5190 2238 5254 adduxit,
2290 5205 2394 5245 nec

806 5281 902 5348 qui
946 5281 1033 5334 vel
1072 5288 1289 5335 atatem
1331 5282 1617 5352 explorare
1657 5289 1845 5353 posset
1891 5280 2141 5337 dentium
2188 5282 2392 5337 indicio

807 5372 952 5426 ullus
1000 5382 1120 5426 erat
1170 5372 1243 5427 oh
1291 5374 1411 5443 ejus
1470 5374 1794 5429 indomitam
1857 5375 2122 5429 indolem.
2182 5377 2395 5431 Anxius

806 5463 976 5517 animi
1010 5478 1073 5519 ea
1114 5480 1173 5519 re
1205 5464 1527 5535 imperator.
1577 5467 1656 5521 Ac
1685 5482 1810 5521 cum
1854 5466 2105 5523 audisset
2138 5469 2229 5538 qui
2276 5476 2391 5523 tum

806 5556 1174 5609 Numerorum
1237 5569 1300 5610 ac
1339 5557 1483 5611 muri
1529 5572 1715 5613 comes
1748 5567 1926 5624 esset,
1958 5559 2389 5629 TheOphilitzes,

807 5647 874 5701 ad
908 5662 1033 5703 cum
1060 5649 1183 5704 infit
1214 5649 1404 5704 habere
1430 5667 1487 5706 se
1514 5651 1897 5706 adolescentem
1918 5668 2172 5722 equorum
2204 5669 2393 5723 exper—

806 5741 1069 5795 tissimum
1103 5760 1165 5795 ac
1201 5743 1375 5797 virum
1421 5744 1631 5813 fortem,
1669 5745 1929 5799 Basiliam
1972 5746 2211 5810 nomine,
2245 5746 2391 5814 ejus-

808 5833 947 5887 modi
1012 5832 1210 5887 scilicet
1269 5836 1419 5906 cujus
1471 5854 1525 5890 se
1572 5844 1862 5907 compotem
1931 5834 2043 5904 {ore
2099 5836 2392 5906 imperator

2480 1969 2770 2041 διέμεινεν.

2554 2149 2629 2217 ς’.
2689 2151 2956 2222 Ἀνεφάνη
2989 2150 3043 2203 δέ
3079 2168 3163 2212 τις
3212 2151 3307 2202 καὶ
3357 2148 3519 2220 ἑτέρα
3568 2149 3785 2218 αἵρεσις
3837 2148 3871 2217 ή
3925 2145 4067 2199 οὕτω

2481 2242 2592 2297 τῶν
2651 2242 2901 2313 Ζηλίκων
2928 2242 3232 2311 λεγομένη,
3284 2243 3380 2293 σὺν
3432 2240 3510 2309 τῷ
3567 2241 3766 2308 ἑαυτῆς
3812 2238 4062 2308 ἀρχηγῷ,

2483 2336 2675 2403 Ζήλικι
2706 2336 2806 2406 μὲν
2834 2335 3492 2405 ὸνομαζομένῳ,φέροντι
3515 2333 3573 2384 δὲ
3598 2335 3695 2401 τὴν
3723 2331 3833 2384 τῶν
3858 2329 4070 2398 σηκρῆ-

2483 2446 2567 2493 τις
2597 2431 2655 2482 ὲν
2706 2428 2950 2498 πρώτοις
3004 2428 3192 2497 τιμήν.
3263 2424 3640 2497 Ἐθεραπεύθη
3687 2424 3741 2476 δὲ
3781 2425 3878 2476 καὶ
3932 2422 4070 2492 πρὸς

2484 2520 2795 2574 θεοσέϐειαν
2830 2520 3139 2591 μετηνέχθη
3182 2521 3242 2572 ὲν
3275 2519 3487 2587 προόδῳ
3516 2517 3796 2587 βασιλικῇ,
3830 2516 3933 2583 τῆς
3972 2514 4071 2566 τοῦ

2487 2614 2660 2684 μύρου
2695 2616 2859 2684 μόνου
2890 2613 3028 2683 μετὰ
3067 2613 3272 2665 καινῶν
3329 2611 3623 2679 ὲμφωτίων
3659 2626 3721 2661 τε
3770 2610 3867 2661 καὶ
3902 2608 4069 2677 ἐσθη-

2488 2707 2675 2775 μάτων
2699 2704 3147 2770 καταξιωθέντων
3170 2700 3415 2771 ῐχρίσεως
3448 2698 3557 2750 τῶν
3599 2694 4072 2765 ἀντιποιουμένων

2483 2800 2670 2869 αὐτῆς,
2706 2801 2800 2852 καὶ
2831 2797 3224 2851 τελειωθέντων
3248 2793 3535 2863 λαμπρῶς.

2558 2892 2624 2957 ζ’.
2654 2890 2743 2960 Τῷ
2774 2891 2816 2961 β’
2850 2890 3024 2958 αὐτῆς
3062 2890 3171 2942 ἔτει
3210 2886 3503 2940 ἀπέστειλε
3541 2881 3796 2952 Θεοδὼρα
3846 2880 4071 2933 Θεόκτι-

2488 3000 2612 3037 στον
2642 2982 2734 3035 τὸν
2764 2980 3057 3051 λογοθέτην
3106 2980 3247 3031 κατὰ
3285 2977 3387 3046 τῆς
3440 2975 3684 3044 Κρήτης,
3747 2973 3838 3024 καὶ
3884 2971 4073 3033 κακῶς

2484 3079 2599 3140 τοῖς
2629 3075 2736 3129 ὑπὸ
2759 3077 2917 3145 χεῖρα
2945 3074 3295 3145 χρησάμενος
3326 3068 3489 3130 αὐτὸς
3524 3068 3620 3136 μὲν
3642 3064 3740 3135 τὴν
3771 3063 4071 3133 ςυγαδείαν

2485 3168 2813 3238 ἠσπάσατο,
2866 3170 2895 3221 ὁ
2924 3168 2981 3221 δὲ
3024 3164 3255 3236 στρατὸς
3307 3162 3582 3232 μαχαίρας
3640 3157 3803 3227 ἔργον
3854 3158 3973 3218 τοῖς
4016 3158 4073 3208 ἐν

2403 3249 2448 3311 c
2481 3264 2675 3335 Κρήτῃ
2716 3262 2962 3330 γέγονεν.

2557 3355 2628 3427 η’.
2645 3357 2737 3427 Τῷ
2749 3356 2983 3425 γάὑτῆς
3001 3357 3111 3409 ἔτει
3134 3357 3197 3408 Ἀ
3209 3373 3313 3426 μερ
3335 3354 3476 3408 κατὰ
3500 3352 3788 3423 Ῥωμαέων
3802 3348 4071 3422 στρατεύ·

2489 3468 2679 3513 σαντος
2700 3450 2861 3504 αὑτὸν
2880 3450 3043 3504 πάλιν
3060 3448 3312 3519 Θεοδώρα
3346 3446 3635 3501 ἀπέστειλε
3675 3445 3817 3515 μετὰ
3850 3441 4067 3510 πολλῆς

2485 3540 2771 3610 δυνάμεως
2795 3556 2809 3572 ο
2835 3540 2929 3593 καὶ
2972 3539 3208 3608 πολέμου
3228 3540 3285 3590 ἐν
3308 3536 3384 3607 τῷ
3402 3536 3747 3607 Μαυροτόπῳ
3765 3534 4070 3603 γενομένου

2487 3631 2647 3685 πάλιν
2684 3634 2936 3701 ἡττᾶται,
2966 3634 3064 3685 καὶ
3095 3629 3307 3683 πολλῶν
3338 3626 3733 3698 ἀναιρεθέντων
3768 3626 3995 3687 πλείους
4022 3626 4070 3677 οι

2488 3724 2856 3794 κρατηθέντες
2887 3720 3047 3794 ἦσαν,
3072 3723 3394 3782 Θεόκτιστος
3422 3721 3478 3774 δὲ
3522 3720 3657 3788 πρὸς
3690 3720 3790 3787 τὴν
3823 3717 4072 3787 βασίλισ-

2490 3833 2589 3867 σαν
2620 3815 2790 3867 ὲλθὼν
2827 3814 2990 3866 πάλιν
3015 3814 3112 3882 τῆς
3141 3814 3311 3881 αὐτῆς
3357 3810 3691 3878 οἰκειότητος
3730 3809 3937 3878 εἴχετο,
3978 3808 4071 3860 καὶ

2487 3907 2566 3977 τῷ
2587 3908 2684 3978 τῆς
2719 3906 3037 3974 Αὐγούστης
3069 3905 3350 3975 Θεοδώρας
3378 3903 3590 3973 ἀδελφῷ
3618 3902 3798 3972 Βάρδᾳ
3819 3901 3903 3962 εἰς
3923 3917 4071 3961 τινας

2488 4003 2681 4069 λόγους
2714 3999 2883 4053 ἐλθὼν
2909 4000 3007 4070 τὴν
3042 3994 3214 4069 ἧτταν
3251 3997 3422 4068 τούτῳ
3448 3994 3731 4067 προσῆπτε
3764 3994 3863 4045 καὶ
3892 3993 4071 4044 ἀνετί-

2490 4094 2633 4158 θετο,
2666 4095 2741 4156 ὡς
2774 4096 2840 4163 τῇ
2874 4095 3197 4162 παραινέσει
3230 4092 3419 4144 τούτου
3448 4091 3543 4142 καὶ
3584 4092 3650 4158 τῇ
3684 4086 3973 4157 συμὸουλῇ
4015 4085 4074 4137 τὸ

2501 4188 2813 4257 Ῥωμαϊκὸν
2843 4187 3057 4257 ἐτρώθη
3094 4184 3477 4255 στρατόπεδον.

2561 4278 2628 4334 θ’.
2662 4279 2752 4349 Τῷ
2788 4276 2832 4342 ζ’
2872 4281 2985 4331 ἔτει
3015 4277 3110 4330 τοῦ
3139 4276 3403 4341 βασιλέως
3436 4271 3658 4343 Μιχαὴλ
3682 4268 4074 4340 ἀνδρυνθέντος

2490 4371 2582 4424 καὶ
2610 4372 2724 4434 τοῖς
2771 4368 3055 4436 κυνηγίοις
3110 4368 3206 4420 καὶ
3268 4365 3632 4434 ἁκαθαρσίαις
3692 4360 4070 4430 σχολάζοντος,

2489 4464 2613 4515 ἐπεὶ
2639 4462 2801 4530 ἔγνω
2832 4459 3085 4530 θεοδώρα
3123 4458 3558 4529 συμφιλιωθῆναι
3600 4454 3760 4509 αὑτὸν
3802 4454 4075 4506 Eudoxi“

2490 4558 2589 4627 τὴν
2619 4555 2714 4609 τοῦ
2750 4557 3006 4625 Ἰγγηρος
3027 4594 3040 4617 ,
3076 4553 3411 4624 μισουμένην
3446 4550 3511 4603 δι’
3544 4548 3816 4602 ἀναίδειαν
3853 4549 3923 4616 τῇ
3964 4546 4078 4599 Αὑ-

2493 4648 2701 4721 γούστη
2730 4649 2823 4702 καὶ
2859 4648 2938 4717 τῷ
2968 4646 3251 4717 λογοθέτη,
3291 4644 3579 4712 ζεύγνυσιν
3611 4641 3758 4709 αὐτῷ
3804 4638 4077 4691 Εὑδοκίαν

2492 4743 2593 4814 τὴν
2615 4741 2711 4795 τοῦ
2751 4740 3142 4803 Δεκαπολίτου,
3179 4740 3273 4793 καὶ
3306 4734 3693 4805 στεφανοῦνται
3722 4735 3781 4785 ὲν
3825 4732 3908 4802 τῷ
3961 4731 4078 4801 ναῷ

2492 4835 2587 4886 τοῦ
2628 4833 2813 4902 Ἀγίου
2842 4831 3115 4901 Στεφάνου
3145 4830 3221 4901 τῷ
3249 4829 3331 4892 εἰς
3358 4829 3458 4897 τὴν
3492 4826 3731 4896 Δάφνην.

2568 5021 2619 5067 ι’.
2657 5014 2747 5084 Τῷ
2771 5013 2802 5067 ι’
2822 5014 2988 5071 αὑτοῦ
3016 5014 3171 5067 ἔτειὸ
3191 5014 3298 5068 τῶν
3327 5012 3718 5085 βουκελλαρίων
3765 5011 4080 5079 στρατηγὸς

2495 5108 2670 5178 ἤγαγε
2708 5108 2786 5177 τῷ
2837 5108 3051 5177 βασιλεῖ
3098 5108 3262 5160 ῐππον
3297 5106 3609 5176 θαυμαστὸν
3655 5102 3749 5156 καὶ
3796 5106 4076 5169 γενναῖον,

2496 5202 2866 5272 σκληρότατον
2910 5201 2969 5254 δὲ
3019 5200 3198 5265 πάνυ,
3242 5200 3318 5262 ὠς
3356 5201 3431 5270 μὴ
3464 5196 3720 5251 δύνασθαί
3776 5211 3904 5247 τινα
3946 5194 4081 5248 ἰδεῖν

2496 5294 2602 5347 κᾶν
2636 5294 2744 5346 ἀπὸ
2774 5293 2884 5347 τῶν
2911 5294 3141 5347 ὀδόντων
3172 5293 3264 5346 τὸν
3298 5292 3488 5362 χρόνον
3517 5288 3701 5342 αὑτοῦ.
3741 5286 4079 5357 Ἀχθομένου

2495 5385 2589 5438 οὖν
2635 5387 2727 5437 ἐπὶ
2764 5385 2955 5438 τούτου
3003 5384 3099 5439 τοῦ
3141 5385 3444 5454 βασιλέως,
3496 5380 3687 5452 παρὼν
3719 5379 4082 5447 Θεοφιλίτζης

2496 5477 2701 5539 ἐκεῖνος
2723 5478 2750 5528 ὁ
2778 5476 2885 5529 τῶν
2916 5476 3217 5546 Νουμέρων
3257 5475 3378 5529 τότε
3416 5474 3509 5527 καὶ
3546 5470 3639 5525 τοῦ
3660 5471 3877 5541 τείχους
3900 5470 4083 5540 κόμης

2498 5565 2575 5618 ὣν
2603 5561 2755 5619 εἶπεν
2789 5567 2867 5637 τῷ
2901 5566 3131 5636 βασιλεῖ’
3156 5568 3310 5635 Ἕχω
3339 5563 3629 5631 νεώτερον
3648 5563 4083 5630 ἐμπειρότατσν

2496 5658 2594 5711 καί
2622 5658 2901 5726 ἀνδρεῖον
2923 5663 3011 5724 εὶς
3038 5660 3178 5725 τοὺς
3217 5660 3462 5721 ἵππους,
3497 5651 3623 5709 οἷον
3652 5650 3861 5722 ἀγαπᾷ
3890 5655 3932 5719 ἡ
3983 5656 4078 5719 βα·

2495 5752 2696 5804 σιλεία
2738 5767 2877 5815 σου,
2906 5753 3170 5822 τοῦνομα
3196 5752 3536 5806 Βασίλειον.
3567 5746 3674 5799 Τοῦ
3706 5746 3765 5798 δὲ
3810 5746 4078 5815 βασιλέως

2496 5844 2852 5909 κελεύσαντος
2871 5846 3116 5915 παρευθὺ
3141 5844 3303 5916 ἤχθη,
3336 5845 3427 5897 καὶ
3451 5845 3516 5911 τῇ
3547 5840 3645 5909 μὲν
3687 5839 3787 5911 μιᾷ
3819 5839 3975 5907 χειρὶ
3996 5837 4079 5889 τὸν
