4174 6442
790 434 895 498 719

850 550 936 602 1⁸5.
989 548 1144 597 Anno
1190 535 1404 607 imperii
1451 533 1729 587 Michaelis
1764 532 1931 586 tertio
1980 530 2196 583 decimo
2228 528 2361 581 Bar-
2397 538 2436 586 Α

778 642 876 694 das
917 638 1096 693 Caesar
1137 639 1291 687 extra
1335 628 1529 682 urbem
1578 640 1747 695 agens
1791 637 1916 677 cum
1956 622 2221 676 Damiano
2265 635 2358 689 pa-

774 730 937 784 tricio
969 742 1032 781 ac
1066 723 1381 779 accubitore
1422 718 1657 773 amicitia
1684 717 1912 787 junctus
1948 723 2061 772 est;
2094 715 2147 767 Is
2189 713 2360 781 impe-

766 819 979 875 ratoris
1014 829 1240 885 compos
1272 812 1506 867 ell‘cctus
1546 816 1744 864 auctor
1780 807 1859 861 illi
1912 815 2001 885 est
2047 814 2105 857 ut
2129 804 2357 857 Bardam

762 918 833 971 in
878 912 1074 967 urbem
1115 926 1180 963 ac
1214 907 1477 978 palatium
1512 902 1758 958 inducat.
1807 900 1915 955 Sed
1944 908 2001 953 et
2023 898 2360 967 TheOphane

776 1000 1249 1077 protospathario,
1321 1003 1689 1067 cognomento
1747 992 2061 1061 Phalgana,
2127 989 2360 1057 aliisque

776 1094 1104 1165 quibusdam
1150 1090 1257 1144 sibi
1301 1087 1601 1150 devinctis,
1661 1086 1778 1154 ipso
1828 1096 2047 1153 quoque
2098 1080 2361 1134 Michacle

757 1184 1020 1247 conscio,
1051 1180 1433 1235 Theoctistum
1469 1178 1524 1232 in
1562 1175 1765 1246 palatio
1791 1170 2159 1227 contrucidat.
2184 1169 2387 1223 Theo-7

776 1278 911 1333 dora
950 1283 1011 1330 ut
1052 1272 1297 1335 rescivit,
1351 1284 1467 1324 rem
1508 1264 1900 1321 molestissime
1944 1262 2095 1324 tulit,
2154 1260 2364 1331 magnis

761 1368 1109 1427 clamoribus
1138 1365 1405 1419 adversus
1436 1361 1827 1430 imperatorem
1866 1372 1931 1410 ac
1975 1354 2221 1423 reliquos
2257 1367 2363 1406 cae-

776 1462 863 1517 dis
892 1470 1151 1514 auctores
1187 1458 1589 1525 improperans.
1624 1450 1731 1505 Sed
1764 1458 1819 1503 et
1848 1447 2114 1517 asperiori
2146 1455 2365 1498 conter-

779 1554 881 1608 rita
943 1567 1101 1615 voce,
1145 1548 1372 1620 lugubri
1430 1546 1621 1600 habitu
1677 1551 1944 1612 gestuque
2004 1537 2225 1592 thalami
2276 1551 2363 1589 sc-

778 1654 925 1700 creta
958 1643 1179 1697 tenebat
1218 1658 1229 1693 :
1271 1637 1497 1709 quidam
1529 1634 1676 1689 enim
1721 1649 1787 1689 ex
1826 1632 2114 1686 Melissiena
2161 1629 2365 1683 familia

778 1744 1048 1805 expmtor
1120 1734 1343 1786 domum
1414 1725 1842 1787 revertendum,
1902 1720 2049 1792 quod
2122 1736 2187 1775 ea
2248 1719 2366 1775 dies

777 1840 1163 1899 percussorum
1196 1832 1335 1885 erat,
1377 1820 1669 1874 indixerat.
1706 1816 1955 1885 Cumque
1983 1811 2211 1867 Michael
2244 1825 2363 1864 m0-

2017 416 2395 479 smnums
2422 413 2792 474 MAGISTRI
3947 406 4001 465 τε

2546 522 2636 591 ιγ’.
2673 522 2765 592 Τῷ
2800 519 2869 589 ιγ’
2900 522 3011 573 ἔτει
3046 518 3212 571 αὐτοῦ
3245 517 3449 588 Βάρεις
3500 518 3529 569 ὁ
3562 518 3779 588 Καίσαρ
3810 515 3919 582 ἔξω
3952 520 4049 592 τῆς

2469 619 2680 680 πόλεως
2710 616 2784 668 ὢν
2812 612 3175 682 συνεφιλιώθη
3208 610 3468 679 Δαμιανῷ
3515 610 3791 679 πατρικίῳ
3814 610 3908 661 καὶ
3937 626 4043 660 πα-

2465 706 2887 777 ρακοιμωμένῳ,
2914 703 2971 764 ὃς
3000 705 3091 754 τὸν
3123 702 3350 771 βασιλέα
3384 702 3662 771 κρατήσας
3686 702 3904 752 ἔπεισεν
3930 702 4043 753 είσέ

2470 796 2647 849 ελοείν
2700 798 2758 848 ἐν
2788 798 2849 865 τῇ
2883 794 3035 845 πὺλει
3072 796 3163 845 τὸν
3192 792 3402 862 Βάρδαν
3445 794 3538 843 καὶ
3580 794 3658 853 εἰς
3690 793 3751 842 τὸ
3786 792 4049 843 παλάτιον

2467 893 2749 964 ἔρχεσθαι.
2783 890 3224 957 Οἰκειωσάμενος
3252 889 3309 942 δὲ
3366 889 3458 940 καὶ
3495 889 3586 939 τὸν
3643 889 4048 955 πρωτοσπαθά·

2468 1003 2579 1055 ριον
2610 984 2890 1053 Θεοφάνην
2930 984 3019 1035 τὶν
3050 982 3336 1049 Φαλγάνην
3369 982 3461 1033 καὶ
3485 981 3679 1042 ἄλλους
3737 980 3893 1041 τινας
3917 982 4049 1030 ἁπο-

2464 1082 2665 1133 κτείνει
2715 1080 2808 1131 τὸν
2842 1078 3166 1131 Θεὸκτιστον
3218 1078 3275 1128 ἐν
3308 1075 3385 1144 τῷ
3431 1075 3715 1145 παλαείῳ,
3770 1076 3912 1144 μετά
3962 1076 4051 1126 καί

2462 1175 2561 1243 τῆς
2594 1173 2685 1227 τοῦ
2717 1172 2982 1242 βασιλέως
3020 1170 3401 1238 συνειδήσεως.
3427 1168 3600 1221 Τοῦτο
3624 1168 3873 1237 μαθοῦσα
3921 1167 4051 1220 Θεο-

2464 1266 2615 1335 δώρα
2640 1264 2990 1335 ἠγανάκτησε
3024 1263 3168 1316 κατὰ
3197 1261 3291 1314 τοῦ
3314 1262 3579 1330 βασιλέως
3610 1261 3703 1313 καὶ
3734 1260 3847 1313 τῶν
3877 1256 4053 1314 ἄλλων

2462 1355 2511 1408 οῖ
2544 1355 2635 1408 τὸν
2672 1354 2834 1422 φόνον
2890 1352 3326 1421 κατειργάσαντο
3361 1390 3376 1414 ,
3416 1349 3814 1418 καταδοωμένη
3849 1351 4049 1403 αὐτῶν.

2480 1446 2640 1498 ’Λλλὰ
2666 1446 2763 1497 καὶ
2794 1446 2946 1513 φωνῇ
3010 1442 3217 1513 βριαρᾷ
3259 1440 3703 1509 καταπτοηθεῖσα
3762 1442 4053 1511 θρηνωδὼς

2466 1536 2837 1605 Θαλαμεύεται
2860 1552 2874 1565 ·
2908 1536 3018 1590 τῶν
3049 1536 3487 1605 ἀποστρατήγων
3540 1534 3646 1604 γάρ
3689 1551 3795 1596 τις,
3845 1537 3911 1586 ἐκ
3940 1534 4053 1587 Με-

2466 1627 2735 1698 λισσηνῶν
2793 1628 3051 1694 κατάγων
3103 1629 3164 1680 τὸ
3215 1627 3407 1695 γένος,
3475 1627 3614 1696 αὐτῇ
3664 1626 4052 1694 ἀπεφθέγξατο

2470 1720 2863 1790 παλινδρομεῖν
2894 1720 3077 1772 οῐκαδε
3104 1759 3119 1781 ,
3155 1720 3254 1788 τὴν
3283 1717 3539 1784 τοιαύτην
3562 1718 3778 1787 ἡμέραν
3825 1706 4051 1784 κρουόν-

2470 1828 2579 1863 των
2613 1811 2930 1863 ἀποκαλῶν.
2964 1810 3071 1862 Τοῦ
3107 1809 3163 1862 δὲ
3193 1810 3411 1879 Μιχαὴλ
3439 1812 3600 1861 παντὶ
3633 1810 3821 1879 τρόπῳ
3870 1826 4047 1878 μηχα-

778 1896 867 1973 dis
918 1916 1175 1971 omnibus
1213 1911 1430 1966 'matris
1487 1910 1732 1964 animum
1794 1906 2027 1961 delinire
2084 1904 2362 1958 studeretI

2474 1902 2716 1972 νωμένου
2746 1903 2847 1972 τὴν
2877 1902 3090 1971 μητέρα
3130 1902 3543 1966 ἐξιλεὼσασθαι,
3580 1900 3716 1971 αὐτὴ
3766 1902 4050 1971 ἀπαρηγό-

778 2010 985 2064 nullam
1009 2006 1176 2078 658
1208 2005 1298 2058 illa
1323 2000 1755 2056 consolationem
1780 1996 2123 2051 admittebat.
2158 1994 2362 2060 Quam-

775 2100 973 2153 obrem
1064 2094 1293 2149 mutatis
1377 2094 1700 2161 imperator,
1761 2090 1838 2141 uti
1890 2088 2073 2141 animo
2126 2086 2189 2140 ac
2241 2100 2365 2140 sen-

778 2189 983 2249 tentia,
1039 2186 1111 2240 ita
1168 2186 1332 2240 etiam
1386 2198 1620 2253 persona
1675 2190 1943 2250 gestuque
1988 2188 2044 2233 et
2091 2187 2237 2241 actu,
2284 2187 2364 2231 tot

766 2298 898 2335 eam
954 2278 1200 2348 qumsilis
1259 2276 1539 2329 coloribus
1598 2274 1885 2340 modisque
1940 2271 2187 2324 molestia
2247 2269 2362 2324 alli-

777 2385 903 2425 cere
964 2368 1270 2430 nitebatur,
1333 2376 1470 2435 quot
1535 2374 1662 2418 ante
1730 2361 2121 2417 blandimentis
2180 2361 2363 2414 colere

776 2472 944 2533 atque
1020 2461 1263 2515 mulcere
1334 2458 1646 2512 simulabat.
1720 2456 1797 2509 Ac
1858 2454 2081 2524 quidem
2142 2469 2363 2509 sorores

778 2554 1063 2617 Theclam,
1090 2551 1435 2605 Anastasiam
1484 2559 1541 2603 et
1588 2549 1799 2601 Annam
1845 2546 1912 2600 ad
1956 2545 2174 2600 Cariani
2217 2546 2363 2601 aedes

774 2644 1057 2708 amandat,
1102 2641 1450 2699 Pnlcheriam
1491 2655 1645 2705 vero,
1674 2646 1737 2693 ut
1764 2638 1925 2692 matri
1954 2638 2358 2703 charissimam,

779 2739 847 2793 ad
887 2737 1231 2793 Gastriornm
1262 2733 1918 2801 monasteriumrelegat.
1963 2730 2211 2800 Tumque
2241 2745 2357 2783 om.

778 2844 880 2883 nes
934 2827 1087 2882 brevi
1138 2836 1264 2896 post
1307 2842 1509 2895 cogens
1546 2826 1599 2879 in
1640 2824 1984 2879 Gastriorum
2029 2821 2363 2877 monasterio

780 2917 1277 2976 sanctimonialium
1334 2921 1441 2972 ritu
1506 2934 1571 2971 ac
1626 2917 1775 2971 cultu
1836 2916 2003 2969 vitam
2056 2930 2220 2985 agere
2276 2915 2365 2983 ju-

780 3014 896 3069 bet.
945 3012 1066 3080 Quo
1111 3022 1359 3081 tempore
1398 3011 1547 3063 omni
1588 3018 1780 3062 senatu
1816 3008 2202 3076 imperatorem
2235 3019 2364 3058 con-

782 3107 1077 3172 salutante,
1108 3105 1259 3159 solus
1286 3105 1401 3172 ipse
1431 3119 1614 3156 rerum
1647 3101 1874 3171 potitur.
1923 3102 2094 3155 Porro
2127 3100 2360 3179 Bal-dam

779 3199 1102 3269 magistrum
1173 3197 1402 3265 praeﬁcit
1468 3205 1524 3249 et
1590 3194 1901 3248 scholarum
1974 3191 2359 3247 domesticum.
2390 3234 2432 3291 ϐ

778 3286 1007 3341 Matrem
1059 3300 1148 3340 res
1190 3285 1419 3339 moleste
1464 3283 1702 3337 habebat
1748 3290 1808 3335 ut
1857 3282 1912 3335 in
1968 3281 2220 3335 ordinem
2272 3297 2360 3335 re-

780 3376 1048 3431 dactam:
1105 3373 1201 3429 sed
1257 3383 1312 3428 ct
1362 3374 1433 3427 ob
1490 3372 1748 3443 injustam
1800 3372 2106 3425 Theoctisti
2170 3386 2361 3425 necem

781 3465 1127 3536 implacabile
1184 3464 1328 3518 inter
1387 3464 1509 3517 illos
1559 3464 1747 3517 odium
1802 3473 1940 3518 erat.
2004 3463 2193 3531 Itaque
2242 3479 2361 3517 eam

779 3572 1001 3630 quoque
1047 3557 1171 3611 aula
1224 3563 1556 3609 summotam
1599 3553 1856 3607 amandat
1906 3553 1974 3607 ad
2015 3552 2251 3607 Gastria.
2287 3552 2363 3605 lbi

777 3648 1035 3706 mmroris
1065 3648 1117 3702 vi
1139 3646 1400 3716 absorpto
1424 3646 1653 3699 rationis
1682 3645 1911 3728 iudicio,
1934 3660 2176 3713 sanoque
2199 3659 2362 3697 sensu

778 3755 892 3809 pra:
943 3748 1171 3809 stupore
1224 3738 1469 3807 deiecta,
1528 3752 1643 3789 rem
1707 3737 2053 3791 machinatur
2098 3735 2365 3789 adversus

780 3829 1011 3885 Bardam
1056 3843 1168 3883 non
1218 3827 1354 3882 satis
1396 3842 1460 3880 ex
1509 3826 1774 3895 dignitate
1823 3837 1917 3879 aut
1973 3826 2057 3879 sui
2111 3826 2361 3899 ratione,

776 3921 996 3976 adlecto
1057 3934 1181 3974 cum
1229 3919 1354 3973 aliis
1400 3918 1654 3987 pluribus
1695 3920 1861 3973 etiam
1922 3920 2016 3987 qui
2064 3926 2365 3988 protostra-

779 4011 919 4066 toris
960 4025 1163 4064 munus
1219 4009 1443 4070 obibat,
1498 4025 1695 4078 nempe
1755 4009 2061 4063 necandum
2132 4009 2360 4063 Bardam

778 4118 847 4158 ex
890 4102 1209 4157 suburbano
1251 4106 1359 4155 suo’
1388 4109 1781 4165 revertentem,
1825 4101 1971 4170 quod
2012 4100 2361 4155 Cosmedium

780 4204 1000 4251 vocant.
1037 4194 1262 4249 Detecta
1314 4201 1440 4247 ante
1491 4208 1630 4261 opus
1672 4193 2076 4263 conjnratione,
2136 4193 2191 4246 in
2248 4193 2360 4261 ipsa

764 4288 1065 4357 coniurata
1110 4287 1289 4355 capita
1341 4285 1544 4338 malum
1587 4299 1806 4338 versum
1859 4293 1988 4339 est:
2028 4283 2359 4354 deprehensi

765 4378 929 4432 enim
965 4377 1211 4446 tentique
1246 4377 1313 4429 ad
1344 4376 1490 4431 Circi
1528 4375 1752 4430 fundam
1794 4376 1974 4446 capite
2022 4376 2168 4445 plexi
2209 4384 2357 4431 sunt.

782 4469 1019 4524 Basilius
1051 4467 1296 4523 defuncti
1342 4469 1461 4522 loco
1504 4468 1919 4538 protostratoris
1964 4468 2227 4539 dignitate
2269 4484 2361 4523 au-

2472 2010 2630 2063 ρητος
2692 1993 2943 2063 ἔμεινεν·
3000 1994 3127 2045 ὅθεν
3176 1995 3272 2045 καὶ
3330 1993 3651 2061 μεταϐαλὼν
3703 1996 3730 2045 ὀ
3784 1992 4040 2063 βασιλεὺς

2466 2086 2656 2154 ὥσπερ
2678 2086 2774 2155 τὴν
2811 2086 2988 2155 ψυχὴν
3016 2087 3110 2137 καὶ
3147 2085 3243 2155 τὴν
3270 2086 3517 2155 γνώμην,
3547 2086 3690 2138 οὔτω
3725 2086 3792 2156 δὴ
3841 2088 3936 2139 καὶ
3989 2091 4046 2136 τὸ

2469 2179 2655 2247 σχῆμα
2683 2180 2777 2230 καὶ
2802 2180 2900 2247 τὴν
2931 2180 3233 2249 ἐνέργειαν,
3267 2180 3546 2240 τοσούτοις
3592 2180 3910 2249 προσώποις
3954 2180 4046 2231 αὑ-

2466 2274 2564 2343 τὴν
2582 2273 2770 2325 λυπεῖν
2802 2276 3170 2343 κατηπείγετο
3187 2276 3334 2338 ὅσοις
3363 2275 3466 2345 πρὸ
3492 2274 3682 2327 τούτου
3720 2276 4046 2344 θεραπεύειν

2465 2366 2878 2433 ἐσχηματίζετο.
2915 2367 3023 2418 Καὶ
3060 2368 3157 2429 τὰς
3200 2367 3301 2435 μὲν
3335 2368 3569 2433 ἀδελφὰς
3617 2368 3780 2420 αὑτοῦ
3815 2368 4048 2433 Θέκλαν,

2480 2456 2835 2508 ’Λναστασίαν
2867 2458 2962 2510 καὶ
3004 2461 3203 2511 Ἅνναν
3236 2461 3317 2521 είς
3350 2459 3419 2512 τὰ
3453 2460 3727 2528 Καριανοῦ
3791 2460 4043 2529 μεθιστᾷ,

2466 2549 2800 2619 Πουλχερίαν
2828 2550 2883 2602 δὲ
2913 2551 2987 2613 ὡς
3020 2553 3388 2623 ἠγαπημένην
3416 2556 3479 2623 τῇ
3516 2554 3683 2622 μητρὶ
3708 2555 3767 2604 ἐν
3807 2556 3875 2622 τῇ
3912 2558 4043 2621 μονῇ

2465 2642 2571 2692 τῶν
2595 2642 2897 2712 Γαστρίων.
2933 2639 3070 2696 Εἶτα
3130 2645 3249 2713 μετ’
3279 2645 3459 2711 ὀλίγον
3482 2647 3576 2696 καὶ
3604 2644 3779 2706 πάσας
3836 2644 4042 2705 ἐνώσας

2465 2733 2522 2781 ἐν
2561 2735 2625 2800 τῇ
2676 2738 2811 2803 μονῇ
2850 2734 2957 2785 τῶν
2995 2735 3273 2804 Γαστρίων
3314 2735 3631 2805 ἀπέκειρεν,
3668 2737 3800 2788 Τότε
3841 2737 3907 2808 δὴ
3955 2737 4045 2790 καὶ

2466 2822 2569 2874 ὑπὸ
2602 2824 2698 2891 τῆς
2730 2824 3036 2896 συγκλήτου
3096 2827 3277 2895 πάσης
3320 2828 3712 2896 ἀναγορεύεται
3737 2831 3835 2881 καὶ
3888 2832 4041 2882 αὐτο-

2466 2919 2757 2985 κρατορεί,
2796 2918 2887 2968 καὶ
2925 2918 3017 2969 τὸν
3074 2918 3285 2985 Βαρδαν
3344 2921 3707 2989 προδάλλεται
3738 2924 4043 2993 parumper

2466 3006 2558 3058 καὶ
2592 3006 2909 3075 δομέστικον
2940 3009 3053 3060 τῶν
3114 3010 3340 3078 σχολῶν.
3390 3012 3505 3078 Ἐφ’
3533 3008 3614 3074 οἷς
3644 3015 3677 3081 ἠ
3719 3016 3905 3084 μήτηρ
3946 3015 4040 3067 αύ-

2463 3097 2559 3149 τοῦ
2582 3100 2891 3169 λυπουμένη
2913 3100 3436 3173 ὼ;.διατασσο;ιένη,
3479 3106 3613 3160 ἀλλὰ
3651 3105 3756 3177 μὴν
3798 3108 3895 3160 καὶ
3945 3109 4029 3161 δια

2464 3189 2561 3259 τὴν
2581 3190 2764 3243 ἄδικον
2802 3194 3019 3260 σφαγὴν
3050 3194 3372 3247 Θεοκτίστου
3394 3238 3407 3257 ,
3444 3197 3613 3267 ἔχθρα
3641 3193 3711 3269 ἦν
3766 3201 4037 3270 άναμέσον

2466 3284 2644 3336 αὐτῶν
2675 3283 2956 3347 ἄσπονδος.
3015 3288 3261 3354 Κατάγει
3306 3289 3485 3341 τοίνυν
3515 3292 3609 3342 καὶ¹
3660 3292 3831 3362 αὐτὴν
3856 3296 3934 3356 εἰς
3976 3298 4038 3345 τὰ

2466 3376 2705 3446 Γαπρῖα
2734 3394 2749 3407 ⁸
2779 3380 2901 3449 ἥτις
2926 3382 2989 3448 τῇ
3022 3379 3229 3451 ἀθυμία
3255 3381 3756 3436 καταϐαπτισοεῖσα
3780 3387 3877 3438 τὸν
3898 3385 4034 3446 νοῦν,

2469 3470 2565 3521 καὶ
2608 3470 2698 3521 ὑπ’
2744 3471 3063 3538 ἐκπλήξεως
3122 3475 3477 3544 ἀφαιρεθεῖσα
3540 3477 3633 3528 καὶ
3676 3476 3736 3529 τδ
3784 3481 4035 3549 φρονεῖν,

2464 3560 2688 3626 ἀναξίαν
2743 3563 2905 3633 ἑαυτῇ
2969 3566 3293 3629 συσκευάζει
3351 3569 3492 3620 κατὰ
3559 3569 3741 3637 Βάρδα
3816 3571 4033 3641 βουλὴ-ι,

2465 3652 2693 3723 ἑλομένη
2776 3656 3027 3708 κοινωνὸν
3099 3657 3197 3708 σὺν
3268 3658 3448 3719 ἄλλοις
3525 3659 3737 3722 πολλοῖς
3797 3664 3893 3714 καὶ
3950 3664 4039 3715 τὸ)

2466 3745 2558 3796 τοῦ
2593 3746 2855 3814 βασιλέως
2910 3750 3393 3820 πρωτοστράτορα,
3419 3752 3566 3814 ὅπως
3601 3753 4038 3823 ὑποστρέφοντος

2464 3836 2556 3888 τοῦ
2585 3838 2765 3907 Βάρδα
2802 3838 2910 3890 ἀπὸ
2932 3840 3024 3891 τοῦ
3057 3843 3385 3909 προαστείου
3417 3844 3580 3897 αὐτοῦ
3606 3845 3701 3899 τοῦ
3726 3848 4040 3917 Κοσμηδίου

2465 3930 2849 3998 ἁναιρὴσουσιν
2878 3933 3058 3986 αὐτόν.
3103 3935 3214 4002 Τῆς
3250 3934 3305 3987 δέ
3341 3938 3572 4007 μελέτης
3606 3940 3711 4008 πρὸ
3744 3941 3841 3993 τοῦ
3879 3942 4037 4011 ἔργον

2466 4020 2892 4092 φανερωοείσης,
2923 4024 3045 4075 κατ’
3076 4026 3255 4078 αὐτῶν
3292 4028 3515 4079 ἐκείνων
3560 4030 3668 4080 τῶν
3699 4031 4035 4101 μελετησάνη

2464 4129 2570 4163 των
2602 4112 2661 4165 τὸ
2696 4113 2862 4166 κακὸν
2902 4115 3164 4184 ἐξηνέχθη
3196 4132 3207 4145 ·
3238 4119 3583 4188 φωραθέντες
3601 4123 3710 4190 γάρ
3742 4124 3839 4174 καὶ
3877 4141 4040 4176 κατα-

2465 4203 2747 4273 ηεθέντες
2784 4206 2842 4257 ἐν
2870 4210 2937 4275 τῇ
2979 4207 3245 4278 Σφενδόνῃ
3280 4210 3378 4272 τὰς
3428 4211 3669 4277 κεφαλὰς
3709 4213 4035 4283 ἀπετμήθη-

2465 4309 2581 4344 σαν.
2610 4292 2692 4364 [Ρ.
2725 4293 2854 4365 456]
2891 4296 3000 4348 Καὶ
3036 4296 3400 4363 προϐάλλεται
3440 4297 3532 4349 τὸν
3559 4296 3840 4351 Βασίλειον
3870 4302 3899 4351 ὀ
3935 4300 4037 4352 Mt-

2464 4382 2601 4452 χαὴλ
2667 4382 2790 4435 ἀντὶ
2853 4383 2949 4435 τοῦ
3035 4384 3462 4456 τελευτήσαντος
3526 4390 4034 4459 πρωτοστράτορος,

2460 4474 2662 4538 ὁμοίως
2726 4475 2822 4527 καὶ
2867 4475 3081 4544 Βάρδαν
3131 4475 3221 4527 τὸν
3271 4476 3415 4528 θεῖον
3472 4478 3634 4530 αὐτοῦ
3692 4480 4038 4549 κουροι-’σαλά-

780 4570 985 4629 getur;
1021 4559 1276 4616 similiter
1310 4577 1528 4631 quoque
1558 4560 1756 4617 Bardas
1787 4577 1816 4615 a
1848 4570 2046 4631 nepote
2079 4562 2335 4631 curopala
2381 4592 2435 4651 D
2460 4583 2577 4633 την.

783 4658 865 4703 tes
894 4648 1213 4717 praeﬁcitur.

847 4739 1016 4811 659
1057 4740 1138 4795 l4.
1158 4741 1380 4811 Imperii
1410 4743 1689 4798 Michaelis
1712 4759 1857 4799 anno
1889 4744 2129 4799 secundo
2153 4760 2355 4800 cruen-

774 4841 872 4886 tus
904 4832 1047 4886 cinis
1070 4848 1099 4887 e
1124 4834 1265 4888 cmlo
1301 4836 1458 4904 capia
1507 4835 1729 4901 decidit,
1764 4836 2029 4906 multique
2071 4836 2356 4907 sanguinis

778 4923 957 4977 instar
988 4923 1144 4977 rubri
1176 4926 1380 4981 coloris
1402 4926 1618 4996 lapides
1644 4928 1877 4983 inventi.
1904 4929 2073 4983 Porro
2099 4929 2351 4995 Michael,

782 5016 914 5069 dum
966 5015 1031 5070 ad
1058 5030 1220 5071 omne
1270 5018 1450 5072 scelus
1494 5034 1559 5073 ac
1590 5019 1865 5074 luxuriam
1906 5021 2052 5075 laxat
2083 5021 2347 5085 habenas,

781 5106 1044 5176 pecunias
1072 5108 1127 5161 in
1162 5108 1363 5177 palatio
1414 5110 1685 5179 repositas
1714 5112 1853 5165 male
1908 5110 2193 5181 dilapidat,
2225 5128 2349 5167 cum

781 5195 930 5250 mille
955 5199 1250 5267 nonaginta
1268 5198 1386 5253 auri
1409 5202 1723 5255 oentcnaria
1743 5202 2074 5258 excederent
2098 5213 2352 5275 essetque

777 5287 995 5357 argenti
1029 5288 1295 5344 immensa
1316 5290 1420 5356 vis,
1446 5306 1568 5361 quae
1606 5293 1727 5363 ejus
1755 5302 1929 5350 mater
1954 5295 2010 5349 in
2036 5296 2232 5351 terario
2262 5312 2350 5351 as-

779 5378 1058 5433 servabat.
1094 5378 1428 5452 Aurigarum
1469 5383 1675 5454 quippe
1718 5385 1927 5441 liberos
1945 5402 2011 5441 ex
2041 5402 2198 5441 sacro
2254 5387 2346 5441 ba-

778 5470 1035 5539 ptismate
1069 5471 1126 5526 in
1160 5472 1302 5529 lllios
1328 5474 1618 5546 adoptans,
1662 5478 1899 5548 singulis
1928 5494 2184 5534 nummos
2216 5494 2350 5533 cen-

779 5571 895 5615 tum
922 5564 1321 5619 autminimum
1347 5567 1745 5638 quinquaginta
1793 5569 1979 5625 dabal.
2009 5570 2347 5640 Quandoque

776 5651 943 5706 etiam
971 5654 1063 5707 uni
1114 5655 1498 5725 patriciorum,
1539 5659 1740 5715 lmerio
1786 5662 2032 5727 nomine,
2055 5662 2123 5717 ab
2147 5661 2349 5733 agresti

779 5743 965 5799 vultus
995 5746 1178 5815 specie
1209 5747 1411 5805 Chmro
1440 5761 1756 5821 nuncupato
1804 5753 1890 5822 (ac
1926 5752 1971 5807 si
2004 5768 2231 5822 porcum
2263 5752 2349 5807 di-

777 5836 915 5909 cas),
942 5854 1065 5893 cum
1101 5841 1155 5894 in
1182 5857 1367 5899 mensa
1409 5846 1592 5916 turpia
1623 5848 1869 5915 quaedam
1904 5848 2248 5918 obganniens
2281 5848 2344 5902 ad

2531 4746 2613 4801 ιδ’.
2645 4746 2733 4814 Τῷ
2767 4744 2809 4815 β’
2849 4745 3040 4798 τούτου
3071 4747 3178 4797 ἔτει
3217 4746 3376 4797 ἔπεσε
3410 4745 3557 4808 κόνις
3584 4746 3647 4797 ἐκ
3672 4746 3765 4797 τοῦ
3806 4748 4034 4815 ούρανοῦ

2457 4841 2672 4911 πλήρης
2701 4838 3040 4909 αἱματώδης,
3073 4841 3165 4891 καὶ
3201 4838 3381 4900 λίθους
3407 4837 3661 4907 εὕρισκον
3687 4839 3879 4891 πολλοὶ
3906 4844 4027 4909 ἐρυ-

2456 4933 2617 5002 οροὺς
2647 4933 2722 4995 ὡς
2763 4928 2922 5001 αἷμα.
2956 4931 3207 4993 Ἐπιδοῦς
3237 4930 3429 4983 ἐαυτὸν
3466 4932 3541 4993 εἰς
3565 4932 3747 4983 πᾶσαν
3776 4934 3976 4984 κακίαν
4010 4937 4037 4985 ὀ

2453 5027 2696 5097 Μιχαὴλ,
2713 5026 2782 5079 τὰ
2802 5029 2862 5079 ἐν
2875 5025 2953 5095 τῷ
2970 5025 3219 5096 παλατίῳ
3236 5025 3491 5094 χρήματα
3508 5023 3690 5085 κακῶς
3702 5024 4029 5089 ἀναλίσκων,

2456 5117 2597 5186 ὑπὲρ
2628 5116 2736 5167 τῶν
2765 5116 2953 5184 χιλίων
2982 5116 3310 5185 ἐνενήκοντα
3340 5116 3709 5185 κεντηναρίων
3735 5117 3870 5169 ὄντα
3903 5135 4031 5185 χρυ-

2456 5207 2593 5269 σίου,
2621 5207 2862 5276 ἄργυρος
2893 5204 2948 5256 δέ
2979 5205 3181 5274 πλῆθος
3203 5204 3588 5275 ἀναρίθμητος,
3620 5205 3767 5271 άπερ
3786 5206 3819 5273 ἡ
3850 5207 4032 5275 μήτηρ

2452 5297 2619 5351 αὑτοῦ
2650 5296 2975 5365 ἐφυλάξατο.
3007 5297 3113 5349 Καὶ
3139 5297 3265 5359 τοὺς
3286 5297 3393 5349 τῶν
3430 5296 3658 5366 ἡνιόχων
3688 5296 3889 5357 παῖδας
3927 5298 4031 5347 ἀπὸ

2450 5387 2543 5438 τοῦ
2580 5386 2736 5455 ἁγίου
2768 5386 3144 5457 βαπτίσματος
3186 5386 3638 5455 υίοθετησάμενος
3672 5386 3895 5454 ἑκάστῳ
3920 5386 4031 5437 ἐδί-

2450 5474 2538 5530 δου
2568 5476 2879 5548 νομίσματα
2915 5486 2957 5547 ρ’
2991 5478 3025 5548 ἢ
3052 5478 3113 5531 τὸ
3169 5478 3447 5548 ἐλάχιστον
3479 5474 3543 5529 ν’.
3586 5476 3696 5529 Καί
3744 5478 3855 5529 τινί
3901 5494 4030 5529 ποτε

2452 5571 2728 5641 πατρικίῳ
2755 5575 2773 5641 (
2806 5571 3036 5642 Ἱμέριος
3058 5562 3216 5633 οὗτος
3244 5570 3488 5623 ἐκαλεῖτο
3512 5571 3539 5622 ὁ
3570 5570 3789 5639 Χοῖρος,
3820 5569 3913 5621 διά
3934 5569 4029 5638 τὴν

2449 5663 2543 5716 τοῦ
2584 5663 2876 5734 προσώπου
2922 5665 3224 5735 ἀγριότητα
3267 5664 3437 5727 οὕτως
3482 5662 4027 5731 κατονομαζόμενος)

2448 5755 2623 5819 ἄλλως
2648 5757 3091 5826 αίσχρολογοῦντι
3120 5755 3261 5810 κατὰ
3284 5756 3380 5826 τὴν
3404 5754 3681 5826 τράπεζαν
3711 5756 3809 5807 καὶ
3856 5755 4027 5823 ψόφον

2450 5849 2512 5901 ἐκ
2543 5848 2641 5917 τῆς
2673 5848 2902 5919 βεϐήλου
2951 5848 3114 5902 αὐτοῦ
3160 5847 3391 5919 γαστρὸς
3421 5846 3560 5899 κατὰ
3592 5846 3887 5916 πρόσωπον
3933 5844 4024 5898 τοῦ
