4174 6442
176 372 282 435 721

1095 375 1460 436 ANNALES.
1503 397 1569 414 -υ
1600 376 1942 437 MICHAEL
1976 379 2068 439 ET
2108 381 2538 442 THEODORA.

3347 381 3455 442 729

174 486 454 558 βασιλέως
493 486 586 539 καὶ
616 485 724 539 τῶν
779 486 1240 541 συνδειπνούντων
1293 489 1528 556 ἀφιέντι,
1558 491 1632 551 ὼς
1667 490 1760 542 καὶ

1883 508 1924 548 l8
1972 494 2151 564 ipsum
2199 495 2552 565 imperatoris
2599 508 2665 549 ac
2719 496 3082 549 convivarum
3135 511 3204 551 ex
3238 496 3459 565 impuro

171 582 235 632 τὸ
263 578 492 647 φατλίον
523 579 585 630 τὸ
608 576 832 641 τούτους
875 578 1248 647 φωταγωγοῦν
1297 581 1360 633 ὲκ
1389 580 1481 634 τοῦ
1511 581 1766 651 τηλικού-

174 687 272 723 του
309 669 487 740 ψόφου
521 669 827 724 ἀποσϐέσαι
856 669 935 740 τῷ
986 671 1276 744 παραδόξῳ
1329 672 1589 744 θαύματι,
1634 692 1764 744 χρυ-

174 762 295 815 σίου
322 761 635 833 νομίσματα
665 760 900 815 δέδωκεν
928 760 995 833 ρ’.

250 855 335 914 ιε’.
374 856 563 920 Οὕτως
593 859 803 920 ἐκεῖνος
837 858 917 921 εἰς
948 858 1103 911 οὐδὲν
1126 859 1247 913 δέον
1276 859 1347 913 τὰ
1374 860 1611 929 δημόσια
1639 876 1770 911 κατ-

176 952 493 1007 ανάλισκεν.
534 952 647 1005 Καὶ
705 954 875 1023 μήπω
956 952 1149 1022 καιροῦ
1216 952 1575 1023 παρελθόντος
1630 953 1767 1017 ἐνὸς,

175 1046 303 1099 ἐπεὶ
326 1046 844 1115 τῆςστρατιιιηικῆς
864 1046 1031 1119 ρόγας
1052 1048 1233 1118 παρῆν
1254 1048 1281 1101 6
1303 1048 1496 1117 καιρὸς
1520 1047 1613 1100 καὶ
1631 1064 1770 1117 χρη-

180 1140 378 1208 μάτων
432 1138 600 1211 πόρος
642 1140 744 1192 οὐκ
799 1134 891 1210 ἦν,
942 1140 1042 1210 τήν
1068 1156 1128 1193 τε
1171 1140 1382 1211 χρυσῆν
1425 1142 1644 1211 ἐκείνην
1677 1141 1772 1195 καὶ

178 1232 594 1304 πολυθρύλητον
641 1232 912 1286 πλάτανον
960 1234 1052 1287 καὶ
1093 1235 1220 1296 τοὺς
1270 1233 1364 1287 δύο
1400 1234 1621 1297 λέοντας
1680 1237 1775 1289 καὶ

177 1326 310 1389 τοὺς
326 1325 423 1379 δύο
440 1324 680 1394 γρῦπας,
704 1326 1030 1397 ὁλοχρύσους
1061 1326 1222 1389 ὄντας
1240 1328 1330 1381 καὶ
1368 1345 1471 1396 σφυ
1481 1328 1769 1399 ρηλάταυς,

178 1415 373 1469 καὶτὸ
422 1415 716 1487 ὁλόχρυσον
760 1416 1013 1486 ὄργανον,
1075 1418 1210 1471 ἀλλά
1281 1419 1373 1472 καὶ
1433 1418 1598 1488 ἔτερα
1633 1420 1772 1489 ἔργα

176 1504 348 1577 ὁλκὴν
401 1506 595 1576 ἔχοντα
618 1507 663 1538 θ’
697 1507 869 1560 τῶνσ⁰
901 1510 1272 1579 κεντηναρίων
1314 1512 1407 1563 καὶ
1462 1510 1654 1573 στολὰς
1676 1509 1773 1574 ωξ¹

178 1598 514 1669 ὁλοχρύσους
580 1598 675 1651 καὶ
727 1600 1169 1670 χρυσοῦφάντους
1248 1600 1522 1671 χωνεύσας
1572 1603 1775 1673 ἐχάρα-

181 1691 262 1754 ξε,
294 1692 397 1744 καὶ
442 1690 539 1761 τὴν
578 1690 687 1744 τῶν
725 1692 1075 1763 στρατιωτῶν
1134 1692 1301 1761 ρόγαν
1333 1694 1613 1762 ἐποίησεν.
1643 1695 1774 1748 Ὅτε

177 1782 238 1836 δὲ
262 1783 295 1836 ό
326 1782 610 1846 Βασίλειος
627 1779 811 1854 ἦλθεν,
842 1783 998 1837 οὐδὲν
1035 1785 1165 1837 ἄλλο
1189 1780 1349 1853 εὗρεν
1378 1787 1426 1838 εἰ
1466 1786 1539 1857 μὴ
1574 1804 1773 1856 κεντη-

181 1876 352 1945 νάρια
397 1873 466 1944 ιγ’
497 1876 593 1929 καὶ
628 1876 935 1948 μιλιαρίσια
966 1875 1030 1930 0'.
1073 1877 1189 1945 Ἐφ’
1218 1872 1302 1941 οἷς
1334 1878 1558 1948 ἀπορῶν
1588 1878 1649 1930 τὸ
1676 1878 1772 1931 νῦν

181 1968 448 2032 σενζάτον
500 1968 838 2038 καλούμενον
863 1969 1209 2040 χαραχθῆναι
1237 1971 1490 2025 ἐκέλευσε
1524 1974 1619 2027 καὶ
1679 1975 1771 2028 τοῦ

180 2060 452 2131 δημοσίου
516 2062 851 2132 ποιήσασθαι
881 2064 1159 2132 πρόνοιαν.

254 2242 357 2311 ις’.
389 2244 508 2298 Ἰνα
544 2245 602 2299 δὲ
633 2245 829 2317 μικρόν
865 2262 917 2299 τι
946 2245 1106 2313 λέξας
1135 2247 1417 2316 βεϐαιώσω
1442 2251 1511 2303 τὰ
1547 2249 1773 2321 διηγού-

185 2355 328 2407 μενα
361 2340 456 2392 καὶ
485 2341 797 2408 σαφεστέρα
848 2340 1074 2411 γένηται
1108 2341 1253 2413 ἢτοῦ
1287 2342 1498 2413 ἀνδρὸς,
1528 2344 1582 2397 εἴ
1613 2361 1678 2411 γε
1710 2344 1775 2413 δὴ

183 2433 279 2485 καὶ
326 2430 499 2502 ἄνδρα
530 2432 690 2485 αὐτὸν
713 2433 900 2486 καλεῖν
929 2433 1029 2496 δεῖ,
1058 2432 1341 2501 ἀναγωγία
1371 2435 1466 2485 καὶ
1488 2433 1661 2495 ἄνοια,
1689 2436 1773 2503 ἐφ’

182 2528 438 2595 ἅρματος
464 2527 755 2597 ἱσταμένου
785 2528 880 2580 καὶ
896 2528 996 2596 τῆς
1018 2526 1263 2595 βαλϐῖδος
1283 2526 1563 2596 μέλλοντος
1606 2529 1779 2598 ἐκπη-

179 2620 369 2689 δῆσαι,
386 2619 718 2688 ἐπαγγελίας
737 2619 1024 2689 φθασάσης
1042 2621 1123 2672 ὅτι
1142 2619 1332 2681 δεινῶς
1349 2620 1377 2671 ό
1403 2621 1585 2690 ’Λμερ
1609 2637 1777 2673 κατα-

184 2712 315 2777 ληῖζ
320 2730 343 2763 ε
354 2729 440 2764 ται
454 2712 517 2764 τὸ
532 2711 721 2783 Θρᾳκή
730 2728 845 2764 σιον
862 2712 956 2765 καὶ
973 2710 1035 2765 τὸ
1051 2710 1293 2780 Ὸψῑκιον
1310 2711 1644 2765 ὑπεισελθὼν
1665 2714 1776 2775 τοῖς

188 2802 535 2870 Μαλαγινοις
571 2802 863 2871 πλησιάζει
901 2803 1418 2874 καὶπροσδοκῶνται
1463 2806 1540 2867 ὡς
1567 2805 1777 2858 οὐδέπω

186 2894 367 2960 δεινά,
400 2896 495 2949 καὶ
523 2894 618 2947 ἐπὶ
633 2895 810 2966 τούτῳ
836 2898 1235 2964 στυγνάσαντος
1261 2898 1360 2965 μὲν
1384 2896 1478 2949 τοῦ
1498 2914 1772 2968 πρωτονο-

187 2988 410 3059 ταρίου,
450 2989 889 3056 ἀπαγγείλαντος
908 2988 964 3042 δὲ
992 2989 1129 3060 μετά
1147 2989 1454 3058 κατηφείας
1472 2990 1573 3061 τὴν
1596 2993 1661 3043 ὲκ
1683 2990 1777 3044 τοῦ

185 3082 517 3152 ὃομεστὶκου
536 3082 645 3136 τῶν
668 3082 874 3151 σχολῶν
893 3083 1204 3154 ἀπόκρισιν,
1222 3084 1316 3137 καὶ
1335 3084 1452 3153 ἅμα
1480 3085 1571 3137 ὲπὶ
1592 3087 1779 3154 χεῖρας

1873 596 2064 642 ventre
2090 595 2239 642 tanta
2258 589 2310 642 vi
2338 587 2929 658 crepitumemisisset,
2972 598 3035 642 ut
3061 590 3182 660 ejus
3207 590 3337 644 ﬂatu
3368 589 3458 644 lu-

1869 692 2035 731 cerna
2065 678 2131 732 ad
2175 693 2417 733 mensam
2448 680 2637 733 lucens
2666 678 3137 747 exstinguerctur,
3165 661 3243 735 rei
3274 687 3460 733 motus

1871 772 2139 825 miraculo
2156 779 2379 826 centum
2406 787 2663 827 nummos
2685 772 3017 826 numeravit.

1946 865 2034 919 15.
2064 865 2157 920 Sic
2192 866 2279 921 ille
2318 866 2434 921 ﬁsci
2462 866 2605 920 bona
2642 868 2696 920 in
2727 867 2899 920 rebus
2925 865 3134 919 nullius
3166 864 3339 934 frugis
3372 866 3459 919 in-

1872 958 2144 1011 sumebat.
2200 958 2464 1027 Adeoque
2525 959 2762 1013 necdum
2816 960 2944 1013 anni
3002 958 3164 1013 solidi
3222 957 3459 1012 deem-sn

1872 1052 2072 1120 spatio,
2103 1066 2228 1105 cum
2261 1053 2537 1106 militibus
2564 1051 2841 1122 eroganda
2871 1061 3056 1107 essent
3090 1051 3365 1120 stipendia
3398 1067 3459 1102 ae

1874 1142 2123 1210 pecuniae
2155 1142 2429 1207 deessent,
2454 1145 2613 1215 longe
2635 1144 3124 1199 celebratissimam
3167 1145 3312 1198 illam
3345 1143 3462 1213 pla-

1875 1246 2063 1292 tanum
2090 1251 2334 1299 auream,
2362 1237 2613 1307 duosque
2665 1238 2855 1292 leones
2881 1253 2944 1291 ac
2980 1236 3121 1291 duos
3161 1251 3357 1307 grypes
3395 1253 3461 1290 ex

1874 1342 2011 1381 auro
2074 1328 2282 1383 solidos
2332 1344 2397 1383 ac
2448 1329 2709 1391 ductiles.
2762 1347 3029 1399 organum
3067 1345 3291 1399 quoque
3329 1345 3465 1381 auro

1875 1420 2134 1482 solidum,
2168 1421 2383 1490 aliaque
2416 1421 2591 1476 nihilo
2629 1423 2813 1475 minus
2856 1438 3047 1491 Opera,
3094 1424 3464 1475 ducentorum

1876 1515 2324 1568 centenariorum
2348 1513 2550 1583 pondo,
2583 1525 2769 1569 vestes
2820 1514 2950 1568 item
2981 1529 3181 1568 aureas
3213 1528 3467 1581 auroque

1876 1612 2162 1657 contextas
2187 1603 2534 1671 octingentas
2564 1604 2849 1673 sexaginta
2872 1602 3142 1666 conﬂans,
3174 1602 3467 1671 pecuniam

1876 1695 2111 1750 cuditac
2149 1694 2424 1749 militibus
2449 1695 2647 1765 stipem
2683 1695 2951 1763 erOgavit.
2979 1694 3117 1749 Cum
3145 1709 3274 1747 vero
3317 1692 3469 1746 Basi-

1878 1787 2308 1858 liusimperium
2342 1787 2509 1858 660
2552 1787 2869 1857 capessivit,
2917 1794 3119 1855 praeter
3151 1784 3470 1839 centenaria

1876 1880 2141 1935 tredecim
2191 1896 2257 1934 ac
2297 1881 2707 1935 miliarisiorum
2760 1879 3011 1933 sacculos
3068 1893 3266 1933 novem
3329 1876 3469 1930 nihil

1877 1974 2108 2029 invenit.
2143 1975 2416 2040 Quocirca
2448 1972 2516 2027 ad
2546 1974 2786 2040 inopiam
2817 1971 3093 2031 redactus,
3128 1968 3275 2038 quod
3320 1983 3471 2023 nunc

1876 2076 2161 2122 senzatum
2192 2081 2474 2126 vocamus.
2506 2065 2631 2118 cudi
2665 2065 2848 2134 jussit,
2897 2078 3076 2133 eoque
3103 2061 3295 2116 iiscum
3340 2075 3471 2130 pro-

1876 2162 2088 2216 curarL

1951 2255 2034 2310 16.
2069 2256 2138 2311 Ut
2169 2263 2352 2309 autem
2394 2253 2588 2323 paucis
2622 2250 2786 2306 tidem
2818 2250 3005 2303 verbis
3054 2258 3320 2309 astruam,
3358 2246 3473 2300 cla-

1881 2347 2103 2416 riorque
2167 2346 2262 2401 ﬁat
2303 2345 2434 2410 viri,
2481 2346 2526 2400 si
2562 2355 2748 2399 tamen
2787 2344 2968 2397 virum
3015 2342 3201 2396 dicere
3252 2340 3471 2399 deceat.

1879 2437 2174 2492 dissolutio
2202 2451 2269 2491 ac
2286 2436 2567 2492 dementia
2592 2453 2604 2488 :
2631 2450 2757 2489 cum
2784 2434 2837 2487 in
2863 2449 3034 2486 curru
3056 2441 3226 2485 staret
3253 2432 3474 2501 jamque

1880 2530 2007 2601 equi
2042 2530 2363 2585 carceribus
2380 2528 2675 2583 emittendi
2701 2535 2911 2587 essent,
2946 2526 3099 2578 venit
3128 2538 3319 2578 rumor
3346 2522 3483 2576 alla-

1882 2636 2077 2694 tusque
2095 2624 2324 2677 nuntius
2340 2631 2424 2678 est
2437 2624 2692 2677 Amerem
2713 2620 2834 2674 dire
2851 2617 3212 2672 Thracesium
3229 2615 3472 2686 depOpu-

1880 2715 1981 2769 lari
2025 2715 2346 2785 ingredique
2396 2712 2702 2784 Opsicium,
2756 2728 2861 2766 nec
2913 2710 3161 2781 procula
3193 2706 3477 2777 Malaginis

1879 2824 2023 2872 esse,
2060 2816 2421 2877 actutumque
2462 2808 2604 2860 mala
2630 2804 2961 2874 exspectari.
2995 2802 3128 2873 Ejus
3180 2801 3257 2855 rei
3313 2814 3479 2855 causa

1880 2899 2044 2955 anxio
2095 2900 2350 2969 tristique
2410 2899 2837 2969 protonotario,
2891 2896 3245 2965 demisseque
3322 2894 3479 2947 vultu

1881 2991 2169 3046 domestici
2200 2990 2510 3045 scholarum
2560 3004 2887 3058 responsum
2915 2988 3259 3058 perferente,
3310 2994 3478 3054 atque

1882 3099 1989 3137 una
2010 3084 2222 3137 litteras
2239 3098 2352 3152 pra:
2370 3082 2625 3136 manibus
2647 3081 2886 3134 habente
2907 3095 2969 3133 ac
2985 3086 3477 3140 commonstrantc,

188 3174 263 3228 τὰ
305 3173 617 3245 γράμματα
660 3173 899 3242 φέροντά
931 3191 991 3227 τε
1036 3174 1128 3226 καὶ
1160 3173 1474 3227 δεικνύοντα
1498 3214 1511 3235 ,
1549 3176 1776 3239 ἐκεῖνος,

1883 3176 1973 3230 hic
2001 3176 2089 3229 ille
2122 3192 2136 3227 τ
2162 3174 2301 3241 Qua,
2330 3174 2528 3243 inquit,
2556 3176 2680 3226 heus
2706 3182 2783 3236 tu,
2813 3172 3134 3234 temeritate,
3160 3169 3295 3224 talia
3329 3170 3479 3233 mihi,

194 3269 277 3328 Τί.
317 3269 507 3338 φησιν,
534 3263 583 3322 ὦ
616 3264 815 3333 οὗτος.
871 3266 958 3339 [Ρ.
1003 3267 1131 3339 457]
1176 3271 1365 3337 τόλμῃ
1399 3268 1779 3337 χρησάμενος

189 3359 443 3415 τοιαῦτα
473 3361 623 3413 κατὰ
662 3359 769 3413 τὸν
808 3360 1136 3429 ἀναγκαῖον
1190 3360 1407 3414 τοῦτον
1435 3360 1638 3430 ἀγῶνά
1662 3379 1780 3428 μου

187 3453 499 3519 διαλέγειν
528 3452 863 3522 ἐπιχειρεῖς,
906 3451 1079 3506 τοῦτο
1143 3454 1333 3517 μόνον
1358 3451 1782 3513 σπουδάζοντι,

186 3545 273 3614 μὴ
306 3543 421 3598 τὸν
449 3542 646 3611 μέσον
681 3541 997 3612 εὐώνυμον
1022 3542 1172 3597 ιδεῖν
1221 3546 1779 3612 περιτετραμμένον,

191 3636 348 3705 ὑπὲρ
380 3632 454 3691 οὗ
485 3654 587 3704 μοι
637 3637 756 3701 πᾶς
788 3639 821 3689 ὀ
849 3635 1043 3705 dre-3r;

263 3728 355 3795 ιζ’.
389 3728 555 3782 Ἀλλά
575 3728 672 3781 καὶ
707 3728 902 3780 τού.ου
930 3728 1117 3798 ἕτερόν
1162 3745 1216 3780 τι
1248 3728 1579 3798 διηγήσομαι
1625 3728 1784 3798 χαλε-

190 3822 467 3891 πώτερον,
508 3822 571 3873 ού
630 3820 788 3889 μόνον
823 3820 1092 3874 ἐκπίπτον
1122 3820 1217 3872 τοῦ
1271 3821 1593 3890 πρέποντος,
1649 3822 1785 3875 ἀλλά

192 3917 288 3970 καὶ
314 3915 421 3984 τῆς
452 3912 740 3985 βασιλικῆς
769 3912 927 3978 ἀξίας
954 3915 1036 3967 ὅτι
1068 3913 1303 3983 μάλιστα
1332 3913 1612 3985 ἀλλότριον
1634 3930 1646 3943 ’
1681 3914 1785 3967 Γυ-

192 4007 330 4079 ναίῳ
362 4006 472 4060 τινὶ
502 4000 571 4077 ἦς
591 4006 683 4058 τὸν
731 4005 900 4058 παῖδα
922 4005 1378 4074 υἱοθετησάμενος
1401 4003 1468 4076 ἦν
1489 4048 1502 4070 ,
1526 4008 1589 4059 ἐκ
1622 4006 1789 4077 βιιιλαι⁵

192 4100 339 4154 νειου
371 4097 680 4169 ἐρχομένην
702 4096 800 4150 καὶ
826 4095 926 4165 τὴν
974 4097 1170 4167 ἑαυτῆς
1221 4097 1438 4167 κάλπην
1465 4099 1557 4151 ἐπὶ
1598 4100 1788 4170 χεῖρας

194 4192 400 4264 ἐχούσῃ
429 4192 768 4258 συναντήσας
805 4188 900 4241 τοῦ
923 4189 1106 4243 ’ἵππου
1149 4190 1351 4259 ἀπέϐη,
1396 4194 1490 4244 καὶ
1536 4194 1662 4255 τοὺς
1691 4193 1788 4261 μὲν

194 4286 393 4347 ἄλλους
427 4283 574 4336 κατὰ
615 4283 754 4336 si”
787 4282 1064 4352 ἀνάκτορα
1113 4282 1437 4336 ἀπέστειλεν
1468 4322 1481 4347 ,
1513 4285 1791 4339 ἀκόλαστα

193 4379 251 4431 δὲ
290 4379 391 4432 καὶ
454 4376 693 4447 μυστικά
737 4377 781 4410 ”
835 4376 1104 4447 ἀνδράρια
1161 4378 1577 4447 ἑταιρισάμενος
1626 4378 1789 4450 ἀπῄει

199 4469 340 4538 μετά
397 4467 503 4537 τῆς
572 4468 853 4535 γυναικὸς,
940 4467 1038 4535 τὴν
1110 4466 1328 4538 κάλπην
1397 4469 1505 4521 τῶν
1577 4471 1789 4538 ἐκείνης

1883 3269 2179 3322 necessario
2211 3268 2305 3321 hoc
2368 3283 2535 3336 agone
2570 3273 2852 3335 ocrupato,
2914 3264 3174 3316 obmutire
3218 3262 3475 3321 instituis,

1883 3377 2000 3413 cum
2039 3360 2133 3412 hoc
2183 3366 2392 3412 tantum
2423 3358 2688 3417 studeam,
2726 3366 2781 3408 ut
2814 3372 2934 3408 cum
2962 3356 3049 3423 qui
3082 3354 3312 3407 medium
3340 3360 3480 3405 tenct

1883 3457 1937 3508 in
1987 3455 2171 3508 vanm
2237 3456 2442 3524 partem
2481 3460 2741 3513 avertam,
2776 3450 2837 3503 de
2878 3466 2979 3519 quo
3015 3450 3139 3501 mihi
3172 3457 3339 3502 totum
3382 3448 3479 3501 hoc

1884 3556 2153 3600 certamen
2188 3553 2263 3599 est
2298 3563 2359 3597 ac
2386 3545 2643 3599 contentio
2669 3545 2690 3596 ?

1959 3729 2044 3784 l7.
2103 3729 2211 3783 Sed
2265 3738 2321 3784 et
2355 3727 2504 3781 aliud
2560 3726 2691 3795 quid
2730 3727 2837 3779 isto
2879 3726 3103 3795 gravius
3147 3730 3481 3777 narraturus

1887 3838 2046 3888 sum;
2081 3822 2135 3875 in
2184 3837 2293 3890 quo
2326 3836 2435 3874 non
2490 3819 2667 3873 solum
2694 3818 2912 3871 honesti
2949 3816 3283 3887 pessundata
3314 3813 3478 3873 ratio.

1887 3916 1983 3971 sed
2002 3924 2057 3971 et
2089 3915 2140 3969 id
2166 3916 2451 3969 actitatum
2476 3912 2625 3984 quod
2653 3911 2889 3966 maxime
2916 3910 3119 3980 regiam
3138 3910 3479 3978 maiestatem

1888 4008 2153 4062 dedeceat
2189 4017 2243 4060 et
2275 4006 2344 4059 ab
2390 4021 2454 4059 ea
2485 4006 2679 4075 procul
2711 4004 3032 4058 abhorreat.
3063 4003 3199 4058 Cum
3248 4002 3480 4056 mulier-

1890 4103 2089 4165 culam,
2125 4102 2284 4172 cujus
2328 4100 2498 4153 ﬁlium
2551 4114 2581 4153 e
2633 4114 2791 4153 sacro
2856 4097 3007 4152 fonte
3059 4106 3400 4166 susceperat,
3450 4112 3482 4149 e

1891 4196 2085 4249 balneo
2107 4194 2419 4249 venientem
2443 4193 2776 4261 situlamque
2803 4192 2857 4244 in
2894 4191 3149 4245 manibus
3186 4190 3480 4243 habentem

1890 4287 2107 4341 obviam
2126 4285 2433 4345 habuisset.
2459 4300 2603 4353 equo
2628 4283 2857 4344 desiliit,
2886 4284 3119 4351 aliisque
3144 4284 3196 4335 in
3222 4282 3480 4351 palatium

1892 4380 2043 4434 abire
2061 4378 2221 4450 661
2260 4377 2429 4448 jussis
2460 4376 2575 4446 ipse
2609 4390 2737 4430 cum
2782 4375 2999 4445 impura
3032 4373 3355 4443 perditaque
3387 4388 3483 4442 ga-

1892 4486 2130 4525 neonum
2153 4469 2422 4524 sodalium
2446 4468 2609 4522 turba
2633 4467 3013 4521 mulierculam
3037 4474 3283 4529 secutus,
3306 4480 3485 4533 exque

195 4558 400 4631 χειρῶν
424 4556 732 4612 ἀναλαϐὼν.
758 4558 889 4624 Καὶ,
932 4559 1074 4627 "Are
1097 4556 1196 4625 δὴ,
1236 4554 1284 4612 ὧ
1312 4559 1508 4627 γύναι,
1535 4560 1780 4626 θαρῤοῦ-

1893 4564 2013 4633 ejus
2046 4562 2302 4615 manibus
2332 4561 2513 4614 ablata
2545 4559 2732 4622 situla,
2756 4558 2926 4621 Bono,
2960 4557 3160 4627 inquit,
3189 4558 3368 4611 animo
3390 4558 3482 4614 sis.

196 4665 297 4715 σα,
326 4649 536 4714 ἔλεξεν,
562 4648 668 4717 ἐμὲ
725 4649 876 4702 κατὰ
932 4649 1001 4701 τὸ
1035 4650 1152 4701 σόν
1194 4651 1413 4719 οῖκημιι
1470 4653 1785 4716 ὑπόδεξαι,

194 4740 413 4813 ψωμοῦ
443 4741 815 4809 πιτυρὼδους
836 4743 929 4796 καὶ
962 4744 1410 4809 ὰσϐεστοτύρου
1438 4744 1792 4813 ἐπιθυμοῦνο

198 4854 292 4901 ta,
321 4838 472 4906 τάχα
523 4852 628 4889 που
661 4836 770 4888 ἀπὸ
799 4836 907 4888 τῶν
929 4833 971 4887 ν’
1001 4837 1382 4906 νομισμάτων,
1413 4837 1557 4907 άπερ
1588 4840 1788 4894 δέδωκε

195 4930 275 5002 τῷ
322 4929 484 5000 ἀνδρὶ
519 4929 724 4999 αὐτῆς,
757 4927 1162 4999 ὑπολαμϐάνων
1200 4946 1251 4981 τι
1314 4930 1615 5001 κεκτῆσθαι
1658 4936 1789 4985 11-J-

198 5041 320 5089 την.
365 5022 496 5076 Ἐπὶ
516 5022 574 5075 δὲ
600 5020 680 5091 τῷ
711 5021 847 5091 ξένῳ
871 5020 1046 5091 τούτῳ
1084 5020 1319 5091 Θεάματι
1346 5024 1380 5093 ὴ
1404 5024 1543 5094 γυνὴ
1574 5024 1782 5077 exula-

198 5116 384 5181 γεῖσα.
432 5112 558 5165 ἐπεὶ
587 5112 681 5166 καὶ¹
714 5111 933 5165 πάντων
982 5112 1041 5163 ὲν
1072 5110 1279 5183 ἀπορίᾳ
1314 5107 1406 5183 ἦν,
1435 5114 1596 5177 αὐτὸς
1627 5117 1654 5167 ό
1687 5115 1793 5169 Mt"

198 5206 340 5275 χαὴλ
390 5204 455 5257 τὸ
490 5203 726 5257 σαδάνον
756 5203 931 5271 αὐτῆς
959 5205 1040 5258 ἐτι
1081 5204 1367 5275 διάδροχον
1394 5204 1455 5260 δν
1501 5207 1621 5259 ἀντὶ
1659 5224 1793 5275 μεσ-

199 5298 394 5351 πλίου
421 5295 501 5365 τῷ
528 5296 755 5367 σκάμνῳ
782 5295 1013 5350 ἐπέθετο
1033 5295 1117 5367 (οὐ
1150 5297 1258 5365 γὰρ
1289 5294 1434 5367 εἶχεν
1457 5298 1791 5368 τράπεζαν),

200 5392 300 5461 τήν
314 5407 376 5443 τε
402 5388 595 5443 κλεῖδα
622 5388 842 5459 ἀφελὼν
865 5389 1039 5459 αὐτῆς
1062 5386 1132 5463 ἧν
1153 5391 1223 5444 τὰ
1250 5392 1428 5445 πάντα
1452 5392 1481 5445 ό
1512 5390 1792 5462 βασιλεὺς,

199 5479 646 5552 τραπεζοποιὸς,
695 5481 993 5554 μάγειρος,
1060 5483 1358 5554 δαιτυμὼν.
1417 5484 1696 5539 Ἐκϐαλὼν
1740 5488 1797 5541 δὲ

202 5574 347 5645 άπερ
373 5568 525 5642 εἶχεν
572 5571 671 5643 τὴς
704 5576 968 5645 πενιχρᾶς
1018 5575 1237 5646 ἐκείνης
1273 5578 1305 5649 ἡ
1332 5577 1584 5641 κιδωτὸς,
1615 5596 1793 5632 συνειο

1891 4674 1920 4710 ο
1961 4655 2173 4717 mulier,
2208 4664 2264 4708 ut
2302 4670 2384 4708 me
2416 4654 2570 4706 domo
2616 4660 2711 4706 tua
2744 4650 2999 4721 accipias,
3032 4651 3123 4720 qui
3175 4648 3483 4719 furfuracco

1892 4766 2028 4820 pane
2058 4766 2120 4802 ac
2141 4748 2336 4801 recenti
2371 4763 2524 4801 caseo
2554 4747 2687 4799 vesci
2724 4752 2998 4816 appetant,
3039 4743 3184 4798 forte
3230 4758 3298 4798 ex
3322 4743 3485 4814 quin-

1892 4840 2151 4911 quaginta
2187 4839 2395 4903 aureis,
2451 4852 2592 4907 quos
2621 4852 2689 4892 ex
2722 4837 2818 4892 illo
2863 4836 2950 4890 vir
3004 4837 3126 4904 ejus
3171 4840 3480 4903 acceperat.

1894 4934 2098 4988 habere
2125 4948 2245 4986 eam
2278 4931 2488 5000 aliquid
2534 4931 2589 4984 in
2616 4946 2762 4999 penu
2807 4928 3156 4990 existimans.
3200 4927 3354 4981 Novo
3380 4925 3485 4980 hoc

1890 5042 1953 5080 ac
1976 5024 2222 5080 inaudito
2244 5024 2561 5094 spectaculo
2591 5024 2823 5078 attonita
2873 5021 3129 5086 muliere,
3154 5019 3359 5089 quippe
3393 5018 3483 5073 cui

1892 5136 1991 5189 per
2016 5120 2304 5189 penuriam
2354 5120 2421 5173 ad
2459 5120 2579 5190 ejus
2612 5118 2807 5187 epulas
2836 5116 2977 5170 nihil
3008 5115 3061 5169 in
3095 5123 3290 5185 paratu
3313 5121 3481 5177 esset,

1892 5212 2008 5280 ipse
2035 5210 2264 5264 Michael
2294 5209 2634 5264 mulierculae
2674 5206 2971 5263 tersorium
3005 5205 3235 5260 linteum
3258 5204 3483 5258 adhuce

1895 5302 2090 5355 balneo
2113 5300 2392 5354 madidum
2417 5313 2516 5368 pro
2544 5313 2742 5368 mappa
2770 5311 2996 5351 scamno
3034 5294 3237 5351 sternit
3257 5293 3484 5367 (quippe

1895 5408 2022 5447 cum
2076 5402 2133 5448 et
2178 5407 2365 5447 mensa
2397 5389 2704 5461 deﬁceret),
2732 5396 3030 5459 ereptaque
3082 5386 3131 5442 ei
3156 5387 3307 5442 clave
3338 5401 3484 5439 unus

1896 5486 2080 5540 omnia
2110 5485 2409 5554 imperator
2453 5492 2611 5550 erat;
2667 5483 2783 5552 ipse
2829 5496 3035 5537 mensa:
3075 5486 3340 5543 structor,
3368 5478 3483 5548 ipsc

1897 5595 2128 5651 coquus,
2163 5580 2279 5650 ipse
2319 5578 2569 5635 conviva.
2605 5577 3064 5648 Depromptisque
3094 5590 3216 5645 quae
3244 5587 3483 5645 [πωροι-ς

1522 5757 1754 5812 ΥᾹΙΗᾸΞ
1802 5756 2209 5813 LISCTIUNES.

280 5850 326 5883 "
364 5849 604 5920 ἐχόντων
636 5847 697 5907 Ρ.

781 5851 823 5879 ³³
865 5850 932 5904 τὰ
970 5866 1081 5907 om.
1116 5848 1177 5906 Ρ.
1257 5853 1300 5884 ³⁵
1331 5852 1589 5923 μυστικὰ]
1627 5852 1894 5922 Scylitzes
1937 5854 2190 5923 πορνικά.
