4174 6442
737 380 841 442 723

1996 380 2377 441 SYMEONIS
2410 379 2697 441 MAGIST
2709 379 2791 439 Ιὶῐ

3903 372 4011 436 ﬁt

740 490 880 543 cnlze
918 488 1063 542 illius
1097 502 1279 557 penus
1301 496 1479 552 erant,
1509 503 1618 542 una
1656 503 1781 549 cum
1804 487 1893 542 illa
1925 489 2157 558 epulans
2190 504 2323 542 con-

2438 491 2618 542 στιᾶτο
2645 488 2820 558 ταύτῃ
2847 488 2940 541 καὶ
2970 486 3330 552 συνεδείπνει,
3363 486 3620 540 κάκεῖθεν
3648 486 3818 558 βάδην
3849 486 4007 548 αὖθις

739 580 989 633 cenabat.
1030 579 1270 650 Indeque
1307 595 1501 636 rursus.
1530 580 1675 635 l'ntc
1708 580 1846 650 pede
1881 581 1938 635 in
1969 581 2231 650 palatium
2261 596 2318 635 se

738 670 1011 739 recipiens
1039 670 1171 724 ibat.

816 762 899 816 l8.
956 762 1112 827 Quod
1166 763 1450 817 enimvero
1500 776 1659 832 longe
1705 763 1972 827 deterius,
2026 761 2160 815 illud
2214 769 2319 815 est.

742 855 1069 912 Sodalitiuni
1105 855 1381 925 quoddam
1418 856 1782 911 convehebat.
1826 855 2061 924 Satyrici
2098 856 2319 925 quidam

739 961 1016 1017 ganeones
1046 956 1278 1000 erantet
1317 947 1382 999 ad
1424 961 1642 1000 omnem
1677 947 2071 1016 turpitudinem
2102 962 2166 1001 ac
2195 946 2324 999 libi-

740 1039 925 1095 dinem
956 1038 1117 1093 cll'usi
1147 1056 1161 1104 ;
1189 1054 1327 1108 quos
1358 1039 1449 1093 ille
1464 1039 1650 1093 colens
1669 1053 1733 1093 ac
1754 1039 1963 1093 habens
1982 1036 2324 1093 venerationi

744 1130 1058 1184 divinorum
1111 1130 1324 1199 perdite
1376 1138 1724 1198 contemptor
1760 1138 1900 1183 erat.
1949 1128 2326 1184 Sacerdotales

742 1235 879 1274 auro
918 1228 1203 1276 contextas
1247 1229 1427 1273 vestes
1455 1220 1734 1288 stolasque
1771 1235 1837 1273 ex
1870 1219 2191 1289 pontiﬁcum
2222 1232 2324 1272 usu

742 1312 826 1375 eis
872 1312 1188 1375 adhibebat,
1224 1321 1519 1381 sanctaque
1562 1310 1853 1366 inhoneste
1891 1322 2056 1381 atque
2098 1311 2326 1381 profane

742 1404 898 1459 obire
922 1404 1171 1474 cogebat.
1196 1404 1403 1458 Horum
1429 1404 1735 1475 principem
1769 1404 2135 1474 patriarcham
2166 1419 2329 1458 voca-

742 1501 859 1566 bat,
892 1500 1135 1570 Gryllum
1164 1500 1409 1561 nomine,
1456 1498 1699 1568 reliquos
1739 1497 1994 1552 undecim
2025 1496 2329 1566 praecipua-

745 1610 867 1647 rnm
912 1608 976 1647 ac
1020 1592 1316 1647 illustrium
1369 1589 1584 1645 sedium
1638 1590 2016 1659 metropolitas
2054 1606 2069 1654 ;
2126 1588 2330 1658 quibus

745 1686 803 1740 ni
834 1694 889 1739 et
913 1684 1027 1754 ipse
1051 1684 1235 1738 socius
1252 1682 1559 1747 accederet,
1579 1697 1648 1737 ne
1671 1682 1845 1753 ipsam
1873 1679 2329 1751 quidemimperii

744 1794 928 1832 arcem
962 1792 1077 1831 rem
1102 1776 1200 1831 sibi
1226 1774 1586 1844 expetendam
1603 1774 1863 1830 ducebat.
1878 1772 2073 1827 Prima:
2091 1785 2327 1841 namque

2427 580 2593 652 ἀπῄει
2627 579 2765 649 πρὸς
2792 579 2860 631 τὰ
2883 578 3180 645 ἀνάκτορα.

2500 756 2590 828 ιη’.
2628 757 2738 811 Καὶ
2762 758 2821 809 τὸ
2849 757 2912 825 δὴ
2964 756 3370 826 χαλεπώτερον,
3432 756 3465 824 ἠ
3497 754 3607 808 τῶν
3637 745 3712 808 ὧν
3743 750 3858 824 εἶχε
3896 752 4014 821 μεθ’

2425 850 2622 906 ἐαυτοῦ
2658 852 2886 921 φατρία,
2921 851 3171 922 σατύριοί
3201 867 3349 913 τινες
3374 844 3522 905 οὗτοι
3550 848 3801 917 καὶπρὸς
3832 850 4015 900 πᾶσαν

2426 946 2821 1016 αἰσχρουργίαν
2847 944 3162 1006 ἀκόλαστοι,
3193 943 3287 1007 οὓς
3316 945 3523 1005 ἐκεῖνος
3546 942 3634 995 διά
3663 942 3833 1011 τιμῆς
3860 942 4013 1006 ἄγων

2428 1038 2523 1091 καὶ
2574 1036 2758 1100 αἰδοῦς
2806 1037 2914 1090 τῶν
2964 1036 3128 1089 θείων
3177 1033 3591 1104 κατωλιγώρειο
3654 1033 3936 1103 ἱερατικὰς
3970 1033 4012 1063 ⁸⁸

2430 1130 2624 1193 στολάς
2672 1130 3115 1201 χρυσοῦφάντους
3145 1128 3384 1183 ἐπετίθει
3415 1128 3511 1181 καὶ
3566 1127 3874 1197 ώμοφόρια,
3922 1130 4014 1178 καὶ

2426 1223 2739 1295 ἠνάγκαζεν
2793 1223 3120 1294 ἀσχημόνως
3166 1238 3227 1275 τε
3281 1219 3377 1274 καὶ
3434 1220 3683 1285 ἀνάγνως
3739 1218 3918 1269 τελεῖν
3947 1218 4017 1269 τὰ

2430 1317 2592 1383 ἁγνά.
2630 1315 2742 1370 Καὶ
2773 1317 3123 1386 πατριάρχην
3157 1316 3247 1368 τὸν
3286 1315 3515 1383 ἔξαρχον
3546 1313 3754 1365 τούτων
3803 1310 4014 1373 ἐκάλει,

2431 1408 2668 1479 Γρύλλον
2699 1408 3055 1479 καλούμενον,
3088 1411 3216 1472 τοὺς
3245 1409 3302 1461 δέ
3336 1408 3555 1469 λοιποὺς
3587 1404 3653 1459 ια’
3688 1402 4021 1475 μητροπολί-

2430 1477 2529 1562 τας
2559 1499 2670 1552 τῶν
2718 1477 3250 1571 ἐξαιρέτωείθρόνων
3281 1518 3339 1553 τε
3388 1502 3482 1553 καὶ
3511 1499 3802 1567 λαμπρῶν.
3840 1492 3939 1561 Οἷς
3972 1498 4021 1550 εί

2433 1592 2511 1662 μὴ
2542 1593 2636 1645 καὶ
2672 1592 2836 1654 αὐτὸς
2861 1594 3158 1657 ἐκοινώνει,
3210 1594 3331 1647 οὐδὲ
3364 1592 3667 1662 βασιλεύειν
3696 1593 3851 1663 ⁴ίγξίου
3874 1608 3888 1620 ·
3926 1595 4023 1645 καὶ

2431 1684 2539 1753 γάρ
2564 1686 2939 1756 πρωτόθρονος
2969 1688 2998 1738 ὀ
3043 1687 3354 1748 Κολωνείας
3384 1685 3485 1747 ὣν,
3542 1685 3845 1745 δωδέκατος
3890 1684 3934 1715 δ’
3966 1685 4021 1735 δὲ

2432 1778 2597 1841 αὐτὸς
2622 1781 2650 1832 ό
2690 1778 2945 1847 βασιλεὺς
2976 1778 3217 1848 Μιχαήλ.
3253 1779 3359 1831 Καὶ
3384 1776 3484 1840 τὰς
3516 1777 3659 1848 ᾠδὰς
3686 1777 4024 1846 ἐξεπλήρουν

745 1869 896 1925 sedis
922 1870 1214 1938 episcopus
1246 1866 1592 1921 Coloniensis
1634 1864 1997 1919 duodecimus
2015 1864 2177 1935 662
2213 1862 2330 1933 ipse

2438 1868 2520 1924 διὰ
2548 1869 2825 1939 κιθαρῶνο
2866 1872 2961 1924 καὶ
2995 1872 3061 1924 τά
3096 1871 3195 1940 μὲν
3229 1869 3468 1941 μυστικά
3507 1869 3835 1940 μιμούμενοι
3870 1868 4026 1934 λιγυ-

745 1962 976 2016 Michael
1007 1962 1303 2029 imperator
1332 1967 1489 2025 erat;
1527 1957 1873 2027 citharasque
1900 1956 2169 2027 pulsando
2199 1971 2329 2010 can-

750 2053 854 2106 tica
885 2052 1177 2122 explebant
1211 2068 1225 2117 ;
1256 2066 1320 2104 ac
1349 2050 1574 2119 quidem
1598 2065 1662 2104 ea
1684 2065 1805 2119 qua:
1833 2057 2046 2103 secreto
2067 2047 2329 2101 dicuntur

747 2146 965 2207 imitati,
994 2146 1224 2199 stridule
1257 2144 1462 2197 sensim
1497 2142 1826 2197 insonabant
1858 2160 1871 2207 ;
1903 2142 2328 2195 exclamationes

747 2254 900 2301 vero,
946 2254 1068 2306 qua:
1110 2236 1323 2291 scilicet
1357 2234 1539 2289 altiori
1584 2249 1648 2288 ac
1692 2232 1972 2287 modulata
2009 2247 2144 2285 voce
2188 2230 2331 2283 inter

746 2345 864 2385 rem
898 2344 1110 2385 sacram
1140 2328 1466 2393 efferuntur,
1498 2326 1672 2381 libero
1708 2325 1914 2395 impetu
1952 2340 2014 2379 ac
2044 2338 2178 2378 sono
2204 2322 2331 2386 ,cla—

749 2422 881 2477 riori
914 2420 1244 2475 reddebant.
1274 2419 1414 2473 Vasa
1435 2434 1600 2473 aurea
1623 2418 1961 2488 gemmisque
1984 2416 2331 2471 interstincta

748 2514 1046 2574 habebant,
1096 2522 1362 2581 acetoque
1394 2519 1450 2565 et
1482 2510 1658 2580 sinapi
1693 2510 1970 2579 replentes
2007 2524 2106 2563 eos
2143 2507 2237 2578 qui
2273 2515 2332 2562 ut

747 2606 1224 2662 communicarent
1256 2604 1501 2659 animum
1528 2602 1867 2659 adhibebant
1904 2603 2016 2658 illis
2048 2602 2334 2672 impertie-

750 2701 902 2758 l'ant.
946 2709 1109 2768 atque
1155 2699 1210 2752 in
1237 2712 1363 2753 eum
1402 2696 1628 2751 modum
1672 2695 2016 2751 intemeratis
2057 2694 2333 2768 mysteriis

750 2790 1075 2847 illudebant.
1123 2789 1224 2843 Hic
1268 2788 1456 2859 itaque
1486 2787 1705 2858 Gryllus
1742 2787 1890 2842 mula
1924 2787 2047 2843 alba
2083 2787 2335 2841 invectus

751 2885 1005 2955 publicos
1033 2898 1325 2954 processus
1346 2882 1662 2953 peragebat,
1694 2896 1871 2951 eoque
1898 2880 2134 2951 stipatus
2162 2880 2335 2935 choro

748 2974 1187 3032 exsultabundus
1228 2989 1508 3043 ovansque
1551 2972 1863 3027 incedebat.
1900 2970 2113 3026 Accidit
2149 2981 2334 3025 autem

749 3067 1046 3139 aliquando
1075 3075 1134 3121 ut
1161 3066 1218 3121 in
1248 3066 1471 3121 beatum
1500 3065 1793 3135 lgnatium,
1822 3064 2198 3120 ecclesiastico
2224 3065 2334 3118 ritu

751 3160 1211 3231 supplicationem
1252 3158 1572 3223 obeuntem,
1619 3157 1936 3223 incideret;
1983 3166 2334 3228 retractaque

750 3255 935 3307 casula
963 3268 1067 3307 una
1095 3269 1219 3307 cum
1253 3250 1566 3322 symmystis
1591 3250 1928 3312 contentius,
1958 3258 2013 3304 et
2050 3259 2108 3303 ut
2134 3250 2336 3304 elario-
2363 3248 2406 3267 “

752 3364 839 3401 res
870 3362 1035 3401 sonos
1064 3347 1430 3401 instrumenta
1465 3343 1726 3406 ederent,
1766 3343 1986 3411 pulsare
2026 3342 2213 3413 coepit,
2250 3343 2335 3397 in-

750 3437 1306 3506 numerabilibusque
1384 3434 1792 3504 procacissimis
1886 3434 2335 3504 turpissimisquc

750 3534 937 3589 verbis
964 3534 1173 3588 clerum
1205 3529 1576 3601 compluebat.
1595 3527 1879 3597 Corripuit
1906 3538 2127 3584 sanctus
2157 3527 2337 3582 homi-

751 3628 839 3682 nis
888 3623 1239 3680 insolentiam
1274 3639 1288 3688 ;
1325 3636 1515 3675 verum
1565 3618 1656 3673 ille
1699 3634 1892 3673 eorum
1928 3635 2050 3687 quae
2094 3619 2339 3676 monitus

2434 1968 2543 2040 ρῶς
2569 1969 2825 2037 ἐπήχουν,
2857 1964 2956 2026 τάς
2981 1964 3037 2016 δὲ
3062 1965 3401 2032 ἐκφωνήσεις
3424 1962 3598 2032 ἀνέτῳ
3623 1963 3763 2031 φορᾷ
3782 1960 3869 2032 μ’.
3895 1959 4025 2030 458]

2432 2060 2526 2113 καὶ
2556 2058 2881 2131 διαπρυσίῳ.
2929 2056 3106 2123 Σκεύη
3138 2055 3195 2108 δὲ
3224 2055 3495 2125 διάχρυσα
3533 2054 3630 2107 καὶ
3662 2054 4026 2123 μαργαριτῶν

2433 2152 2776 2223 συγκρίμενα
2804 2151 2847 2181 δ’
2878 2145 3046 2218 εἶχον,
3064 2147 3221 2211 δξους
3235 2163 3295 2199 τε
3322 2146 3417 2199 καὶ
3446 2145 3717 2207 σινάπεως
3745 2143 4026 2215 πληροῦν-

2431 2263 2523 2309 τες
2585 2240 2666 2307 οἷς
2718 2226 3014 2294 ἐϐούλοντο
3082 2238 3525 2309 μεταλαμϐάνειν
3580 2237 3847 2303 ἐδίδοσαν,
3910 2237 4027 2289 τῶν

2433 2336 2719 2406 ἀχράντων
2737 2332 2883 2386 οὕτω
2912 2329 3345 2393 καταπαίζοντες
3376 2327 3712 2399 μυστηρίων.
3739 2319 3913 2387 Οὗτος
3935 2323 4030 2379 οἶν

2432 2427 2712 2497 όΓρύλλος
2743 2425 2839 2477 καὶ
2868 2423 2974 2493 ὄνῳ
3030 2425 3296 2492 ἐπωχεῖτο
3343 2421 3540 2491 λευκῇ,
3570 2420 3678 2483 τὰς
3728 2420 4030 2489 δημοσεοκ

2435 2520 2694 2591 προόδους
2722 2517 2914 2579 τελῶν,
2945 2518 3039 2570 καὶ
3067 2517 3159 2569 τὸν
3179 2515 3419 2568 τοιοῦτον
3446 2514 3633 2567 θίασον
3660 2514 4031 2580 συνεπόμενον

2435 2614 2573 2683 ἔχων
2603 2612 2888 2682 ἠγάλλετο.
2916 2610 3026 2663 Καί
3053 2627 3183 2663 ποτε
3213 2609 3411 2679 συνέὸη
3447 2609 3587 2678 μετά
3616 2608 3718 2673 τῆς
3733 2606 4032 2676 ὲκκλησια-

2437 2705 2627 2773 στικῆς
2659 2704 2811 2773 λιτῆς
2838 2702 3119 2773 ἐρχομένῳ
3153 2699 3231 2772 τῷ
3287 2699 3566 2773 μακαρίτῃ
3608 2700 3861 2769 Ἰγνατίῳ
3901 2717 4031 2752 συν-

2434 2800 2620 2867 τυχεῖν
2642 2812 2656 2827 ο
2686 2797 2779 2849 καὶ
2810 2796 2901 2847 τὸν
2932 2794 3167 2864 φελόνην
3194 2793 3514 2857 ἀναστείλας
3549 2793 3687 2862 μετά
3715 2792 3826 2846 τῶν
3854 2792 4028 2845 αὐτοῦ

2439 2889 2775 2959 συμμυστῶν
2801 2887 3165 2958 εὐτονώτερον
3195 2889 3306 2940 τῶν
3334 2887 3701 2958 κρουσμάτων
3733 2882 3898 2955 ἦρχε,
3933 2887 4032 2938 καὶ

2436 2980 2527 3033 τὸν
2556 2982 2759 3048 κλῆρον
2794 2980 3009 3049 μυρίοις
3039 2981 3134 3033 καὶ
3157 2981 3459 3049 αἰσχίστοις
3486 2978 3811 3048 περιέϐαλλε
3842 2978 4029 3048 ῥήμα-

2439 3088 2544 3125 σιν.
2592 3072 2728 3124 Ὑπὸ
2751 3072 2807 3124 δὲ
2829 3072 2923 3124 τοῦ
2955 3072 3104 3125 ὁσίου
3139 3070 3512 3141 ἐπιτιμηθεὶς,
3548 3071 3708 3133 αὐτὸς
3738 3070 3838 3138 μὲν
3877 3070 4035 3122 οὐδὲν

2436 3164 2642 3219 τούτων
2671 3164 2954 3233 ἐφύλαξεν,
2997 3164 3136 3235 πλὴν
3168 3165 3308 3228 τέως
3330 3166 3427 3232 τῆς
3458 3164 3575 3217 ὁδοῦ
3606 3163 3871 3229 ἐξέκλινε.
3898 3162 4035 3215 Τού-

2438 3275 2550 3320 τοις
2585 3257 2779 3310 ἐαυτὸν
2838 3255 3053 3325 γέλωτα
3104 3257 3345 3325 ἄσεμνον
3399 3256 3492 3307 καὶ
3529 3253 3965 3322 ἀνακαγχασμδν
4008 3255 4035 3304 ὁ

2439 3348 2842 3417 ἀφρονέστατος
2900 3347 3199 3417 προετίθει,
3256 3341 3341 3409 οἷς
3393 3346 3647 3416 ὑϐρίζετο
3681 3347 3778 3414 μὲν
3834 3347 3868 3413 ἡ
3904 3345 4034 3411 ἁγία

2440 3443 2752 3512 προσφορὰ,
2788 3442 3039 3512 ὑδρίζετο
3067 3441 3125 3494 δὲ
3153 3440 3224 3493 τὰ
3254 3442 3386 3508 ἆγια
3416 3440 3595 3507 λόγια,
3628 3442 3738 3500 τοίς
3769 3441 4035 3509 ἀρρήτοις

2440 3533 2621 3586 αὐτῶν
2652 3534 2748 3587 καὶ
2796 3534 3129 3603 ἀκαθάρτοις
3184 3531 3615 3603 ἐπιτηδεύμασιν
3663 3531 4037 3601 ἐπιλεγόμενα

2440 3626 2536 3678 καὶ
2563 3625 3006 3694 ἐπιφωνούμενα.

749 3724 867 3769 erat
896 3724 1059 3785 atque
1091 3722 1380 3782 correptus
1412 3711 1550 3764 nihil
1581 3709 1838 3764 servavit.
1888 3709 2111 3763 interim
2150 3717 2332 3765 tamen
2371 3728 2400 3766 a
2437 3714 2525 3768 via
2557 3714 2799 3770 deﬂexit.
2825 3717 2923 3772 liis
2953 3716 3403 3771 dementissimus
3470 3716 3758 3769 hominum
3818 3723 4036 3785 turpem

750 3827 809 3867 se
834 3810 1005 3865 risum
1034 3824 1098 3863 ac
1121 3807 1597 3863 cachinnationem
1630 3806 1747 3874 ipse
1812 3804 2130 3869 exhibebat,
2202 3807 2407 3875 quibus
2447 3825 2603 3865 sacra
2642 3812 2849 3867 oblatio
2890 3813 3106 3882 procaci
3158 3813 3319 3882 longe
3362 3810 3566 3881 injuria
3607 3811 3927 3881 probroque
3959 3813 4035 3865 at-

750 3901 1076 3966 ficiebatur;
1106 3899 1486 3954 adiciebantur
1518 3908 1574 3951 ct
1601 3898 1789 3953 divina
1820 3897 2043 3968 eloquia
2069 3938 2085 3962 ,
2113 3898 2366 3956 nefandis
2399 3901 2742 3975 impurisque
2782 3906 3002 3960 illorum
3036 3905 3237 3960 studiis
3255 3920 3320 3959 ac
3347 3905 3734 3975 jocnlamentis
3776 3906 3998 3960 subdita
4020 3931 4035 3953 ν

752 3999 1007 4067 interque
1048 3996 1140 4050 illa
1179 3994 1556 4066 pronuntiata.

826 4082 1066 4146 l9.'Non
1098 4089 1193 4143 diu
1228 4097 1371 4159 post,
1404 4086 1751 4142 sanctissimo
1783 4087 1993 4158 lgnatio
2026 4090 2340 4159 patriarcha

751 4200 969 4239 cessare
1016 4183 1171 4253 jusso
1223 4190 1389 4251 atque
1430 4189 1636 4243 amoto,
1691 4196 1814 4234 cum
1863 4180 1930 4235 ad
1990 4182 2342 4251 imperatoris

753 4292 998 4332 mensam
1033 4290 1218 4329 coram
1249 4273 1448 4329 Photio
1483 4289 1571 4327 res
1603 4288 1759 4328 sacra
1794 4272 1875 4327 sic
1919 4274 2138 4328 mimice
2179 4290 2341 4343 pera-

753 4375 996 4437 geretur,
1017 4366 1440 4434 turpissimaque
1469 4363 1776 4417 imitatione
1805 4379 1834 4417 a
1864 4364 2341 4432 eontemptoribus

752 4454 1217 4524 exsecrandisque
1248 4455 1410 4525 663
1444 4454 1576 4507 viris
1605 4453 1812 4507 divinis
1848 4453 2195 4518 illuderetur,
2230 4472 2340 4510 non

751 4550 930 4604 solum
960 4548 1051 4602 ille
1083 4564 1195 4601 non
1234 4547 1539 4616 increpavit
1578 4548 1867 4617 arguitque
1898 4563 1963 4602 ac
2006 4549 2342 4604 absurdissi-

752 4655 903 4694 mum
938 4639 1250 4693 institutum
1294 4639 1555 4703 abolevit,
1592 4654 1784 4692 verum
1812 4639 1977 4693 etiam
2013 4639 2345 4695 nefandissi-

754 4748 879 4787 nius
922 4732 1087 4786 homo
1130 4748 1244 4786 rem
1277 4731 1566 4786 nefandam
1615 4732 1785 4801 magis
1828 4731 2205 4794 confirmavit,
2236 4734 2348 4793 Deo

754 4841 982 4880 exosum
1016 4825 1385 4895 Theophilum
1414 4824 1567 4879 illum
1598 4825 1714 4895 (qui
1738 4824 2059 4895 etGryllus)
2090 4826 2349 4894 precibus

757 4916 1170 4977 communiens,
1214 4932 1379 4985 quem
1427 4917 1833 4986 perditissimus
1876 4931 1940 4971 ac
1980 4917 2348 4973 bardissimus

759 5008 1045 5063 hominum
1093 5008 1393 5078 imperator
1439 5024 1599 5063 suum
1639 5009 2005 5079 patriarcham
2042 5010 2340 5075 vocitabat,

759 5100 925 5154 homo
947 5101 1160 5156 scilicet
1184 5101 1238 5154 in
1271 5101 1405 5170 ipsis
1435 5117 1655 5172 quoque
1686 5100 2123 5155 sacerdotalibus
2177 5102 2343 5155 vesti-

758 5191 863 5246 bus
890 5190 1200 5261 divinisque
1224 5192 1457 5261 eloquiis
1486 5192 1675 5246 ludere
1704 5192 2030 5257 industrius,
2052 5193 2345 5249 maximos-

759 5299 868 5355 que
926 5285 1203 5339 mulorum
1253 5286 1425 5340 instar
1471 5285 1637 5339 edere
1691 5286 1956 5355 crepitus,
2007 5286 2345 5356 dignumque

762 5392 931 5432 unum
958 5376 1065 5431 hoc
1096 5376 1207 5431 illis
1250 5377 1588 5441 acclamare,
1629 5378 1887 5432 biberent
1918 5393 1986 5434 ex
2029 5392 2098 5433 eo
2132 5394 2343 5443 omnes,

761 5485 825 5522 ac
859 5485 1055 5525 carnes
1094 5485 1220 5525 cum
1252 5470 1430 5541 sinapi
1460 5478 1518 5525 et
1564 5479 1722 5526 aceto
1769 5482 2073 5527 sumerent.
2125 5470 2347 5541 Suoque

764 5562 1089 5632 omOphorio
1117 5563 1382 5634 profanus
1416 5564 1582 5619 homo
1612 5564 1843 5634 profano
1866 5564 2158 5635 profanum
2190 5565 2347 5634 prin-

764 5655 1006 5727 cipatum
1058 5655 1285 5726 profane
1323 5656 1670 5729 obsignabat,
1702 5672 1895 5713 vocem
1941 5672 2096 5714 suam
2145 5657 2201 5712 in
2234 5656 2347 5711 risu

2524 4091 2610 4148 ιθ’.
2634 4094 2767 4147 Μετ’
2793 4093 2854 4146 οὑ
2889 4092 3023 4145 πολὺ
3060 4092 3115 4145 δὲ
3150 4091 3243 4146 τοῦ
3278 4092 3585 4159 ἀγιωτάτου
3633 4092 3897 4158 Ἰγνατίου
3948 4092 4039 4145 τοῦ

2450 4183 2640 4252 θρόνου
2670 4184 2769 4250 τῆς
2820 4184 3184 4254 πατριαρχίας
3231 4181 3754 4244 καταδιδασθέντος,
3808 4182 4044 4251 ὲπίπρου

2451 4270 2577 4323 σθεν
2602 4270 2703 4339 τῆς
2724 4270 3009 4340 βασιλικῆς
3031 4270 3311 4342 τραπέζης
3332 4270 3671 4323 κατενώπιον
3696 4270 4043 4339 τελουμένων

2447 4358 2653 4411 Φωτίου
2687 4359 2780 4412 καὶ
2809 4359 2876 4411 δι’
2926 4360 3213 4429 αἰσχίστης
3258 4361 3541 4430 μιμήσεως
3580 4360 3690 4413 τῶν
3714 4360 3875 4413 θείων
3912 4380 4045 4413 παι-

2450 4449 2693 4518 ζομένων
2721 4450 2826 4502 ὑπὸ
2854 4449 2962 4502 τῶν
3013 4452 3451 4522 καταφρονητῶν
3482 4452 3577 4504 καὶ
3636 4453 4043 4506 καταπτύστων

2451 4544 2681 4610 ἀνδρῶν,
2704 4542 2957 4597 τοσοῦτον
2981 4546 3185 4606 ἐκείνος
3211 4545 3450 4614 ἀπέσχεν
3478 4544 3570 4595 τοῦ
3599 4545 3925 4613 ἐπιτιμῆσαι
3948 4549 4044 4598 καὶ

2382 4623 2423 4676 D
2451 4636 2726 4702 διελέγξαι
2755 4638 2850 4689 καὶ
2878 4638 2939 4689 τὸ
2964 4636 3315 4691 ἀτοπώτατον
3340 4638 3689 4707 καταργῆσαι
3719 4638 3815 4691 τοῦ
3840 4642 4042 4710 ἐπιτη-

2450 4730 2849 4799 δεύματος,ὄτι
2878 4731 2972 4783 καὶ
3030 4732 3305 4801 ἐπεκύρου
3363 4732 3619 4793 μᾶλλονό
3670 4733 3932 4799 ἀθέμιτος
3982 4737 4043 4788 τὺ

2450 4821 2729 4891 ἀθέμιτον,
2760 4820 3133 4890 ἐπευξάμενος
3163 4823 3255 4875 τὸν
3292 4822 3523 4892 θεομισῆ
3548 4824 3807 4890 θεόφιλον
3830 4828 4043 4879 ἐκεῖνον

2448 4914 2539 4967 τὸν
2567 4915 2661 4967 καὶ
2691 4914 2947 4983 Γρύλλον,
2981 4914 3041 4967 ὃν
3068 4915 3096 4967 ό
3124 4915 3582 4979 ἀπαιδευτότατος
3605 4918 3741 4982 ἄναξ
3770 4918 3902 4970 ἴδιον
3932 4937 4043 4973 πα-

2447 5012 2717 5081 τριάρχην
2747 5010 3054 5081 ὠνόμαζεν.
3092 5012 3312 5076 παίζειν
3339 5012 3599 5083 εὔστοχος
3627 5015 3717 5067 καὶ
3751 5017 3810 5067 ἐν
3839 5017 4047 5084 ἱερατι-

2452 5106 2566 5164 κοῖς
2598 5103 2824 5172 ἀμφίοις
2854 5104 2949 5155 καὶ
2982 5104 3207 5172 λογίοις,
3268 5105 3363 5158 καὶ
3397 5106 3627 5173 κρότους
3684 5107 4044 5173 ἀποπέμπειν

2455 5196 2741 5265 μεγίστους
2773 5196 3011 5266 ἡμιόνων
3058 5197 3268 5266 τρόπῳ,
3304 5196 3398 5249 καὶ
3432 5198 3578 5249 πιεῖν
3605 5197 3662 5262 ἐξ
3694 5196 3862 5248 αὑτοῦ
3909 5197 4046 5250 πάν-

2450 5301 2570 5348 τας,
2622 5286 2782 5340 τοῦτό
2838 5302 2902 5355 γε
2938 5286 3098 5355 μόνον
3136 5286 3287 5350 ἄξιος
3341 5286 3528 5349 αὐτοῖς
3579 5288 3906 5354 ἐπιφωνεῖν,
3949 5288 4047 5339 καὶ

2454 5378 2728 5448 σαρκίνων
2783 5378 3227 5447 μεταλαμϐάνειν
3278 5377 3417 5445 μετά
3466 5378 3671 5441 νάπυος
3708 5379 3806 5431 καὶ
3853 5377 4043 5443 ὄξους·

2453 5472 2548 5525 καὶ
2577 5470 2654 5540 τῷ
2682 5471 2982 5542 ὼμοφορίῳ
3023 5471 3190 5525 αὐτοῦ
3236 5472 3265 5525 ό
3295 5470 3514 5543 ἀνίερος
3568 5470 3648 5540 τῷ
3684 5470 3892 5539 ἀνιέρῳ
3947 5469 4047 5539 τὴν

2452 5563 2809 5633 ἀνιεραρχίαν
2865 5562 3097 5634 ἀνιέρως
3152 5562 3622 5633 ἐπεσφραγίζετο,
3666 5563 3726 5615 ἐν
3770 5562 3975 5629 γέλωτι
4020 5563 4048 5613 ό

2460 5656 2613 5724 μετά
2654 5654 2906 5727 ἀφρόνων
2937 5656 2966 5709 ό
2992 5656 3185 5727 ἄφρων
3213 5654 3312 5729 τὴν
3365 5656 3549 5728 φωνὴν
3596 5654 3764 5711 αὐτοῦ
3798 5654 4043 5726 ἀνυψῶν,

1975 5751 2215 5805 VABIA‘J
2255 5744 2665 5805 LECTIONES.

828 5848 874 5883 ‘4‘
905 5848 1183 5921 ἱερατικὰς
1214 5852 1319 5922 γὰρ
1351 5869 1431 5905 στ.
1464 5853 1487 5906 ?
1562 5854 1598 5885 “
1638 5847 1702 5924 ἢν
1728 5851 2024 5914 δωδέκατος
2055 5850 2118 5922 δὴ
2148 5851 2169 5901 ’3
2244 5851 2285 5880 δ’
2312 5864 2451 5917 num
2495 5846 2817 5921 σύγκριμαῖ
2850 5841 3099 5902 Combef.
