4174 6442
190 370 304 434 7Ξ5

1088 376 1462 439 ANNALES.
1500 401 1556 411 ···
1586 375 1926 436 MICHAEL
1965 371 2060 435 ET
2098 373 2531 436 THEODORA.

3330 372 3440 438 726

185 482 461 551 ἐπιγελῶν
513 479 607 537 τοῦ
636 482 883 555 ἀοιδίμου
945 485 1201 554 Ἰγνατίου
1232 488 1309 551 ὡς
1360 492 1432 559 μὴ
1468 490 1619 555 ὄντος
1642 494 1756 553 τοῖς

1882 502 1983 540 :um
2007 486 2190 542 stultis
2212 487 2375 543 homo
2396 490 2599 544 stultus
2612 488 2880 553 exaltans,
2904 489 3219 562 inclytoque
3241 489 3446 561 lgnatio

189 574 483 645 πράγμασι
516 576 987 645 συγκαταόατικοῦ
1015 577 1110 632 καὶ
1133 574 1265 645 οἷον,
1294 580 1369 644 ὡς
1397 578 1558 646 αὐτὸς
1584 584 1770 654 ἐνόμι-

187 667 271 731 ζε,
304 670 467 720 παντὶ
495 669 681 740 ἀνέμῳ
734 670 1065 738 εὐριπίστως
1096 674 1422 742 φερομένου.
1468 675 1630 730 Ἀλλά
1680 678 1775 732 καὶ

188 758 430 828 ἆμιλλαν
467 760 605 828 μετὰ
635 759 728 813 τοῦ
755 761 939 814 ἀθλίου
970 762 1232 833 βασιλέως
1248 766 1467 835 Μιχαὴλ
1492 767 1633 837 ὑπὲρ
1656 769 1772 836 τοῦ,

185 848 270 914 τίς
304 849 374 903 ἂν
402 851 561 903 πλέον
592 854 713 923 πίῃ,
737 854 1140 925 ἐνστησάμενος
1161 857 1295 910 δέκα
1330 858 1578 912 κὼθωσιν
1609 861 1772 913 αὑτὸν

187 942 563 1013 ὑπερέϐαλλεν
586 962 600 975 ο
656 946 750 998 τοῦ
803 947 1024 1019 Μιχαὴλ
1069 952 1179 1020 γὰρ
1212 950 1271 1003 ὲν
1304 954 1417 1014 τοῖς
1447 959 1488 1005 ν’
1519 951 1606 1023 [Ρ.
1642 952 1771 1025 459]

189 1035 652 1105 πεπληρωμένου,
690 1029 845 1101 οὗτος
895 1040 924 1091 ὁ
968 1039 1172 1105 Ψώτιος
1200 1042 1324 1105 τοὺς
1362 1040 1405 1106 ξ’
1435 1042 1774 1107 ἐκπεπωκὼς

187 1125 525 1198 ὲνεκαυχᾶτο
546 1128 621 1192 ὠς
652 1129 728 1203 μὴ
758 1130 1110 1201 μεμεθυκὼς.

261 1400 336 1449 κ’.
369 1396 483 1450 Καί
508 1412 637 1451 ποτε
660 1398 761 1470 τὴν
801 1400 992 1455 ἑαυτοῦ
1024 1403 1237 1477 μητέρα
1263 1407 1291 1460 ὁ
1325 1407 1547 1479 Μιχαὴλ
1574 1411 1630 1462 ἐν
1665 1414 1774 1476 τοῖς

187 1489 519 1561 ἀνακτόροις
550 1492 951 1566 διαιτουμένην,
986 1498 1080 1551 τοῦ
1115 1500 1350 1572 Γρύλλου
1390 1502 1445 1555 δὲ
1498 1506 1594 1557 σὺν
1624 1504 1774 1571 αὐτῷ

188 1582 256 1636 τὰ
282 1583 504 1653 ἀθεσμα
536 1586 890 1655 πράττοντος,
927 1590 1274 1661 πλασάμενος
1303 1596 1489 1648 τοῦτον
1518 1592 1657 1649 εἶναι
1686 1599 1779 1652 τὸν

190 1677 509 1747 μακαρίτην
532 1673 830 1747 Ἲγνάτιον,
857 1685 1241 1752 μετακαλεῖται
1270 1688 1779 1763 εὐλογηθησομένην

188 1766 327 1834 παρ’
352 1768 539 1824 αὐτοῦ.
583 1771 667 1836 Ὠς
694 1770 787 1826 οὖν
834 1776 1017 1849 ἐκείνη
1050 1776 1195 1848 ἐξῄει
1225 1781 1343 1849 μετ’
1372 1780 1661 1847 εὐλαϐείας
1684 1786 1777 1838 καὶ

186 1858 393 1923 αἰδοῦς,
429 1863 612 1931 ῥίπτει
638 1866 838 1937 ἑαυτὴν
868 1868 948 1931 είς
982 1869 1244 1940 τοῦδαφος
1276 1872 1632 1945 ἐξαιτουμένη
1684 1878 1776 1930 εὖ·
1804 1846 1851 1905 Β

187 1951 294 2019 χήν
317 1967 332 1981 ·
364 1952 460 2005 καὶ
483 1954 594 2024 γὰρ
618 1956 906 2012 ἐλάνθανεν
930 1961 1067 2024 τέως
1090 1963 1187 2033 τὴν
1216 1967 1464 2032 γενειάδα
1495 1973 1772 2039 κρύπτων.

187 2040 301 2092 Καὶ
330 2042 395 2095 ὲκ
434 2044 727 2115 προχείρου
757 2047 928 2116 ψόφον
967 2051 1250 2122 ἀναθορὼν
1291 2057 1522 2124 ἐπαφεὶς
1564 2062 1657 2112 καὶ
1690 2061 1779 2114 λό-

187 2147 322 2198 γους
353 2134 627 2204 ἀπρεπεῖς
666 2140 1073 2211 προστεθεικὼς
1125 2146 1220 2200 καὶ
1280 2149 1359 2213 τὸ,
1402 2150 1598 2219 Ἡμεῖς
1639 2153 1778 2223 ὅπερ

187 2224 437 2295 ἔχομεν,
472 2231 646 2298 πυρὰ,
682 2234 1025 2305 παρέχομέν
1055 2255 1175 2304 σοι,
1214 2241 1281 2293 τὰ
1306 2242 1481 2296 πάντα
1514 2244 1779 2310 δυσωδίας

187 2317 458 2409 ἀπλήρου.
522 2322 585 2375 Ἦ
607 2323 664 2376 δὲ
694 2326 753 2377 τὸ
811 2327 1005 2395 μέλλον
1054 2333 1490 2401 ἀποφοιϐασασα,
1552 2340 1651 2409 τῆς
1683 2339 1777 2392 τοῦ

187 2408 333 2463 Θεοῦ
367 2413 626 2483 προνοίας
656 2420 747 2471 καὶ
777 2421 959 2490 χειρὸς
981 2422 1088 2489 ἔξω
1118 2426 1371 2493 γενέσθαι
1406 2429 1547 2483 ὀδοῦ.

262 2501 375 2555 κα’.
410 2505 534 2559 Ἔτι
560 2508 657 2578 τῆς
688 2511 969 2584 Θεοδώρας
1003 2515 1102 2587 τὴν
1126 2517 1407 2588 βασιλείαν
1438 2523 1483 2554 ⁸³
1514 2529 1778 2597 κατεχού-

191 2609 314 2690 σης,
350 2595 585 2690 Βᾷγαρις
615 2603 643 2655 ὁ
679 2603 863 2674 ἄρχων
890 2606 1249 2679 Βουλγαρίας,
1278 2618 1514 2682 γυναῖκα
1543 2595 1780 2690 τῆςὴτῶν

203 2684 500 2786 Ῥωμαίων
544 2690 823 2760 βασιλείας
862 2698 1102 2765 ἀκούσας
1160 2708 1400 2775 κρατεῖν,
1458 2684 1611 2775 δηλοί
1640 2714 1777 2786 αὐτῇ

190 2780 491 2836 καταλύειν
542 2785 640 2849 τὰς
695 2790 969 2859 συνθήκας
1021 2799 1115 2850 καὶ
1162 2800 1297 2869 πρὸς
1339 2802 1643 2873 Ῥωμαίους
1688 2809 1784 2861 ἐκ·

192 2876 539 2944 στρατεύειν.
586 2881 986 2950 Ἀντιδηλοῦται
1044 2886 1137 2944 οὖν
1195 2894 1366 2964 αὐτῷ,
1403 2898 1485 2951 ὅτι
1537 2901 1644 2953 Kal
1678 2901 1782 2969 ἐμὲ

190 2969 347 3023 κατὰ
374 2972 495 3026 σοῦ
527 2976 809 3044 εὑρήσεις
839 2980 1450 3056 ἀντιστρατεύουσαν,
1483 2995 1584 3048 καὶ
1612 2998 1782 3051 ἐλπι-

189 3059 375 3155 ζομεα·
423 3068 742 3132 κυριεῦσαί
773 3089 910 3129 σου.
963 3080 1033 3130 Εἰ
1062 3078 1130 3131 δὲ
1162 3081 1273 3150 μὴ,
1315 3085 1415 3139 καὶ
1445 3089 1636 3155 οὕτως
1664 3109 1781 3146 σου

190 3153 568 3251 περιέσομαι,
597 3158 713 3226 τὴν
741 3164 923 3232 νίκην
950 3168 1245 3236 ἀρίδηλον
1272 3175 1503 3243 ἔχουσα
1523 3199 1537 3213 -
1580 3153 1781 3251 γυναῖ-

192 3261 269 3296 κα
297 3245 435 3315 γὰρ,
464 3250 603 3305 ἀλλ’
630 3256 740 3307 οὐκ
770 3256 961 3328 ἄνδρα
991 3263 1152 3331 ἔχεις
1175 3268 1281 3321 τὸν
1305 3245 1634 3338 ἡττηθέντα
1658 3295 1776 3333 σοι.

193 3340 292 3393 Διὰ
338 3343 504 3396 τοῦτο
536 3346 635 3415 μὲν
662 3344 755 3403 οὖν
791 3354 885 3405 καὶ
918 3357 1003 3423 ἐφ’
1055 3360 1285 3433 ήσυχίας
1314 3362 1495 3434 ἔμεινε
1531 3371 1626 3423 καὶ
1682 3373 1781 3437 τὰς

191 3432 292 3501 τῆς
323 3435 552 3509 ἀγάπης
580 3439 881 3497 ἀνενέωσεν
906 3451 1158 3516 σπονδάς.

263 3525 373 3595 κβ’.
412 3530 651 3602 Ζήτησιν
680 3535 772 3589 οὖν
803 3540 941 3611 αὐτὴ
973 3547 1207 3599 ποιεῖται
1240 3550 1369 3620 περὶ
1416 3553 1509 3606 τοῦ
1543 3560 1779 3628 μοναχοῦ

192 3619 479 3689 Θεοδώρου
508 3624 603 3713 τοῦ
640 3628 926 3701 Κουφαρὸ,
956 3635 1063 3705 πρὸ
1090 3638 1285 3693 πολλοῦ
1317 3619 1783 3713 αἰχμαλῶτισθεν-

194 3726 308 3815 τος.
347 3713 467 3815 lﬁal:
490 3711 667 3815 οὗτος
691 3719 747 3773 δὲ
790 3723 1045 3797 ἀφορμὴν
1084 3729 1148 3783 ἐκ
1208 3711 1612 3791 τούτουᾚλαϐὼν
1651 3746 1782 3815 περὶ

196 3805 293 3904 τῆς
320 3807 533 3904 οίκείας
557 3811 796 3904 ἀδελφῆς
823 3820 1355 3898 αίχμαλωτισθείσης
1385 3832 1480 3884 καὶ
1509 3835 1567 3886 ἐν
1597 3837 1661 3904 τῇ
1686 3805 1781 3890 τοῦ

201 3896 490 3999 βασιλέως⁸
506 3902 645 3999 α-ὑλῇ
682 3910 1053 3982 κατεχομένης
1082 3914 1233 3986 δηλοῖ
1258 3931 1274 3947 ⁸
1310 3896 1436 3988 ήῆτις
1478 3926 1569 3978 καὶ
1599 3896 1782 3999 γράμ-

202 4006 350 4055 ματα
386 3992 635 4059 μαθοῦσα
666 3999 759 4051 καὶ
806 4000 905 4070 τὴν
932 4003 1040 4057 τῶν
1097 4008 1439 4078 Χριστιανῶν
1498 3992 1649 4082 τάξίᾴ
1691 3992 1785 4076 καὶ

196 4080 297 4177 την
324 4084 458 4177 περὶ
484 4085 545 4139 τὸ
560 4087 713 4142 Θείον
744 4092 877 4146 αίδὼ
912 4098 1007 4149 καὶ
1034 4098 1215 4168 δόξαν,
1240 4104 1363 4157 ἐπεὶ
1387 4107 1490 4177 τῆς
1523 4080 1783 4168 ἐπανόδου

196 4174 299 4240 τῆς
332 4175 473 4246 πρὸς
496 4178 588 4231 τὸν
621 4182 848 4251 ἀδελφὺν
877 4189 1198 4261 τετύχηκεν,
1222 4197 1282 4248 οὐ
1310 4174 1547 4253 διέλιπεν
1572 4205 1786 4262 ἐκθειά-

199 4266 371 4370 ζουσα
406 4271 502 4370 καὶ
531 4277 927 4370 παρακαλοῦσα
965 4285 1295 4351 μεταθέσθαι
1332 4292 1467 4362 πρὸς
1489 4296 1586 4364 τὴν
1607 4298 1784 4370 ἀληθῆ

200 4358 408 4424 πίστιν,
433 4364 482 4414 εί
513 4366 605 4416 καὶ
654 4366 814 4431 αὐτὸς
841 4372 906 4441 τῇ
953 4373 1181 4447 ἀπιστίᾳ
1211 4383 1618 4453 κατεσχημένος
1649 4358 1786 4456 πρὸς

197 4451 297 4550 την
334 4453 597 4550 ἀλήθειαν
625 4457 752 4513 ἰδεῖν
779 4461 916 4526 τέως
946 4466 1045 4518 οὐκ
1065 4467 1352 4540 ἠθέλησεν.
1392 4451 1569 4545 Λιμοῦ
1596 4479 1653 4532 δὲ
1686 4451 1785 4550 τὴν

1872 595 1939 634 eo
1975 576 2197 633 nomine
2236 581 2525 647 insultans,
2554 582 2699 652 quod
2733 582 2980 636 molliore
3007 582 3299 652 disciplina
3334 597 3450 635 mo—

1873 686 1987 725 rem
2019 671 2188 727 rebus
2215 687 2325 726 non
2355 682 2587 742 gereret,
2620 689 2741 738 nec,
2774 685 2831 726 ιιι
2860 673 2975 742 ipse
2999 689 3176 742 operae
3208 673 3448 743 pretium

1874 764 2139 832 putabat,
2187 766 2336 819 omni
2390 776 2554 820 vento
2601 767 2776 821 facilis
2826 767 3063 821 ferretur
3120 783 3451 836 omnemque

1875 865 2200 923 sequeretur
2251 872 2461 911 auram.
2524 858 2628 911 Sed
2674 868 2730 911 et
2775 874 2901 912 cum
2946 857 3147 911 misero
3188 858 3453 913 Michaele

1878 946 2206 1015 imperatore
2263 958 2517 1003 conserta
2575 964 2792 1019 pugna,
2847 960 2972 1005 uter
3011 950 3198 1019 plures
3255 952 3454 1007 calices

1877 1038 2165 1102 hauriret,
2198 1039 2387 1095 decem
2420 1029 2509 1095 ille
2546 1042 2797 1110 superior
2829 1041 2969 1096 fuit:
3016 1042 3281 1096 Michaele
3306 1042 3454 1096 enim

1878 1130 2278 1201 quinquaginta
2317 1133 2572 1202 oppleto,
2623 1132 2852 1187 Photius
2895 1133 3182 1203 magniﬁce
3231 1133 3456 1203 gloriari

1878 1232 2042 1291 atque
2062 1223 2294 1292 jactare,
2326 1231 2386 1276 ut
2416 1225 2510 1293 qui
2539 1225 2819 1296 sexaginta
2853 1226 3029 1294 epotis
3058 1226 3185 1281 vino
3211 1225 3459 1296 dejectus

1877 1327 1987 1365 ΠΟΙΙ
2019 1322 2184 1367 CSSC‘L

1950 1405 2039 1458 20.
2088 1405 2428 1475 Quandoque
2459 1408 2623 1461 etiam
2662 1407 2792 1462 dum
2824 1408 3005 1462 adhuc
3042 1418 3219 1464 mater
3251 1409 3306 1464 in
3337 1410 3460 1479 aula

1881 1509 2217 1563 versaretur,
2268 1498 2596 1571 Gryllusque
2635 1516 2704 1554 eo
2741 1501 2891 1555 socio
2941 1501 3177 1557 nefanda
3224 1503 3317 1559 illa
3360 1516 3458 1558 sua

1880 1603 2085 1663 ageret,
2127 1610 2247 1649 eam
2276 1596 2489 1651 vocavit
2534 1598 2684 1650 velut
2711 1596 2970 1665 precibus
2998 1596 3067 1650 ab
3106 1612 3172 1651 eo
3211 1611 3461 1652 commu-

1880 1685 2161 1748 niendam,
2222 1686 2430 1755 ﬁngens
2481 1686 2702 1742 beatum
2753 1688 3019 1757 lgnatium
3068 1703 3209 1743 esse.
3260 1688 3462 1742 Exiens

1887 1776 2069 1846 itaque
2104 1778 2193 1831 illa
2223 1778 2627 1834 modestissimo
2662 1780 2850 1835 habitu
2892 1796 3185 1849 sensuque,
3219 1780 3370 1834 humi
3404 1794 3461 1834 se

1880 1872 2087 1941 abjicil,
2118 1871 2273 1928 fundi
2300 1873 2368 1927 ab
2398 1889 2464 1929 eo
2496 1890 2683 1943 preces
2718 1891 2915 1944 rogans
2942 1875 3229 1941 (hactenus
3258 1873 3460 1943 quippe

1880 1966 2082 2020 latebat
2112 1966 2336 2021 barbam
2360 1966 2688 2035 occultans),
2722 1983 2845 2020 cum
2879 1968 2968 2023 ille
2998 1966 3291 2022 confestim
3318 1965 3462 2021 exsi—

1879 2059 2040 2124 liens,
2072 2060 2237 2130 664
2263 2060 2467 2113 emisso
2496 2059 2704 2113 ventris
2728 2059 2964 2129 crepitu,
2991 2060 3265 2128 verbaque
3304 2058 3463 2113 inho-

1878 2162 2034 2205 nesta
2053 2152 2340 2221 adjiciens.
2362 2152 2464 2205 ait:
2495 2150 2621 2211 Nos.
2649 2152 2884 2215 domina,
2908 2153 3046 2221 quod
3076 2152 3346 2215 habemus,
3371 2152 3464 2205 hoc

1881 2243 2221 2310 pra’bemus;
2268 2250 2552 2312 totumque
2598 2240 2791 2297 ftetore
2838 2244 3151 2297 cubiculum
3195 2242 3462 2312 implevit.

1880 2338 1950 2390 At
1985 2336 2098 2398 illa,
2120 2336 2268 2405 quod
2300 2336 2547 2390 futurum
2570 2348 2690 2393 erat
2716 2337 3032 2401 vaticinata,
3059 2352 3086 2391 a
3116 2336 3303 2402 divina
3333 2351 3464 2407 pro-

1880 2430 2121 2484 videntia
2158 2445 2434 2498 manuque
2467 2441 2789 2485 extraneum
2815 2431 2931 2485 fore
2960 2430 3355 2501 pronuntiavit.

1950 2522 2042 2575 2|.
2092 2522 2287 2577 Adhuc
2338 2523 2631 2578 Theodora
2684 2538 2869 2577 rerum
2927 2522 3194 2593 potiente,
3242 2523 3467 2593 Bogaris

1885 2611 2243 2680 Bulgarorum
2266 2612 2397 2673 dux.
2419 2614 2708 2668 mulierem
2728 2613 2959 2668 audiens
2980 2613 3200 2683 imperii
3230 2611 3466 2668 Romani

1882 2701 2094 2756 clavum
2126 2712 2333 2764 tenere.
2353 2706 2565 2761 nuntiis
2592 2705 2657 2759 ad
2684 2721 2803 2759 eam
2834 2706 3019 2761 missis
3041 2705 3352 2770 denuntiat,
3372 2721 3469 2774 pa-

1882 2794 1963 2847 cis
2000 2804 2163 2863 rupto
2193 2796 2416 2856 fmdere.
2446 2798 2618 2851 aciem
2651 2814 2709 2853 se
2735 2797 3000 2852 adversus
3032 2798 3310 2853 Romanos
3330 2798 3467 2853 edu-
3528 2794 3548 2817 ⁷

1884 2897 2122 2942 cturum.
2153 2888 2253 2943 Cui
2286 2890 2397 2955 illa,
2424 2890 2663 2956 Noveris,
2700 2890 2899 2960 inquit,
2938 2906 3019 2943 me
3065 2906 3269 2961 quoque
3306 2890 3468 2959 ,ἤπειξε

1886 2981 2045 3049 copiis
2092 2983 2315 3037 vicissim
2354 2986 2687 3049 educturum,
2728 2984 2941 3054 fereque
2984 3000 3261 3053 speramus
3293 2991 3348 3036 ut
3392 2984 3470 3036 tui

1886 3076 2156 3143 patiamur
2184 3092 2202 3128 :
2247 3078 2331 3129 sin
2380 3077 2574 3138 minus,
2620 3078 2694 3129 sic
2725 3092 2929 3145 quoque
2963 3077 3039 3129 tui
3082 3078 3276 3145 potiar,
3325 3074 3470 3128 clare

1888 3168 2015 3219 mihi
2065 3176 2336 3221 constante
2381 3170 2619 3232 victoria,
2649 3168 2788 3237 quod
2842 3167 3138 3231 mulierem,
3186 3183 3289 3220 non
3330 3178 3470 3221 certe

1886 3261 2058 3313 virum
2102 3262 2194 3314 abs
2228 3270 2277 3314 te
2300 3264 2492 3315 victum
2520 3262 2794 3314 habiturus
2822 3260 2914 3314 sis.
2947 3261 3026 3313 Eo
3066 3275 3329 3330 responso
3361 3261 3469 3314 mi-

1886 3353 1994 3406 tior
2023 3354 2297 3409 barbarus
2337 3354 2571 3409 effectus
2614 3368 2803 3423 pacem
2836 3352 3027 3417 coluit,
3060 3367 3125 3407 ac
3153 3353 3470 3408 dilectionis

1885 3444 2092 3499 foedera
2130 3448 2436 3500 renovavit.

1954 3536 2045 3590 9.2.
2078 3537 2396 3606 lnquirente
2440 3538 2731 3592 Theodora
2781 3538 2847 3593 de
2877 3537 3149 3592 monacho
3176 3535 3470 3592 Theodoro

1883 3629 2162 3700 Cnphara,
2192 3632 2285 3686 diu
2309 3640 2434 3686 ante
2467 3630 2520 3684 in
2548 3632 2920 3702 captivitatem
2950 3629 3211 3695 abducto,
3244 3630 3470 3699 Bogaris

1885 3736 2105 3790 quoque
2154 3729 2373 3790 arrepta
2422 3721 2709 3775 occasione
2768 3720 2839 3775 de
2872 3735 3062 3775 sorore
3092 3735 3189 3774 sua
3240 3719 3469 3789 perinde

1885 3810 2100 3879 captiva
2148 3811 2315 3880 inque
2356 3810 2707 3880 imperatoris
2740 3811 2865 3865 aula
2906 3810 3131 3865 detenta
3172 3810 3465 3881 significat.

1887 3901 2166 3957 Didicerat
2223 3902 2341 3957 haec
2386 3902 2576 3956 literas
2621 3918 2684 3957 ae
2729 3901 3168 3956 Christianorum
3215 3900 3466 3956 ordinem

1885 4008 2122 4064 ergaque
2155 3996 2327 4049 Deum
2361 3995 2774 4049 venerationem
2802 4010 2865 4049 ac
2895 3993 3075 4048 ﬁdem.
3106 3992 3272 4048 Nacta
3303 3993 3470 4061 igitur

1890 4092 1951 4138 ut
1977 4085 2046 4139 ad
2076 4084 2298 4141 fratrem
2328 4094 2723 4150 reverteretur,
2744 4087 2954 4141 nullum
2982 4086 3034 4141 ei
3064 4085 3350 4141 laudanda:
3388 4088 3467 4141 rei

1889 4179 2210 4237 Christianae
2253 4180 2416 4235 finem
2464 4179 2721 4243 faciebat,
2762 4195 2825 4234 ac
2859 4178 3086 4233 fratrem
3118 4177 3375 4233 hortandi
3412 4188 3470 4232 ut

1888 4278 1955 4333 ad
1974 4290 2159 4331 veram
2190 4274 2351 4328 fidem
2385 4273 2630 4327 animum
2676 4271 3017 4327 transferret.
3039 4270 3362 4341 Quanquam
3401 4271 3465 4335 is,

1888 4388 1995 4443 qua
2026 4368 2311 4425 laborabat
2341 4366 2745 4430 incredulitate,
2786 4364 2853 4419 ad
2884 4364 3172 4418 veritatem
3207 4364 3472 4418 hactenus

1889 4463 2081 4518 oculos
2106 4460 2320 4530 aperire
2352 4458 2549 4512 noluit.
2588 4458 2791 4513 Verum
2825 4455 2987 4528 665
3022 4455 3163 4510 fame
3189 4457 3470 4526 regionem

198 4541 387 4645 χώραν
429 4546 841 4645 Αὲπινεμομένου
875 4557 1195 4634 ἠναγκάσθη
1226 4564 1296 4620 τὰ
1341 4541 1628 4641 Ῥωμαίων
1659 4541 1781 4645 δρία

1892 4569 2112 4610 omnem
2142 4553 2250 4606 late
2280 4550 2601 4604 devastante
2623 4590 2635 4613 ,
2671 4563 2893 4603 necesse
2932 4546 3129 4601 habuit
3163 4546 3469 4617 transgredi

199 4637 572 4708 ὑπερϐαίνειν.

528 4734 579 4831 γ’
610 4737 774 4793 αὐτοῦ
800 4741 909 4797 ἔτει
945 4747 1308 4816 προϐάλλεται
1360 4756 1580 4830 Μιχαὴλ
1618 4761 1645 4812 ὁ
1682 4760 1781 4831 βας

198 4821 702 4921 σὶλεὺςᾎντίγονον
729 4833 818 4886 τὸν
841 4836 957 4889 υίὸν
977 4837 1158 4910 Βάρδα
1182 4843 1310 4913 δομέ
1320 4821 1500 4899 στικον
1525 4821 1632 4901 τῶν
1658 4821 1781 4921 σχο-

198 4911 336 4965 λῶν·
370 4916 465 4969 τὸν
498 4918 555 4971 δὲ
581 4918 771 4993 ἕτερον
798 4926 913 4980 υἱὸν
941 4929 1130 4993 αὐτοῦ,
1158 4932 1279 4997 δοὺς
1314 4942 1567 5003 γυναῖκα,
1604 4911 1777 5014 είςιῖῆν

198 5008 291 5059 καὶ
325 5006 671 5080 ἐλοιδορεῖτο,
698 5018 1060 5086 προϐάλλεται
1088 5030 1529 5099 μονοστρατηγον
1553 5033 1658 5087 τῶν
1684 5006 1781 5087 Δυ-

196 5099 385 5196 τικῶν.
421 5102 713 5175 Συντὸμως
740 5109 797 5163 δὲ
823 5112 989 5167 αὑτοῦ
1018 5117 1466 5189 τελευτήσαντος,
1507 5129 1572 5196 τῇ
1604 5125 1644 5178 δ’
1673 5128 1783 5182 τῶν

196 5188 639 5286 διακαινισίμων,
669 5203 1035 5273 προϐάλλεται
1063 5211 1281 5284 Μιχαὴλ
1321 5188 1646 5286 Βάρδαντὸν
1688 5221 1783 5274 αὑ-

196 5284 297 5336 τοῦ
318 5285 513 5359 [θεῖον]
547 5289 824 5349 Καίσαοα.

386 5467 518 5542 440]
544 5470 640 5527 κδ’.
676 5474 865 5548 Τούτῳ
883 5478 959 5551 τῷ
980 5480 1090 5536 ἔτει
1112 5483 1336 5554 ἐξῆλθεν
1379 5488 1557 5558 Ἀμερ
1590 5490 1784 5559 μέχρις

198 5556 472 5627 Σινώπης,
512 5562 605 5614 καὶ
657 5562 984 5639 ληϊσάμενος
1037 5575 1212 5630 πάντα
1240 5577 1306 5631 τὰ
1353 5556 1784 5649 Ῥωήμαίῶνήίέπ-

202 5649 465 5721 ἔστρεψεν
493 5651 759 5727 ἀϐλαϐής.

1891 4651 2264 4705 Romanorum
2290 4644 2445 4697 ﬁnes.

1958 4740 2050 4795 25.
2102 4739 2233 4809 Ejus
2266 4736 2482 4805 imperii
2527 4750 2673 4788 anno
2711 4733 2874 4788 tertio
2909 4732 3141 4787 Michael
3174 4731 3474 4800 imperator

1888 4836 2220 4906 Antigonum
2264 4830 2453 4884 Bardae
2517 4828 2688 4882 tilium
2738 4828 3053 4882 scholarum
3105 4825 3471 4880 domesticum

1883 4928 2115 5001 praeﬁcit
2148 4946 2161 4989 ς
2215 4924 2560 4991 alterumque
2586 4922 2707 4991 ejus
2737 4920 2932 4985 ﬁlium,
2972 4919 3149 4973 locata
3179 4917 3230 4972 ei
3280 4931 3470 4977 uxore,

1881 5036 2118 5095 quacum
2169 5019 2245 5072 illi
2274 5016 2450 5086 turpis
2475 5015 2553 5069 rei
2586 5012 2826 5083 suspicio
2845 5025 2991 5075 erat,
3019 5024 3340 5079 supremum
3364 5006 3471 5060 du-

1881 5132 1999 5173 cem
2030 5110 2465 5169 Occidentalium
2502 5118 2807 5162 turmarum
2842 5104 3151 5158 constituit.
3203 5101 3322 5166 Quo
3358 5099 3473 5154 illic

1882 5210 2036 5266 hrevi
2080 5207 2372 5269 exstincto,
2408 5196 2767 5257 hebdofnada:
2819 5198 3039 5252 Pascha:
3070 5206 3263 5265 quarta
3310 5192 3469 5253 feria.

1883 5302 2112 5358 Michael
2156 5297 2387 5353 Bardam
2427 5296 2761 5350 avunculum
2804 5292 3037 5347 Caesaris
3080 5289 3269 5343 infulis
3308 5301 3472 5341 orna-

1890 5394 1990 5447 vit.

1958 5486 2047 5539 ‘24.
2087 5484 2201 5538 lloc
2234 5498 2377 5535 anno
2407 5478 2577 5534 exivit
2603 5478 2767 5532 Amer
2792 5489 2965 5545 usque
2992 5473 3269 5542 Sinopem,
3297 5469 3475 5523 omni-

1891 5593 1997 5649 que
2050 5577 2159 5630 late
2217 5582 2423 5628 vastata
2474 5570 2736 5642 regione,
2788 5568 2941 5622 nullo
2985 5573 3209 5633 accepto
3248 5563 3471 5625 damno.

1892 5683 2149 5725 reversus
2179 5675 2280 5722 εει.

1492 5762 1727 5821 VARIin
1761 5760 2166 5819 LECTlONlis.

273 5834 317 5869 ’⁵³
349 5837 449 5907 τῆς
492 5837 773 5910 βασιλείας
804 5842 862 5899 Ρ.
