4174 6442
750 373 862 441 727

1986 377 2369 440 SYMEONIS
2405 379 2777 441 MAGISTIU

3905 373 4012 436 798

813 487 905 541 25.
942 486 1072 558 Ejus
1106 483 1320 556 imperii
1351 499 1497 541 anno
1531 494 1730 557 quarto
1760 483 1992 543 Michael
2031 487 2332 559 imperator

2503 486 2601 543 κε’.
2635 487 2727 561 Τῷ
2756 487 2798 544 δ’
2827 487 2993 543 αὐτοῦ
3047 488 3158 543 ιτει
3212 486 3566 560 ικστρατιύει
3615 484 3839 556 Μιχαὴλ
3904 485 4018 554 ἅμα

744 590 869 631 cum
899 574 1113 631 Caesare
1146 582 1292 631 terra
1321 575 1572 647 marique
1603 575 1873 632 adversus
1899 575 2173 634 Goborem
2199 577 2334 634 Bul-

744 679 1004 737 garorum
1033 664 1339 736 principem
1366 666 1554 737 c0pias
1576 666 1780 723 educit.
1811 667 2028 740 Bulgari
2064 678 2334 740 apparatu

744 756 955 822 audito,
985 771 1052 812 ac
1081 770 1206 812 cum
1233 756 1369 813 alias
1402 758 1544 814 fame
1571 759 1997 826 conﬁcerentur,
2020 763 2175 832 quasi
2205 764 2335 818 tacti

742 865 774 904 e
802 849 944 904 eceio
969 849 1397 919 obrigescentes,
1424 850 1686 921 omnique
1712 851 1925 925 abjecta
1958 853 2207 909 victoria:
2241 869 2337 924 spe

743 950 870 996 ante
903 941 1070 997 etiam
1104 957 1308 1012 agones
1339 957 1404 998 ac
1447 945 1662 1013 praelia,
1708 961 1911 1000 nomen
1940 945 2163 1001 Christo
2205 945 2337 1000 dare

745 1034 1054 1104 deposcunt
1085 1051 1150 1090 ac
1174 1036 1424 1090 Romano
1462 1036 1688 1091 subesse
1730 1036 2074 1106 imperatori.
2104 1037 2337 1092 Michael

745 1141 880 1182 vero
932 1127 992 1182 in
1039 1127 1539 1190 urbeminductos
1596 1129 1824 1184 salutari
1871 1145 2066 1185 omnes
2116 1130 2338 1185 lavacro

746 1216 999 1282 donavit,
1017 1229 1323 1288 eorumque
1339 1217 1642 1288 principem
1656 1235 1721 1273 ex
1734 1234 1835 1274 suo
1852 1219 2076 1274 nomine
2101 1221 2338 1276 Michae-

745 1310 854 1365 lem
887 1309 1204 1380 appellavit.
1244 1311 1340 1365 llle
1375 1310 1442 1364 ad
1483 1325 1611 1366 suos
1654 1327 1912 1367 reversus
1946 1311 2210 1368 Methodii
2255 1313 2339 1384 pi-

750 1402 926 1456 ctoris
958 1418 1123 1456 manu
1150 1418 1214 1456 ac
1231 1403 1489 1472 penicillo
1511 1403 1784 1473 judicium
1800 1404 2153 1473 futuramque
2180 1404 2341 1459 retri-

748 1494 1034 1550 butionem
1063 1494 1122 1548 in
1149 1493 1267 1549 suis
1288 1495 1502 1548 aedibus
1529 1494 1750 1565 depingi
1779 1495 2015 1549 curavit.
2056 1494 2336 1561 Quamob-

752 1598 874 1641 rem
926 1586 1102 1642 etiam
1149 1603 1343 1642 omnes
1408 1588 1528 1657 ejus
1575 1587 1868 1656 populares
1900 1588 2073 1658 magis
2113 1589 2168 1642 in
2211 1604 2338 1644 eum

753 1679 972 1734 accensi
1022 1681 1470 1744 tumultuantur;
1535 1682 1592 1734 in
1645 1695 1785 1749 quos
1839 1681 1929 1736 ille
1979 1697 2104 1735 cum
2149 1683 2340 1752 paucis

749 1777 1006 1825 conserta
1057 1786 1259 1841 pugna,
1303 1771 1481 1826 victor
1532 1769 1845 1842 divinaque
1895 1773 2076 1828 crucis
2133 1774 2336 1828 collare

749 1864 966 1933 signum
1008 1865 1127 1933 (seu
1160 1865 1456 1933 pectorale)
1494 1865 1929 1928 circumferens,
1954 1865 2122 1937 666
2146 1882 2336 1921 omnes

749 1957 927 2025 palam
949 1955 1294 2011 Christianos
1323 1955 1475 2010 fecit.
1503 1958 1822 2028 Imperatori
1855 1974 2074 2029 quoque
2106 1959 2174 2014 de
2203 1975 2335 2030 agro

751 2047 1046 2118 signiﬁcat,
1067 2063 1264 2117 nempe
1293 2049 1458 2102 artari
1482 2049 1597 2104 suis
1622 2050 1824 2105 ﬁnibus
1846 2050 2148 2122 subjectam
2175 2061 2337 2108 tanta:

750 2139 1128 2194 multitudinis
1183 2140 1436 2209 plebem,
1497 2151 1864 2210 praeterquam
1920 2145 2068 2214 quod
2134 2144 2338 2200 animis

751 2229 1116 2286 constitutum
1145 2231 1218 2285 sit
1241 2231 1489 2301 ejusdem
1518 2231 1642 2286 ﬁdei
1673 2249 1896 2290 sensum
1925 2215 1978 2288 in
2011 2245 2338 2305 perpetuum

752 2333 948 2381 tenere
967 2339 1032 2380 ac
1063 2324 1311 2379 caritatis
1336 2324 1574 2379 insoluta
1595 2325 1811 2380 vincula
1832 2326 1885 2379 in
1920 2335 2186 2381 aeternum
2222 2343 2338 2381 ser-

755 2430 904 2469 vare.
949 2415 1159 2471 Annuit
1190 2415 1405 2485 placide
1448 2415 1782 2486 imperator,
1816 2434 1878 2472 ac
1909 2425 2041 2473 tunc
2073 2421 2341 2489 temporis

751 2507 1015 2562 incultam
1049 2509 1333 2578 regionem
1365 2523 1393 2562 a
1429 2507 1623 2563 Sidera
1654 2513 1671 2578 (
1705 2509 1758 2563 id
1790 2519 1874 2564 est
1907 2512 2104 2566 Ferrea
2133 2513 2173 2580 ),
2219 2529 2341 2582 qua:

2365 1832 2413 1890 B

2437 580 2679 651 Καίσαρι
2710 580 2798 636 διά
2827 595 2888 634 τε
2923 581 3026 650 γῆς
3056 580 3152 635 καὶ
3181 579 3457 650 Θαλάσσης
3489 577 3627 633 κατὰ
3660 576 3870 644 Γόδορι·
3917 577 4008 643 ἂρ·

2439 690 2587 744 χοντι
2615 671 2960 743 Βουλγάρων.
2987 671 3158 726 Τοῦτο
3202 671 3468 742 μαθόντες
3502 670 3552 724 oi
3614 667 3920 739 Βούλγαροι
3953 667 3998 697 ιδ

2437 764 2557 834 ἅμα
2584 763 2641 817 δὲ
2682 765 2778 817 καὶ
2809 763 2957 835 λιμῷ
2983 765 3296 836 τηκόμενοι,
3348 764 3424 827 ὡς
3451 765 3569 834 ἤχῳ
3627 759 3862 832 βροντῆς
3915 758 4020 810 ὐπ-

2438 854 2732 923 εκλίθησαν
2760 857 2856 908 καὶ
2892 856 2998 927 πρὸ
3024 856 3134 908 τῶν
3193 855 3419 924 ἀγώνων
3445 854 3544 907 καὶ
3557 853 3656 922 τῆς
3685 853 3866 922 μάχης
3896 850 4024 918 περὶ

2436 950 2536 1016 τὴν
2567 947 2728 1015 νίκην
2758 948 3131 1015 κατέγνωσαν,
3185 945 3502 1018 Χριστιανοί
3532 961 3593 998 τε
3627 943 3884 1013 γενέσθαι
3930 944 4025 994 καὶ

2440 1039 2842 1094 ὑποτάσσεσθαι
2867 1039 2947 1109 τῷ
2975 1039 3188 1110 βασιλεῖ
3232 1038 3520 1110 Ῥωμαίων
3544 1038 3837 1109 ᾐτήσαντο.
3878 1035 3939 1089 '0
3969 1035 4023 1087 δὲ

2443 1131 2698 1201 βασιλεὺς
2719 1131 2940 1195 τούτους
2966 1134 3022 1186 ὲν
3047 1136 3113 1204 τῇ
3140 1132 3291 1185 πόλει
3313 1129 3536 1199 ἀγαγὼν
3562 1129 3861 1183 ἐϐάπτισεν
3887 1127 4026 1182 πάν-

2439 1239 2540 1286 τας
2563 1224 2658 1276 καὶ
2685 1223 2778 1276 τὸν
2807 1224 3043 1294 ἄρχοντα
3076 1224 3255 1277 αὐτῶν
3273 1223 3493 1294 Μιχαὴλ
3518 1221 3893 1291 ἐπωνόμασεν.
3931 1222 4027 1281 Ὃς

2441 1318 2521 1379 είς
2548 1315 2607 1369 τὸ
2657 1317 2787 1369 ἴδιον
2814 1317 3160 1388 ὑποστρέψας
3193 1318 3282 1370 διά
3313 1316 3608 1387 ζωγράφου
3642 1314 3908 1369 Μεθοδίου
3941 1312 4029 1364 λε-

2440 1409 2673 1478 γομένου
2702 1409 2801 1478 τὴν
2833 1409 3013 1478 κρίσιν
3047 1409 3140 1462 καὶ
3166 1409 3523 1463 άνταπόΞοσιν
3555 1410 3613 1461 ὲν
3639 1409 3716 1476 τῷ
3745 1407 3884 1475 οἴκῳ
3928 1405 4027 1458 αύ-

2439 1500 2534 1552 τοῧ
2595 1500 2879 1570 γραφῆναι
2931 1500 3271 1570 πεποίηκεν·
3302 1501 3382 1553 διὸ
3433 1501 3528 1553 καὶ
3584 1499 3918 1569 μᾶλλονρτὴν
3970 1498 4032 1549 ἐκ

2442 1588 2642 1652 παντὸς
2668 1588 2763 1643 τοῦ
2783 1589 2979 1657 γένους
3011 1590 3176 1644 αὑτοῦ
3207 1591 3606 1659 καθυφίσταται
3632 1590 4029 1644 ἐπανάστασιν.

2440 1678 2534 1741 οὓς
2581 1681 2720 1748 μετά
2777 1698 2939 1734 τινων
3000 1681 3197 1750 ὀλίγων
3252 1681 3732 1751 καταπολεμήσας,
3797 1679 3890 1731 τὸν
3936 1677 4032 1730 τοῦ

2442 1770 2590 1824 θείου
2627 1772 2864 1845 σταυροῦ
2928 1774 3099 1827 τύπον
3129 1774 3420 1843 ὲγκόλπιον
3470 1773 3772 1844 περιάγων,
3822 1771 4034 1830 πάντας

2442 1864 2745 1934 ἀναφανδὸν
2779 1867 3006 1936 ἐποίησε
3038 1867 3420 1938 Χριστιανούς.
3447 1866 3610 1938 Δηλοῖ
3638 1867 3731 1919 καὶ
3763 1862 3843 1932 τῷ
3881 1863 4039 1930 βασι-

2442 1953 2527 2009 λεῖ
2557 1959 2683 2028 περὶ
2722 1961 2825 2029 γῆς
2856 1959 2944 2012 διὰ
2969 1961 3030 2012 τὸ
3064 1959 3386 2014 στενοῦσθαι
3414 1960 3472 2012 ὲν
3497 1961 3609 2022 τοῖς
3637 1958 3788 2020 ίδίοις
3817 1957 3881 2008 τὸ
3909 1957 4039 2008 ἐαυ-

2442 2049 2562 2112 τοῦ,
2595 2050 2732 2119 πρὸς
2761 2051 2839 2120 τῷ
2871 2051 2965 2105 καὶ
2999 2053 3058 2105 ὲν
3109 2055 3177 2122 τῇ
3218 2052 3403 2105 πίστει
3431 2052 3678 2121 ὁμονοεῖν
3709 2049 3899 2111 άῐδίως
3943 2050 4038 2099 καὶ

2443 2141 2545 2213 τὴν
2575 2142 2799 2213 ἀγάπην
2826 2145 3019 2198 ἄλυτον
3048 2146 3130 2208 είς
3165 2144 3368 2208 αἰῶνας
3393 2143 3705 2214 φυλάττειν.
3749 2141 3808 2192 ὐ
3843 2141 3901 2193 δὲ
3945 2139 4037 2191 s6-

2452 2235 2630 2305 μενῶς
2655 2238 2877 2307 ἢκουσε,
2909 2239 3004 2290 καὶ
3031 2238 3265 2291 δέδωκεν
3288 2238 3386 2308 ἱρή
3397 2253 3505 2306 μην
3533 2230 3702 2290 οὖσαν
3727 2231 4038 2304 τηνικαῦτα

2449 2333 2547 2401 τὴν
2572 2334 2681 2387 ἀπὸ
2702 2335 2802 2404 τῆς
2834 2336 3089 2405 Σιδηρᾶς,
3140 2334 3346 2404 ταύτης
3380 2332 3446 2404 δὴ
3477 2332 3598 2386 τότε
3654 2331 3800 2400 ὀριον
3829 2345 4040 2395 τυγχα-

2449 2424 2646 2495 νούσης
2684 2427 2974 2496 Ῥωμαίων
3001 2444 3060 2480 τε
3093 2428 3188 2482 καὶ
3217 2427 3418 2488 αὐτῶν,
3465 2423 3596 2496 ἄχρι
3623 2425 3722 2495 τῆς
3751 2421 4042 2480 Δεσελτδν,

2447 2520 2570 2588 ἥτις
2603 2518 2747 2572 οὕτω
2773 2520 3020 2573 καλεῖται
3049 2521 3290 2589 Ζαγόρια
3317 2517 3451 2586 παρ’
3479 2517 3681 2579 αὐτοῖς.

752 2610 889 2656 tunc
935 2601 1196 2655 Romana:
1245 2617 1311 2656 ac
1345 2601 1706 2670 Bulgarorum
1737 2602 1966 2657 ditionis
2011 2603 2172 2657 limes
2199 2614 2339 2665 erat,
2383 2606 2449 2659 ad
2488 2608 2771 2663 Debeltum
2807 2625 2975 2679 usque
3003 2609 3317 2679 (vernacula
3346 2608 3531 2677 lingua
3597 2605 3864 2676 Zagoram
3937 2603 4046 2657 illis

751 2697 1151 2768 nuncupatam)
1181 2710 1439 2768 agrorum
1476 2705 1686 2766 partem
1721 2699 1804 2752 eis
1841 2698 2058 2754 tribuit.

823 2789 916 2844 26.
949 2789 1231 2844 Michaelis
1256 2789 1474 2859 imperii
1502 2805 1648 2844 anno
1676 2791 1891 2860 quinto,
1928 2793 2128 2846 Amere
2160 2793 2347 2860 copias

757 2895 952 2936 rursus
1003 2880 1270 2936 adversus
1319 2882 1597 2937 Romanos
1639 2881 1934 2946 educente,
1981 2884 2250 2939 Petronas
2293 2894 2349 2937 et

757 2975 934 3030 Nazar
966 2974 1139 3030 duces
1172 2976 1225 3030 in
1263 2977 1383 3046 ejus
1413 2991 1706 3031 occursum
1743 2977 1811 3031 ad
1843 2977 2205 3032 Lalacaonem
2255 2994 2349 3032 ve-

759 3085 914 3124 nere.
955 3068 1181 3124 Collatis
1225 3068 1396 3140 signis
1441 3070 1610 3123 Amer
1657 3069 1712 3123 in
1766 3069 1949 3141 fugam
1999 3087 2191 3126 versus
2241 3081 2344 3134 est,

2525 2800 2636 2856 κς’.
2667 2793 2757 2862 Τῷ
2784 2791 2824 2844 ε’
2857 2789 3023 2845 αὐτοῦ
3057 2790 3167 2845 ἔτει
3196 2789 3291 2844 τοῦ
3327 2790 3508 2857 Ἀμερ
3559 2786 3722 2839 πάλιν
3768 2784 3865 2836 ἐπὶ
3905 2782 4048 2836 Ῥωο

2458 2888 2654 2956 μανίαν
2692 2885 3004 2950 ἐξελθόντος
3043 2882 3344 2937 συναντῶσι
3372 2881 3666 2949 Πετρωνᾶς
3714 2878 3810 2931 καὶ
3845 2879 4045 2945 Νάσαρ

2452 2983 2503 3036 οἱ
2523 2981 2822 3053 στρατηγοὶ
2850 2982 2931 3042 εἰς
2958 2979 3050 3032 τὸν
3072 2977 3434 3032 Λαλακαῶνα.
3459 2975 3568 3028 Καὶ
3587 2973 3865 3042 συμϐολῆς
3893 2990 4054 3040 γενο-

2455 3068 2624 3138 μένης
2651 3068 2913 3138 τρέπεται
2943 3068 2971 3120 6
3000 3067 3066 3117 ’Δ
3077 3083 3139 3136 με
3151 3083 3202 3136 ρ,
3237 3066 3330 3118 καὶ
3357 3063 3457 3136 τὴν
3486 3061 3729 3132 κεφαλὴν
3757 3061 3928 3114 αὐτοῦ
3957 3061 4049 3113 καὶ

759 3161 879 3229 ejus
915 3169 1198 3214 exsectum
1246 3170 1413 3230 caput
1457 3161 1802 3232 aliorumque
1849 3163 2088 3231 plurium
2135 3163 2345 3217 victore

2452 3160 2628 3215 ἄλλων
2656 3158 2866 3212 πολλῶν
2897 3160 2946 3210 οἱ
2983 3158 3277 3227 στρατηγοὶ
3299 3157 3378 3218 είς
3402 3155 3502 3225 τὴν
3524 3154 3679 3207 πόλιν
3705 3153 4048 3220 είσάγουσιν.

760 3252 1009 3305 exercitu
1051 3266 1115 3306 ac
1159 3251 1364 3306 ducum
1427 3253 1710 3322 triumpho
1762 3254 1817 3307 in
1863 3254 2054 3308 urbem
2110 3253 2345 3309 illatum.

763 3343 904 3398 Hinc
949 3359 1143 3415 magna
1181 3361 1279 3414 per
1325 3344 1604 3400 Orientem
1650 3347 1792 3401 facta
1842 3347 2234 3417 tranquillitas.
2271 3349 2348 3402 Ac

763 3433 991 3504 quidem
1022 3435 1113 3489 alii
1148 3436 1364 3491 labores
1396 3437 1760 3501 desudabant,
1808 3439 2212 3508 adversamque
2251 3439 2350 3495 bo-

764 3538 877 3583 stes
904 3529 1166 3600 prreclara
1191 3529 1320 3583 belli
1345 3529 1587 3584 facinora
1611 3529 1975 3599 designabant
2000 3549 2012 3584 :
2047 3530 2347 3598 imperato-

765 3619 845 3673 ris
888 3634 1020 3674 vero
1049 3619 1103 3673 in
1134 3619 1394 3674 Basilium
1427 3619 1637 3674 effusus
1683 3637 1839 3675 amor
1888 3632 2042 3685 erat,
2091 3624 2351 3693 huncque

767 3727 939 3768 unum
970 3711 1053 3768 sui
1081 3711 1426 3782 potissimum
1462 3712 1732 3768 cultorem
1760 3714 2129 3770 existimabat.

835 3807 926 3861 27.
959 3807 1093 3878 Ejus
1151 3805 1368 3876 imperii
1423 3821 1570 3860 anno
1615 3815 1769 3860 sexto
1825 3807 2063 3861 auliﬂcat
2123 3809 2349 3864 Michael

764 3898 968 3970 equile,
1037 3897 1406 3966 marmoribus
1453 3911 1748 3962 exornans,
1784 3900 2076 3970 omnisque
2137 3903 2354 3972 generis

767 4002 1034 4058 aquarum
1088 3985 1338 4057 irriguo,
1385 3987 1696 4059 jucundum
1758 3988 1893 4042 illud
1947 3998 2112 4059 atque
2162 3991 2354 4046 usibus

767 4078 1117 4135 commodum
1179 4062 1467 4149 praestans.
1533 4079 1802 4134 Absoluto
1861 4082 2063 4150 equilis
2121 4081 2354 4137 aedilicio

767 4173 932 4228 Petro
982 4169 1201 4226 cuidam
1254 4170 1521 4232 ostendit,
1577 4170 1699 4224 viro
1750 4173 1932 4241 sagaci
1994 4187 2057 4225 ac
2109 4173 2356 4228 dicteriis

768 4275 991 4320 assueto
1020 4265 1190 4322 (hunc
1223 4263 1617 4333 πτωχομάχην,
1653 4280 1718 4318 ac
1754 4264 1799 4318 si
1833 4265 1984 4319 dicas
2013 4267 2356 4334 paupertatis

768 4355 1045 4411 vindicem
1072 4370 1166 4409 seu
1209 4370 1512 4424 pauperum
1556 4354 1928 4419 defensorem,
1959 4356 2261 4425 dicebant),
2289 4373 2353 4411 ex

767 4462 836 4501 eo
865 4445 1082 4499 laudem
1104 4454 1329 4513 captans
1352 4461 1367 4510 ;
1398 4445 1584 4514 aitque
1609 4446 1730 4514 ejus
1753 4447 1938 4514 operis
1956 4463 2185 4502 munere
2208 4462 2356 4502 sem-

2467 3253 2560 3304 Ἐκ
2584 3250 2773 3304 τούτου
2807 3251 3019 3318 γίνεται
3049 3249 3259 3318 γαλήνη
3298 3247 3508 3317 μεγάλη
3541 3247 3598 3298 ὲν
3637 3247 3702 3315 τῇ
3759 3243 4050 3312 Ἀνατολῇ.

2452 3345 2562 3397 Καὶ
2588 3344 2766 3397 ἄλλων
2801 3344 2898 3412 μὲν
2930 3344 2980 3395 οἱ
3015 3343 3166 3394 πόνοι
3193 3340 3288 3393 καὶ
3318 3340 3385 3392 τὰ
3414 3340 3523 3392 τῶν
3567 3339 3822 3408 πολέμων
3853 3337 4052 3404 ἀνδρα-

2450 3435 2746 3506 γαθήματα
2768 3452 2781 3467 ·
2816 3437 2849 3505 ἡ
2876 3434 2933 3486 δὲ
2966 3433 3060 3487 τοῦ
3110 3433 3376 3501 βασιλέως
3416 3430 3604 3500 ἀγάπη
3642 3429 3780 3499 πρὸς
3803 3428 3899 3480 τὸν
3941 3429 4052 3480 Ba-

2455 3529 2650 3582 σίλειον
2680 3528 2994 3597 ἐξεκέχυτο,
3029 3527 3124 3580 καὶ
3161 3525 3350 3579 τοῦτον
3387 3524 3546 3594 μόνον
3600 3522 3854 3592 ἐνόμιζεν
3911 3518 4052 3574 εἶναι

2451 3621 2543 3674 τὸν
2583 3621 2956 3691 θεραπεύοντα
2991 3621 3174 3673 αὐτόν.

2528 3800 2629 3866 κζ’.
2665 3802 2756 3872 Τῷ
2788 3799 2841 3866 ς’
2873 3799 3038 3854 αὑτοῦ
3071 3798 3179 3852 ἔτει
3238 3799 3412 3864 κτίζει
3445 3797 3676 3852 στάσλον
3703 3795 3816 3846 τῶν
3869 3795 4055 3846 ἵππων

2454 3893 2643 3957 αὐτοῦ,
2673 3893 2960 3960 κοσμήσας
2994 3890 3154 3943 αὐτὸν
3184 3889 3498 3959 μαρμάροις
3527 3888 3619 3940 καὶ
3651 3887 3867 3940 ὑδάτων
3899 3887 4055 3953 ἐπερ-

2457 3990 2606 4058 ῤοῖς
2649 3984 3115 4052 παντοιοτρόπως.
3179 3981 3542 4043 Τελεσθέντος
3586 3979 3642 4032 δὲ
3703 3978 4055 4032 ύποδεικνύει

2455 4079 2550 4148 τὴν
2582 4077 2774 4143 ἄλογον
2801 4075 3151 4142 κατασκευὴν
3180 4073 3274 4126 τοῦ
3310 4073 3492 4135 οἴκου,
3537 4070 3869 4141 βουλόμενος
3894 4072 4055 4121 Erue-

2457 4173 2698 4238 νεθῆναι,
2732 4168 2924 4238 Πέτρῳ
2955 4169 3060 4219 τινὶ
3102 4167 3268 4238 λογίῳ
3309 4167 3405 4220 καὶ
3433 4165 3728 4232 σκωπτικῷ
3779 4164 3963 4234 ἀνδρὶ,
4001 4163 4058 4213 ὃν

2455 4238 2552 4321 καί
2589 4266 2677 4337 ῙΡ.
2709 4262 2834 4335 HI]
2888 4261 3269 4332 Πτωχομάχην
3305 4261 3572 4322 ἐκάλουν,
3628 4258 3720 4310 καί
3759 4275 3953 4325 φησιν,
3983 4257 4059 4314 ὡς

2465 4379 2481 4408 ι
2507 4359 2616 4410 Ἀεὶ
2645 4352 3082 4426 μνημονεύεσθαι
3113 4351 3314 4418 ὀφείλω
3328 4350 3374 4382 ’⁵⁸
3393 4349 3482 4402 διὰ
3503 4349 3600 4418 τὴν
3628 4346 3722 4400 τοῦ
3743 4347 3913 4416 ἔργου
3939 4347 4060 4397 τού-

2457 4469 2550 4504 του
2577 4448 2944 4517 κατασκευήν.
2985 4465 3002 4496 ι
3040 4447 3147 4498 Καὶ
3181 4448 3208 4498 ὀ
3249 4445 3458 4512 Πέτρος
3489 4441 3568 4511 τῷ
3602 4441 3815 4511 βασιλεί
3852 4456 4053 4510 φησιν·

767 4539 1044 4608 piternum
1059 4536 1164 4591 sibi
1177 4537 1294 4591 fore
1306 4552 1506 4591 nomen
1523 4552 1587 4591 ac
1598 4538 1924 4592 claritatem.
1936 4538 2182 4609 667M
2196 4555 2345 4610 quea

2481 4540 2914 4605 Ἰουστινιανύς
2965 4539 3170 4591 ἔκτισε
3205 4537 3320 4603 τὴν
3367 4535 3661 4604 Μεγάλην
3715 4533 4063 4598 ἐκκλησίαν

772 4630 1009 4683 Petrus:
1047 4627 1385 4682 Justinianus
1451 4627 1716 4699 Augustus
1782 4629 2039 4701 Magnam
2084 4632 2357 4687 ecclesiam

768 4721 1070 4788 aediﬁcavit,
1105 4737 1239 4773 auro
1267 4733 1315 4774 et
1352 4730 1570 4791 argento
1599 4723 1946 4792 pretiosisque
2006 4726 2358 4781 marmoribus

771 4812 1056 4881 magniﬁce
1081 4829 1346 4866 exornans
1373 4827 1391 4875 ;
1427 4830 1517 4866 nec
1538 4813 1656 4883 ejus
1686 4831 1826 4867 nunc
1845 4823 2046 4884 perstat
2079 4817 2354 4870 memoria.

772 4906 815 4959 Τ
814 4923 847 4958 ιι
876 4922 1019 4970 vero,
1055 4923 1087 4960 ο
1110 4907 1422 4976 imperator,
1459 4906 1609 4960 clara
1644 4915 1694 4960 te
1719 4910 1978 4962 memoria
2012 4909 2154 4978 apud
2179 4917 2353 4978 poste-

773 5016 858 5052 ros
905 4997 1277 5053 celebrandum
1318 4999 1463 5052 ducis
1490 5040 1506 5063 ,
1565 5001 1705 5069 quod
1758 5000 1929 5054 locum
1969 5011 2262 5055 stercorum
2306 5012 2354 5054 et

773 5087 942 5159 equile
963 5090 1316 5142 construxeris
1348 5090 1369 5141 !
1417 5089 1786 5159 lratus‘ergo.
1825 5102 1884 5145 ut
1924 5092 2018 5160 qui
2051 5107 2147 5160 spe
2177 5093 2356 5146 laudis

773 5178 1015 5249 quesita:
1066 5179 1362 5235 frustratus
1408 5189 1586 5242 esset,
1627 5181 1954 5236 verberibus
1999 5182 2354 5254 calcibusque

774 5272 941 5326 domo
969 5273 1222 5327 extrusit.

841 5364 934 5420 28.
972 5365 1191 5435 Imperii
1220 5365 1503 5422 Michaelis
1551 5383 1698 5422 anno
1744 5369 2001 5437 septimo,
2039 5370 2358 5438 percrebre-

777 5467 961 5512 scente
1009 5458 1150 5512 fama
1179 5457 1408 5512 Bardam
1453 5457 1724 5512 Caesarem
1755 5460 1918 5514 nurui
1962 5476 2074 5515 suae
2102 5460 2359 5515 Eudocia:

2465 4637 2786 4706 κοσμήσας
2819 4633 3028 4703 χρυσῷ
3057 4634 3154 4686 καί
3185 4633 3421 4700 ἀργύρῳ
3460 4629 3555 4683 καὶ
3583 4627 3918 4698 μιιργὰροις
3949 4642 4063 4680 πο-

2462 4732 2758 4798 λυτίμοις,
2788 4727 2886 4780 καί
2917 4728 2956 4794 ἡ
2979 4725 3187 4794 μνήμη
3213 4723 3401 4778 αὑτοῦ
3435 4723 3553 4776 νῦν
3598 4724 3706 4775 οὐκ
3738 4721 3907 4773 ἐστι·
3964 4721 4066 4772 καὶ

2463 4823 2567 4886 σὺ,
2589 4820 2876 4888 βασιλεῦ,
2906 4819 3186 4888 κοπρῶνα
3218 4816 3479 4882 ποιήσας
3511 4815 3608 4868 καὶ
3639 4814 3883 4881 ἀιόνων
3915 4813 4069 4866 ἀνά-

2464 4929 2697 4968 παυσιν
2729 4911 2926 4982 λέγεις
2971 4910 3463 4980 μνημονεύεσθαι
3503 4907 3598 4960 διὰ
3650 4904 3870 4970 tauro;
3911 4906 3978 4958 Ὀ
4012 4905 4067 4954 δὲ

2465 5007 2742 5078 ὀργισθεὶς
2768 5006 2844 5068 ὡς
2879 5005 2972 5056 τοῦ
3003 5003 3227 5058 ἐπαίνου
3259 5001 3549 5071 ἀποτυχὼν
3597 4997 3944 5068 τυπτόμενον
3977 4999 4071 5050 καὶ

2469 5101 2771 5169 συρόμενον
2799 5099 2963 5150 αὐτὸν
2986 5096 3279 5166 ἐξήγαγεν.

2538 5363 2646 5432 κη’.
2676 5362 2766 5431 Τῷ
2798 5361 2840 5425 ζ’
2869 5360 3034 5414 αὑτοῦ
3065 5360 3197 5420 ἔτει,
3223 5359 3413 5428 φήμης
3439 5353 3762 5420 διαθεούσης
3803 5352 3883 5414 ὡς
3916 5353 4067 5421 Bip-

2467 5459 2562 5521 δας
2599 5461 2626 5511 ὁ
2650 5459 2869 5524 Καῖσαρ
2893 5459 2958 5526 τῇ
2985 5456 3174 5526 νύμφῃ
3193 5452 3359 5508 αὑτοῦ
3384 5450 3614 5520 Ebrioan
3637 5447 4067 5517 συμφθεέρεται.

777 5548 940 5605 foedis
983 5550 1264 5605 amoribus
1311 5549 1677 5613 commisceri,
1723 5551 2055 5606 admonebat
2108 5551 2345 5605 crebrius

2469 5553 2496 5603 6
2528 5550 2878 5621 πατριάρχης
2941 5549 3200 5618 Ἰγνάτιος
3259 5545 3518 5606 πολλάκις
3569 5540 3747 5608 τούτῳ
3797 5543 4074 5610 παραικιτῐ

780 5642 1020 5711 lgnatius
1049 5643 1360 5712 patriarcha
1387 5654 1445 5696 ut
1471 5658 1500 5696 a
1527 5644 1673 5697 malo
1714 5660 1835 5700 sese
1869 5647 2198 5700 contineret.
2233 5647 2364 5698 Bar-

2470 5645 2810 5714 άποσχέσθαι
2841 5644 2933 5697 τοῦ
2966 5642 3160 5700 κακοῦ.
3206 5642 3264 5694 Ὀ
3291 5641 3345 5694 δὲ
3385 5639 3462 5710 μὴ
3497 5635 3822 5706 πειθόμενος
3861 5635 4071 5704 μᾶλλον

2058 5741 2290 5796 VARLE
2331 5740 2734 5796 LECTIUNES.

854 5830 894 5860 ⁸⁵
929 5831 1198 5908 mortpr
1275 5835 1314 5863 ”
1348 5832 1577 5902 ὀφείλων
1613 5833 1670 5889 P.
