4174 6442
143 409 232 478 ’119

1011 414 1383 482 ANNALES.
1406 443 1475 458 ·-
1508 419 1853 482 MICHAEL
1885 422 1981 482 ET
2011 422 2447 484 THE‘ODORA.

3295 427 3411 494 73)

146 527 296 596 δνσῖχε
321 523 402 595 τῷ
431 524 764 596 πατριάρχῃ.
812 529 1114 596 σωφρονεῖν
1149 528 1310 584 αὑτὸν
1343 530 1703 599 κατεπείγον-

1831 534 1911 589 las
1967 550 2096 589 vero
2134 551 2240 590 non
2278 536 2455 590 solum
2505 552 2612 592 non
2663 551 2871 593 morem
2905 538 3071 609 gerit,
3113 538 3213 595 sed
3244 548 3301 596 et
3346 541 3400 596 iu

146 634 240 680 τος.
266 617 376 671 Καὶ
399 616 465 687 δή
497 632 630 669 ποτε
663 614 947 686 μέλλοντος
996 623 1277 676 κσινωνιῖν
1303 620 1400 676 τοῦ
1430 621 1629 694 Βάρδα,
1687 624 1714 677 ὁ

146 708 475 778 πατριάρχης
514 707 591 772 ὡς
621 706 837 773 ἀνάξιον
868 708 1129 765 ἀπώσατο
1148 728 1161 741 ·
1192 712 1253 776 ὃς
1284 715 1456 784 ὀργῆς
1485 716 1715 786 πληγεὶς

146 800 231 871 τὴν
254 800 430 871 ψυχὴν
454 800 549 854 τὸν
574 801 913 872 παραινὰην
935 803 1010 867 ὡς
1033 803 1233 874 ἄνομον
1260 806 1350 858 καὶ
1382 806 1586 879 φθορέα
1618 809 1716 878 τῆς

146 892 426 962 ίκκλησίας
494 891 721 959 ἐξέωσε,
758 892 858 946 καὶ
908 896 1355 965 παραιτήσασθαι
1385 897 1714 964 ἀναγκάζων

148 985 386 1057 βασάνοις
415 985 667 1054 ἀπείροις
704 986 995 1041 ὑπέϐαλεν.
1042 987 1386 1059 [παραδίδωσι
1422 990 1532 1061 γὰρ
1555 991 1716 1043 αὑτὸν

146 1077 211 1143 τῷ
232 1074 492 1143 Θεοδοσίῳ
515 1073 594 1145 τῷ
641 1075 826 1147 Μωρῷ
853 1076 1134 1148 λεγομένῳ
1181 1080 1275 1133 καὶ
1305 1080 1384 1151 τῷ
1415 1082 1715 1155 Γοργονίτῃ

158 1168 363 1239 Ἰωάννῃ
399 1167 491 1221 καὶ
518 1167 775 1238 Νικολάῳ
803 1168 882 1238 τῷ
917 1170 1319 1243 Σκουτελόπτῃ,
1346 1173 1396 1226 οῖ
1432 1173 1528 1226 καὶ
1558 1191 1717 1245 περι-

148 1260 382 1313 ἔκλεισαν
432 1259 598 1312 αὑτὸν
627 1262 685 1312 ὲν
712 1264 777 1330 τῇ
805 1260 899 1313 τοῦ
949 1263 1328 1334 Κοπρωνύμου
1361 1264 1593 1335 λάρνακι
1622 1284 1716 1335 γυ-

151 1354 265 1423 μνὸν
292 1350 565 1422 χειμῶνος
605 1351 747 1424 ὥρᾳ.
781 1352 976 1407 Ἔνθεν
1016 1358 1080 1424 τῇ
1120 1356 1334 1429 ἀνάγκῃ
1382 1357 1478 1410 τοῦ
1516 1359 1719 1429 κρύους

148 1447 203 1497 ὲκ
225 1443 330 1497 τῶν
364 1445 611 1513 κρυφίων
640 1446 863 1515 σαρκῶν
905 1447 1178 1518 ἀποϐολὴν
1214 1451 1452 1503 ἐποιεῖτο
1478 1452 1716 1522 σαπρίας

147 1536 232 1591 καὶ
248 1539 499 1606 αἵματος.
531 1536 721 1601 Οὕτως
752 1539 1106 1611 ὲγκαρτερῶν
1137 1545 1249 1605 τοῖς
1295 1542 1491 1606 δεινοῖς
1519 1547 1547 1597 ὁ
1580 1563 1717 1614 καρ-

146 1630 493 1700 τερικώτατος
520 1632 623 1685 οὐκ
651 1631 953 1700 ἐφθέγξατό
991 1651 1041 1687 τι
1067 1635 1204 1705 πρὸς
1224 1635 1427 1706 Κύριον
1460 1638 1713 1706 πονηρύν.

147 1727 433 1798 Τοιγαροῦν
476 1728 814 1797 διανίστησιν
851 1728 998 1797 αὖτῷ
1053 1728 1256 1798 Κύριος
1308 1730 1714 1782 Κωνσταντῖνον

144 1820 226 1872 τὴν
260 1821 545 1891 Ἀρμένιον
574 1820 1074 1891 παραμυθούμενον
1120 1820 1270 1892 αὐτῷ
1295 1838 1307 1851 ·
1340 1822 1433 1874 καὶ
1481 1822 1590 1893 γὰρ
1614 1823 1713 1889 ἀγ⁴

1819 628 2189 699 patriarcham
2224 628 2520 685 emendare
2556 628 2872 686 studentem
2911 629 3197 688 invehitur
3235 641 3410 705 atque

1820 717 2076 788 insurgit.
2106 718 2431 774 Patriarcha
2473 720 2680 791 itaque,
2714 720 2850 775 dum
2884 737 3040 778 sacra
3072 723 3406 797 quandoque

1818 810 2080 880 mysteria
2108 819 2472 882 percepturus
2498 807 2991 875 accedit,Bardam
3017 828 3119 869 ceu
3152 813 3240 869 his
3262 815 3405 870 indi-

1818 916 1985 969 gnum
2018 902 2277 971 reppulit.
2320 901 2396 956 Ea
2428 916 2487 955 re
2525 901 2728 958 Bardas
2765 904 2951 958 animo
2981 903 3202 959 saucius
3228 905 3407 959 moni-

1820 998 1993 1046 torem
2021 1008 2181 1046 suum
2212 994 2362 1048 velut
2385 992 2698 1060 improbum
2723 1004 2780 1049 et
2803 1004 3189 1066 corruptorem
3219 997 3403 1053 eccle-

1818 1081 1900 1138 sia
1925 1084 2096 1154 ejicit,
2122 1092 2179 1137 et
2206 1091 2264 1138 ut
2287 1083 2544 1139 abdicare
2574 1092 2754 1155 cogat.
2778 1086 3067 1141 tormentis
3097 1086 3405 1141 innumeris

1819 1175 2065 1246 subjicit.
2102 1175 2293 1230 Tradit
2324 1175 2474 1230 enim
2511 1176 2826 1232 Theodosio
2863 1176 3015 1232 Mero
3058 1186 3405 1249 nuncupato,

1817 1270 2018 1326 Joanni
2060 1269 2375 1341 Gongonitze
2405 1281 2463 1326 et
2490 1271 2713 1326 Nicolao
2753 1272 3085 1341 Scutelopti,
3116 1273 3212 1342 qui
3236 1281 3292 1327 et
3320 1272 3408 1327 hi-

1820 1361 1995 1415 berna
2020 1369 2347 1431 tempestate
2378 1361 2432 1414 in
2457 1360 2791 1431 Copronymi
2817 1378 2954 1417 urna
2975 1361 3186 1416 nudum
3224 1361 3406 1417 inclu-

1820 1470 1961 1511 sere.
1999 1455 2119 1521 Quo
2154 1455 2298 1517 loco,
2339 1454 2562 1523 frigoris
2590 1454 2654 1507 vi.
2671 1468 2735 1507 ac
2765 1454 2912 1524 gelu,
2946 1469 3015 1509 ex
3042 1454 3408 1509 interioribus

1822 1564 1887 1603 ac
1940 1547 2218 1603 intestinis
2258 1562 2362 1615 pus
2406 1547 2637 1601 mixtum
2681 1547 2949 1616 sanguine
2992 1546 3266 1601 mittebat.
3317 1546 3415 1602 Sic

1823 1654 1957 1693 vero
2004 1641 2061 1693 in
2110 1638 2269 1693 malis
2298 1638 2517 1708 patiens
2551 1639 2636 1692 vir
2678 1638 3093 1693 tolerantissimi
3145 1638 3411 1708 pectoris,

1824 1729 1963 1784 nihil
2000 1730 2129 1784 mali
2161 1730 2428 1785 adversus
2460 1728 2755 1785 Dominum
2785 1730 3003 1785 locutus
3029 1738 3134 1785 est.
3167 1729 3410 1786 Suscitat

1793 1869 1795 1871 .
1824 1823 2013 1893 itaque
2055 1823 2133 1877 illi
2165 1823 2435 1878 Dominus
2464 1821 2890 1877 Constantinum
2926 1823 3276 1887 Armenium,
3315 1823 3408 1894 qui

147 1911 324 1979 γείδιον
346 1912 493 1966 οἶνου
517 1914 614 1966 καὶ
649 1914 813 1985 ἄρτον
849 1913 946 1967 καὶ
985 1913 1152 1982 μῆλα,
1206 1916 1333 1977 τοὺς
1388 1917 1719 1978 κακοπιοῦς

1831 1916 2073 1970 levamen
2104 1914 2329 1985 aliquod
2360 1914 2465 1985 ipsi
2489 1914 2769 1969 adhibeat.
2794 1915 3087 1970 Vasculum
3117 1916 3267 1969 enim
3294 1914 3413 1970 vini

147 2006 273 2058 κατὰ
294 2004 480 2077 χώρας
505 2002 805 2069 λανθάνων,
831 2005 909 2076 τῷ
939 2006 1070 2076 ὁσίῳ
1099 2008 1306 2076 εἰσῆγε,
1336 2008 1431 2061 καὶ
1455 2009 1553 2075 τῆς
1581 2009 1719 2076 λὰρ-

146 2116 293 2163 νακος
322 2099 489 2154 αὐτὸν
513 2100 898 2165 καταϐιϐάζων
926 2100 1182 2170 ἐκούφιζε
1211 2103 1270 2155 τὸ
1301 2104 1437 2157 πολὺ
1465 2105 1561 2172 τῆς
1590 2121 1722 2172 συμ-

148 2191 303 2259 φορᾶς
336 2189 504 2261 μέχρι
528 2190 627 2261 τῆς
660 2190 889 2243 ἐκείνων
924 2189 1212 2254 ιλεύσεως.
1262 2192 1487 2255 Τούτοις
1517 2194 1723 2246 ὑποϐα-

148 2282 238 2334 λὼν
262 2280 473 2352 Βάρδας
504 2282 532 2334 ὁ
558 2284 779 2353 Καῖσαρ
807 2282 897 2335 τὸν
926 2282 1232 2348 ὃσιον,ὲπεὶ
1258 2283 1359 2354 τὴν
1387 2286 1721 2355 παραίτησιν

146 2373 290 2426 αὑτοῦ
316 2372 508 2426 λαϐεῖν
546 2375 648 2427 οὐκ
673 2374 939 2445 ἠδυνήθη,
965 2374 1173 2427 Φὼτιον
1225 2379 1722 2448 πρωτοασηκρῆτις

147 2465 247 2518 ἀντ’
302 2464 470 2520 αὐτοῦ
530 2469 831 2536 χειροτονεῖ
885 2469 1261 2538 πατριάρχην.
1324 2468 1621 2541 Ἐξὼρισεν
1666 2471 1722 2524 δὲ

159 2560 405 2628 Ίγνάτιον
438 2562 497 2614 ὲν
522 2563 589 2631 τῇ
626 2562 778 2632 νήσῳ
803 2562 1156 2632 Τερεϐίνθου,
1186 2557 1299 2636 ὲνῇ
1354 2564 1449 2617 καὶ
1505 2563 1722 2617 ὲταλαιο

148 2656 387 2724 πωρεῖτο,
427 2653 600 2723 μυρία
622 2653 745 2707 καθ’
777 2654 1014 2724 ἑκάστην
1037 2655 1177 2726 πρὸς
1201 2655 1260 2709 τὸ
1284 2656 1722 2726 παραιτήσασθαι

148 2746 440 2816 ὑπομένων.
499 2746 636 2799 Εἶτα
694 2746 955 2817 φέρουσιν
1002 2749 1167 2802 αὐτὸν
1217 2751 1299 2812 είς
1342 2749 1440 2818 τὴν
1481 2749 1715 2821 Ἰέρειαν

148 2840 375 2911 δέσμιον,
410 2840 509 2893 καὶ
534 2840 953 2894 κατακλείουσιν
981 2842 1061 2905 εἰς
1092 2842 1333 2912 μάνδραν
1358 2842 1563 2909 Αἰγῶν.
1588 2837 1723 2895 Εἶτα

149 2919 303 2995 εἰς’τά
334 2931 693 3002 Προμοιῖωτου
727 2932 1052 3000 ἀγαγόντες.
1080 2932 1232 2986 Λέων
1260 2934 1288 2985 ὁ
1316 2932 1582 2986 Λαλάκων
1611 2936 1725 2995 τοῖς

152 3026 450 3099 ραπίσμασι
499 3027 601 3089 τὰς
649 3025 905 3093 σιαγόνας
959 3024 1125 3079 αὐτοῦ
1155 3025 1479 3079 συνέθλασεν
1514 3025 1590 3087 ὡς
1633 3025 1726 3078 δύο

152 3120 334 3191 μύλους
367 3118 539 3175 αὐτοῦ
570 3119 847 3173 ἐκπεσεῖν.
886 3115 1019 3172 Εἶτα
1061 3117 1247 3189 μοχλῷ
1294 3117 1501 3187 σιδηρῷ
1532 3118 1723 3185 ἀνδρο-

149 3215 279 3286 φόνῳ
299 3216 430 3277 τοὺς
460 3214 629 3275 πόδας
679 3211 1133 3283 προσηλώσαντες
1184 3211 1266 3284 [Ρ.
1297 3211 1424 3283 442]
1466 3214 1525 3264 ὲν
1556 3214 1728 3281 μικρᾷ

148 3310 321 3379 εἱρκτῇ
355 3307 455 3361 καὶ
487 3308 651 3375 στενῇ
688 3305 1074 3368 κατέκλεισαν,
1116 3306 1211 3358 καὶ
1236 3305 1354 3374 μετ’
1383 3305 1571 3372 ὀλίγας
1596 3306 1728 3374 ἡμέ-

149 3413 238 3467 ρας
265 3398 345 3459 si;
371 3393 442 3448 τὰ
473 3393 740 3463 Νούμερα
779 3393 1192 3462 σιόηῳδέσμιον
1265 3394 1584 3463 καθεῖρξαν.
1647 3396 1729 3447 Ἑ-

148 3489 313 3543 κεῖθεν
341 3488 424 3551 είς
452 3485 768 3556 Μιτυλήνην
785 3486 885 3557 τὴν
909 3486 1072 3555 νῆσον
1100 3486 1297 3539 τοῦτον
1319 3486 1610 3557 ἐξώρισαν.
1635 3486 1729 3538 καὶ

148 3583 261 3645 τοὺς
324 3578 742 3651 μητροπολίτας
810 3581 867 3631 ὲν
932 3578 1205 3647 φυλακαῖς
1264 3579 1427 3633 ἄλλον
1491 3579 1728 3649 ἀλλαχοῦ

146 3673 549 3743 διεσκόρπισαν.

206 3765 302 3822 κθ’.
329 3766 524 3831 ’Δξιον
553 3766 610 3819 δὲ
667 3767 764 3820 καὶ
821 3767 955 3836 περὶ
996 3766 1202 3819 Φωτίου
1242 3765 1399 3832 ὀλίγα
1430 3764 1727 3819 διαλαϐεῖν.

148 3851 303 3924 Οὗτος
334 3860 364 3913 ὁ
394 3858 608 3922 Φώτιος
642 3858 758 3921 υίὸς
785 3858 1013 3929 Σεργίου
1058 3858 1361 3928 σπαθαρίου
1393 3857 1483 3929 ἦν,
1521 3854 1731 3921 οὗτινος

146 3951 371 4021 ὀπατὴρ
428 3949 717 4021 Ζαχαρίας
748 3948 1058 4018 ὠνόμαστο,
1108 3949 1168 4014 ὃς
1216 3950 1381 4004 πάλιν
1415 3950 1571 4021 ἔσχεν
1618 3953 1732 4005 υἱὸν

148 4042 339 4096 Λέοντα
388 4041 542 4113 βασι.
569 4080 583 4095 .
608 4078 626 4096 .
652 4079 664 4094 .
712 4039 772 4095 '0
799 4041 932 4111 ,γὰρ
978 4040 1207 4111 Σέργιος
1238 4040 1455 4094 sommo
1496 4041 1733 4111 αἵματος

149 4133 237 4199 ὢν,
295 4138 377 4199 εἰς
408 4134 788 4205 μοναστήριον
824 4136 1133 4201 γυναικεῖον
1168 4132 1590 4203 είσπεπηδηκὼς
1639 4135 1736 4187 καὶ

150 4231 476 4301 μοναστριαν
516 4226 731 4281 ἐκεῖθεν
753 4227 1010 4298 ἁρπάσας
1038 4228 1132 4279 καὶ
1169 4227 1376 4297 ταύτην
1400 4229 1733 4297 ἀποσχημα-

145 4325 289 4386 τίσις
314 4324 480 4378 ἔλαϐε
504 4325 760 4392 γυναῖκα.
820 4319 979 4375 Μετὰ
1002 4321 1195 4391 χρόνον
1226 4321 1363 4385 τινα
1382 4319 1579 4389 συνέϐη
1641 4320 1735 4372 τὸν

149 4417 290 4485 ἅγιον
341 4416 573 4488 Μιχαὴλ
607 4413 699 4467 τὸν
750 4413 976 4466 Σινὰδου
1010 4414 1165 4480 φίλον
1197 4412 1425 4483 Σεργίου
1474 4412 1624 4475 ὄντα,
1658 4413 1735 4474 εἰς

148 4507 234 4577 τὴν
261 4509 445 4562 οἰκίαν
499 4505 667 4561 αὑτοῦ
700 4503 987 4568 εἰσελθεῖν,
1027 4504 1121 4557 καὶ
1150 4504 1250 4573 τὴν
1301 4506 1535 4571 γυναῖκα
1568 4502 1733 4555 αὑτοῦ

1824 2025 2131 2080 parumque
2162 2008 2322 2079 panis
2352 2017 2409 2064 ct
2440 2023 2732 2078 pomorum
2776 2023 2875 2078 per
2903 2009 3281 2063 maleﬁcorum
3312 2008 3419 2062 ho-

1825 2104 2038 2157 minum
2074 2102 2378 2157 absentiam
2417 2102 2586 2173 668
2621 2102 2913 2167 inferebat,
2965 2110 3130 2173 atque
3166 2117 3201 2157 e
3231 2101 3413 2157 loculo

1823 2193 2130 2264 deponens,
2188 2192 2321 2248 dum
2359 2193 2439 2247 illi
2480 2192 2760 2258 venirent,
2791 2192 3100 2248 cruciatum
3147 2192 3416 2261 tantisper

1824 2286 2091 2342 leviorem
2123 2284 2410 2342 reddebat.
2446 2285 2543 2341 His
2572 2286 2779 2341 Bardas
2815 2285 2997 2341 Caesar
3026 2292 3280 2340 sanctum
3316 2300 3416 2338 ex-

1824 2378 2128 2434 cruciando
2153 2418 2167 2443 ,
2198 2394 2325 2433 cum
2354 2378 2425 2433 ab
2449 2393 2517 2433 eo
2552 2377 2802 2433 libellum
2829 2387 2887 2431 et
2919 2384 2982 2430 ut
3013 2391 3072 2431 se
3104 2376 3225 2446 ipse
3257 2374 3416 2429 abdi-

1824 2481 1977 2526 caret
2000 2471 2297 2541 impetrare
2326 2470 2553 2525 minime
2581 2470 2873 2540 potuisset,
2892 2468 3150 2523 Photium
3185 2475 3414 2538 proton-

1825 2565 2056 2620 secretis
2079 2564 2446 2635 patriarcham
2475 2564 2725 2635 praeficit,
2766 2564 2974 2635 lgnatio
3001 2563 3058 2617 in
3090 2560 3412 2617 Terebinthi

1827 2659 2064 2714 insulam
2118 2658 2381 2729 relegato,
2427 2658 2520 2712 ubi
2565 2667 2623 2712 et
2665 2657 2929 2712 :erumnis
2970 2653 3413 2717 conflictabatur,

1827 2752 2137 2808 innumeris
2155 2752 2403 2822 quotidie
2433 2750 2724 2805 abdicandi
2755 2750 3002 2804 muneris
3023 2763 3188 2804 causa
3218 2759 3418 2802 aerum—

1827 2845 1916 2900 nis
1950 2845 2219 2914 malisque
2248 2844 2548 2914 appetitus.
2572 2843 2779 2897 Deinde
2808 2842 3054 2896 vinctum
3073 2839 3141 2895 ad
3173 2839 3415 2895 Hicriam

1829 2936 2188 3001 transferunt,
2214 2946 2380 3005 atque
2413 2936 2467 2990 in
2496 2935 2799 3006 Caprarum
2844 2934 3069 2988 mandra
3101 2931 3414 2988 includunt.

1829 3030 1970 3085 Tum
2000 3028 2067 3083 ad
2096 3029 2383 3084 Promunti
2417 3029 2561 3083 aedes
2603 3028 2866 3091 adducto,
2902 3026 3014 3081 Leo
3043 3025 3239 3080 Lalaco
3270 3023 3419 3077 illius

1829 3121 1911 3176 sic
1962 3137 2130 3191 genas
2169 3120 2367 3191 pugnis
2399 3136 2461 3174 ac
2493 3119 2741 3188 colaphis
2762 3116 3036 3187 confregit
3075 3125 3136 3169 ut
3159 3116 3278 3185 ejus
3308 3115 3420 3168 duo

1833 3213 2069 3266 molares
2098 3211 2445 3265 dissilierint.
2475 3208 2685 3264 Deinde
2718 3218 2874 3262 vecte
2905 3208 3084 3262 ferreo
3110 3205 3417 3260 homicida-

1835 3319 1954 3357 rum
1989 3304 2156 3373 pedes
2181 3302 2609 3373 adstringentes,
2639 3301 2691 3355 in
2725 3302 2922 3370 exiguo
2943 3309 3176 3369 artoque
3197 3313 3420 3351 carcere

1835 3395 2228 3459 incluserunt;
2271 3410 2375 3450 nec
2428 3403 2551 3464 post
2601 3394 2803 3448 multos
2855 3392 2975 3447 dies
3031 3392 3085 3445 in
3138 3405 3421 3445 carcerem

1834 3487 2041 3542 dictum
2074 3488 2312 3541 Numera
2352 3486 2502 3539 ferro
2545 3485 2792 3539 vinctum
2842 3490 3258 3553 compegerunt.
3291 3481 3423 3536 lude

1835 3593 1903 3633 eo
1933 3580 1987 3632 in
2018 3578 2332 3649 Mitylcnem
2366 3578 2900 3647 iusulam'relcgato,
2945 3575 3330 3645 metropolitas
3367 3574 3424 3628 in

1835 3672 2111 3743 ergastula
2142 3672 2279 3726 alios
2308 3672 2418 3724 alio
2455 3670 2869 3741 disperserunt.

1906 3767 1995 3819 29.
2015 3766 2203 3835 Operae
2227 3766 2465 3835 pretium
2490 3780 2621 3820 vero
2652 3764 2722 3819 sit
2754 3773 2813 3819 ut
2845 3772 2899 3819 et
2928 3764 2995 3819 de
3024 3763 3223 3819 Pliotio
3253 3779 3425 3833 pauca

1835 3860 2291 3929 perstringamus.
2334 3858 2431 3913 Hic
2468 3858 2699 3913 Photius
2737 3857 2884 3911 filius
2930 3856 3034 3912 fuit
3082 3854 3260 3925 Sergii
3300 3872 3427 3926 spa-

1837 3948 2025 4011 tharii,
2056 3949 2215 4021 cuius
2248 3956 2405 4019 pater
2433 3948 2766 4013 Zacharias;
2798 3947 2893 4017 qui
2945 3961 3143 4001 rursus
3186 3945 3426 4001 Leonem

1836 4039 2035 4095 habuit
2053 4040 2293 4095 filium...
2316 4038 2541 4111 Sergius
2558 4039 2705 4093 enim
2730 4054 2854 4095 cum
2875 4038 3065 4110 gentili
3088 4050 3246 4093 ortus
3264 4046 3433 4093 stem-

1843 4142 1995 4186 mate
2022 4141 2193 4192 esset,
2214 4133 2269 4185 in
2294 4131 2625 4186 feminarum
2660 4132 3059 4185 monasterium
3092 4131 3430 4199 irrumpens.

1840 4225 2077 4294 indeque
2133 4233 2288 4294 rapta
2327 4224 2731 4279 sanctimoniali
2761 4224 3065 4293 habituque
3094 4232 3281 4287 estita,
3326 4222 3430 4275 sibi

1840 4335 1960 4373 eam
1994 4321 2286 4389 coniugem
2330 4319 2481 4374 fecit.
2522 4321 2651 4373 Post
2682 4331 2901 4388 tempus
2939 4317 3161 4385 aliquod
3199 4314 3433 4383 contigit

1842 4412 2162 4467 Michaelem
2177 4411 2539 4466 Siuadcnscm
2560 4411 2734 4481 Scrgii
2753 4412 2990 4465 amicum
3006 4410 3060 4463 in
3077 4408 3431 4479 ejusdomum

1846 4508 2053 4563 intrare
2084 4523 2098 4573 ;
2129 4518 2536 4576 conspectuque
2568 4522 2738 4559 uxore
2778 4507 2897 4575 ejus
2926 4512 3264 4575 praegnante,
3289 4502 3435 4555 indi-

149 4602 489 4674 ὲνθεωρήσας
545 4600 745 4667 ἔγκυον
793 4594 962 4653 οὖσαν
1018 4596 1341 4652 ἀπέστειλεν
1401 4597 1502 4665 τὴν
1570 4595 1727 4649 αὑτοῦ

1845 4601 2064 4673 guantis
2096 4601 2280 4670 specie
2324 4616 2389 4655 ac
2434 4600 2585 4654 velut
2620 4614 2987 4670 percussurus
3017 4598 3070 4652 in
3103 4595 3270 4668 669
3311 4611 3431 4650 eam

151 4694 352 4763 ῥάϐδον,
388 4693 600 4765 πλῆξαι
635 4692 961 4762 βουλόμενος
993 4690 1195 4761 αὐτὴν,
1229 4690 1324 4742 καὶ
1356 4687 1529 4751 οὕτως
1550 4684 1736 4741 εἶπεν*

154 4786 276 4839 Είθε
302 4781 384 4856 ἦν
409 4802 508 4849 τις
540 4784 771 4848 ταύτην
798 4780 1150 4836 ἀποκτεῖναι
1187 4778 1523 4848 δυνάμενος
1550 4780 1646 4832 καὶ
1673 4778 1739 4833 τὸ

152 4876 397 4947 ἔμϐρυον
430 4877 504 4931 τὸ
532 4875 657 4931 σὺν
680 4874 858 4941 αὐτῇ.
896 4873 1042 4943 Ὀρῶ
1060 4879 1168 4943 τὰρ
1186 4874 1388 4941 ἄλλην
1417 4873 1578 4926 Εὔαν
1601 4871 1741 4941 ὅφιν

153 4970 630 5042 ἑγιιυμονοῦσαν,
668 4968 766 5022 καὶ
798 4968 865 5022 τὸ
902 4968 1169 5037 ἔμϐρυον
1188 4966 1397 5034 ἄρσεν.
1425 4966 1531 5019 Kal
1563 4964 1741 5019 τοῦτο

154 5063 291 5117 κατὰ
342 5063 751 5133 συγχώρησιν
820 5062 969 5115 Θεοῦ
1026 5057 1404 5127 πατριάρχην
1444 5058 1744 5127 ἐσόμενον

150 5155 345 5217 βλέπω
372 5156 477 5208 ἐπὶ
532 5152 816 5219 ἀθετήσω
868 5153 978 5207 τοῦ
1008 5149 1362 5205 πιτνσέπτου
1407 5147 1507 5202 και
1549 5148 1744 5218 τιμίου

156 5246 432 5315 σταυροῦ.
482 5245 599 5299 Kal
626 5243 811 5309 αὐτὸς
844 5246 933 5309 εἰς
962 5240 1247 5297 ἀσέϐειαν
1266 5239 1603 5303 ἀποκλινεῖ,
1644 5241 1742 5294 καὶ

156 5337 414 5405 πολλοὺς
448 5339 544 5402 εὶς
576 5336 1030 5404 σταυροπατίαν
1053 5331 1450 5402 μεταστήσω,
1481 5332 1578 5384 καὶ
1635 5329 1745 5397 τῆς

151 5431 463 5499 βασιλείας
488 5428 616 5485 τῶν
641 5429 915 5499 οὐρανῶν
960 5428 1231 5490 πολλοὺς
1279 5426 1410 5491 ταῖς
1449 5428 1715 5493 πολυτρό

160 5540 278 5591 ποις
295 5525 490 5582 αὑτοῦ
524 5524 815 5593 στερήσει
836 5523 1160 5594 μηχαναῖς.
1192 5522 1335 5591 Πρὸς
1358 5520 1418 5573 ὃν
1444 5522 1471 5573 ὁ
1492 5520 1740 5588 Σέργιος

158 5619 253 5670 Kal
289 5621 343 5673 sl
370 5619 651 5684 τοιοῦτος
681 5618 932 5673 ἔσεσθαι
957 5615 1190 5687 μέλλει.
1212 5612 1363 5683 μετὰ
1395 5610 1504 5680 τῆς
1516 5612 1743 5680 μητρὸς

160 5713 328 5766 αὐτὸν
350 5711 581 5767 ἁνελῶ.
635 5714 780 5783 Πρὸς
820 5712 929 5764 sva
968 5711 1161 5778 ἆγιοςο
1196 5709 1279 5761 Οὺ
1325 5706 1569 5773 δυνήσῃ
1627 5704 1742 5771 τὴν

162 5803 544 5872 συγχώρησιν
582 5805 685 5859 τοῦ
734 5804 880 5859 Θεοῦ
908 5800 1299 5857 διακωλῦσαι.
1338 5800 1607 5868 Πρόσεχε
1630 5792 1743 5853 οὖν

164 5913 401 5965 acaum).

1846 4696 2097 4750 baculum
2133 4695 2320 4760 misit,
2350 4694 2428 4749 sic
2468 4694 2622 4749 aiens
2654 4711 2667 4747 :
2723 4692 2936 4748 Utinam
2970 4700 3100 4745 esset
3132 4692 3222 4761 qui
3256 4689 3431 4753 illam,

1847 4807 2059 4862 unaque
2098 4776 2301 4860 prolem
2335 4807 2442 4859 qua
2475 4788 2581 4857 feta
2627 4795 2725 4851 est,
2774 4802 2971 4839 necare
3032 4784 3244 4855 posset!
3273 4778 3432 4838 Video

1848 4885 1989 4938 enim
2044 4882 2269 4936 alterum
2319 4881 2520 4943 Evam,
2576 4888 2874 4949 serpentem
2935 4888 3086 4932 utero
3141 4886 3433 4949 gestantem

1847 4993 1910 5030 ac
1944 4974 2143 5045 prolem
2170 4972 2483 5028 masculum.
2505 4972 2759 5044 Huncque
2793 4972 2897 5026 Deo
2925 4973 3257 5042 permittente
3288 4970 3434 5023 uideo

1848 5066 2212 5136 patriarcham
2244 5064 2374 5133 fore,
2402 5065 2649 5133 omnique
2677 5064 3015 5117 veneratione
3040 5060 3337 5115 habendam
3373 5077 3436 5112 ac

1846 5158 2129 5229 pretiosam
2152 5172 2359 5210 crucem
2386 5163 2686 5225 spreturum
2723 5170 2834 5208 esse
2858 5171 2877 5219 ;
2914 5150 3295 5220 declinabitque
3325 5151 3438 5219 ipse

1848 5251 1919 5305 ad
1953 5252 2297 5321 impietatem,
2322 5256 2372 5300 et
2396 5247 2586 5300 multos
2612 5246 2681 5299 ad
2706 5247 2999 5316 perjurium
3033 5244 3199 5298 crucis
3228 5242 3436 5295 calcata

1849 5344 2102 5414 religione
2135 5342 2396 5406 traducct,
2437 5340 2733 5411 multusque
2779 5357 2938 5410 regno
2984 5338 3234 5391 caelorum
3272 5336 3437 5390 variis

1850 5437 2035 5497 modis,
2070 5437 2178 5488 suis
2205 5434 2406 5488 artibus
2432 5432 2689 5485 excludet.
2727 5431 2805 5485 Ad
2835 5446 3000 5499 quem
3033 5427 3257 5499 Sergius
3286 5444 3299 5480 :
3342 5426 3437 5479 Αι-

1849 5531 1936 5597 qui
1967 5531 2011 5581 si
2036 5527 2155 5581 talis
2181 5527 2387 5597 futurus
2420 5537 2515 5589 est,
2542 5528 2649 5594 ipse
2678 5542 2785 5577 una
2818 5541 2935 5577 cum
2968 5537 3139 5577 mane
3160 5537 3278 5574 eum
3308 5519 3438 5590 peri.

1852 5639 2012 5674 mam.
2046 5620 2145 5675 Cui
2182 5629 2403 5675 sanctus
2438 5641 2448 5676 :
2482 5619 2600 5674 Non
2650 5620 2841 5690 poteris
2870 5617 3007 5687 quod
3036 5633 3099 5669 ex:
3128 5615 3307 5668 diuina
3361 5621 3437 5667 tu

1852 5714 2189 5767 ocrmissione
2220 5713 2491 5784 impedire.
2526 5711 2634 5765 Tibi
2672 5711 2833 5781 igitur
2869 5716 3067 5764 attente
3100 5724 3247 5763 cave.
