4174 6442
758 397 858 464 ’131

2002 389 2147 450 SYM
2157 378 2384 446 EONIS
2422 381 2795 446 MAGISTRI

3914 379 4022 444 73?.

827 519 915 573 50.
942 516 1148 571 Deinde
1168 529 1235 570 eo
1255 523 1405 577 nato,
1435 518 1628 567 vocato
1651 520 1825 564 mater
1850 506 2055 563 Jacobo
2090 501 2339 558 Maximi-

2512 500 2575 553 λ’.
2607 498 2740 555 Εἶτα
2772 499 3124 570 γεννηθέντος
3154 500 3187 569 ἠ
3218 500 3401 569 μήτηρ
3444 500 3694 553 Ἰάκωϐον
3721 500 3813 552 τὶν
3840 501 4021 566 Μάξι-

757 627 840 665 na:
873 605 1192 661 monasterii
1230 603 1488 673 praal'ecto
1511 644 1524 667 ,
1557 602 1623 656 ad
1653 603 1772 671 ejus
1804 615 1862 653 se
1891 596 2063 667 pedes
2090 594 2334 650 lacrimis

755 699 974 768 oppleta
1001 695 1246 767 jactavit,
1282 703 1343 748 ut
1372 709 1523 747 saera
1554 708 1680 746 eum
1712 691 1855 745 unda
1888 690 2141 757 lingeret.
2174 686 2335 739 Dice-

757 793 848 847 bat
871 791 1017 844 enim
1043 805 1055 842 :
1091 787 1385 857 Prwgnans
1401 803 1517 838 cum
1547 801 1729 846 essem,
1758 783 1862 836 vidi
1883 784 1935 835 in
1954 781 2149 835 somnis
2176 780 2337 831 scisso

759 896 905 939 utero
936 888 1219 937 draconem
1243 899 1304 935 ea:
1331 898 1411 934 me
1442 883 1643 935 exiisse.
1683 878 1782 933 Sed
1811 887 1858 931 et
1886 885 2101 932 sanctus
2129 875 2336 943 confes-

757 997 845 1032 sor
874 979 1122 1032 Hilarion
1147 978 1454 1030 monasterii
1499 974 1763 1028 Dalmata:
1792 974 1925 1026 dixit
1965 973 2092 1025 mihi
2122 986 2337 1040 carpare

757 1071 1001 1123 indutum
1035 1087 1116 1122 me
1151 1070 1415 1123 Satanam
1451 1076 1597 1120 utero
1641 1075 1867 1135 gestare.
1904 1065 1954 1119 ls
1982 1079 2113 1132 ergo
2154 1078 2341 1117 susce-

761 1174 916 1233 ptum
967 1165 1231 1217 infantem
1285 1162 1626 1231 baptizavit,
1679 1161 1932 1214 Photium
1994 1174 2226 1216 vocans,
2276 1171 2339 1210 ac

760 1254 951 1307 dicens
973 1272 985 1305 :
1006 1251 1162 1306 Forte
1186 1252 1428 1305 transibit
1456 1251 1519 1304 ab
1541 1250 1636 1303 illo
1656 1252 1738 1304 ira
1767 1249 1877 1301 Dei.
1908 1248 2131 1316 Sergius
2155 1256 2338 1301 autem

760 1348 880 1413 ejus
912 1355 1085 1416 pater,
1137 1346 1386 1416 quadam
1434 1346 1487 1399 in
1523 1361 1589 1400 eo
1622 1345 1777 1413 signa
1810 1343 2023 1405 videns,
2055 1342 2198 1395 Num
2224 1357 2339 1394 mea

764 1453 917 1494 uxor.
947 1437 1148 1499 aiebat,
1172 1453 1233 1489 ea
1261 1438 1377 1504 ipsa
1415 1444 1489 1488 est
1522 1433 1963 1495 sanctimonialis,
2012 1449 2175 1502 quam
2201 1430 2342 1499 apud

764 1528 1007 1582 llebrteos
1041 1528 1418 1581 Anticlzristum
1462 1528 1763 1594 parituram
1801 1525 2148 1594 exspectant?
2185 1522 2343 1589 Quod

765 1633 896 1672 vero
946 1628 1202 1687 parentes
1248 1617 1640 1671 monachorum
1696 1616 1925 1671 studiosi
1973 1624 2151 1679 erant,
2207 1629 2345 1668 uxor

763 1708 930 1762 domo
963 1710 1159 1763 lubens
1199 1710 1481 1777 excipiens
1518 1725 1617 1778 pro
1650 1708 1781 1777 ipsis
1808 1723 1871 1762 ac
1910 1709 2103 1762 Photio
2153 1724 2343 1778 preces

764 1799 996 1854 fundere
1037 1802 1282 1871 rogabat.
1320 1801 1476 1854 Hunc
1512 1801 1842 1869 quandoque
1885 1801 2140 1854 Photium
2185 1799 2341 1855 valde

765 1889 949 1945 adhuc
979 1891 1291 1960 puerulum,
1315 1906 1439 1944 cum
1459 1892 1625 1960 670
1648 1900 1800 1960 pater
1826 1892 1892 1945 ad
1917 1890 1972 1945 S.
1998 1891 2343 1946 Joannicium

769 1982 826 2036 in
860 1990 1045 2036 monte
1077 1982 1305 2053 Olympo
1337 1984 1674 2047 adduxisset,
1705 1984 2031 2038 obsecrabat
2063 1995 2120 2038 ut
2164 1993 2351 2039 oraret

768 2088 869 2142 pro
915 2089 1003 2127 eo.
1071 2073 1170 2129 Cui
1231 2075 1321 2129 ille
1379 2084 1623 2129 actutum
1684 2075 2049 2142 respondens,
2106 2074 2348 2140 Photius,

772 2163 971 2231 inquit,
1003 2165 1113 2218 vias
1148 2174 1266 2218 tuas
1294 2206 1307 2228 ,
1340 2164 1580 2230 Domine,
1612 2176 1669 2218 ut
1702 2167 1854 2229 sciat,
1898 2167 1953 2219 in
1983 2168 2218 2219 animum
2248 2182 2351 2219 non

770 2257 992 2311 inducit.
1028 2258 1109 2311 Ad
1136 2273 1296 2326 quem
1328 2257 1554 2327 Sergius
1574 2259 1681 2310 alta
1713 2259 1925 2312 ducens
1956 2258 2188 2326 suspiria
2217 2275 2230 2311 :
2290 2257 2352 2313 Ut

770 2347 917 2415 quid,
939 2347 1122 2408 Pater,
1154 2349 1249 2400 hoc
1273 2348 1450 2400 dixisti
1479 2348 1822 2416 ?Respondit
1857 2365 2024 2403 senex
2052 2367 2063 2402 :
2100 2349 2231 2415 Quae
2262 2349 2353 2402 ille

772 2446 1174 2505 perpetraturus
1203 2446 1297 2499 est,
1332 2439 1423 2492 tibi
1453 2439 1723 2491 denuntio.
1766 2439 1904 2492 Tum
1937 2438 2161 2509 Sergius
2193 2450 2355 2509 caput

773 2526 1015 2582 cinerem
1050 2543 1308 2599 aspersus
1338 2545 1368 2584 e
1406 2539 1594 2585 monte
1623 2530 1929 2586 descendit.

845 2709 936 2765 3i.
973 2710 1235 2765 Traditus
1261 2710 1571 2780 disciplinis
1604 2713 1907 2782 majoribus
1952 2714 2150 2769 animis
2191 2725 2357 2786 atque

776 2817 967 2871 opera,
1000 2815 1123 2869 qua:
1163 2800 1477 2854 Graecorum
1514 2810 1672 2854 erant
1721 2816 1785 2855 ac
1821 2802 2139 2870 gentilium,
2190 2819 2357 2873 quam

776 2909 899 2961 quae
926 2893 1317 2955 ecclesiastica,
1359 2894 1697 2963 capessebat.
1749 2895 1903 2950 Unde
1945 2900 2113 2950 etiam
2146 2914 2269 2953 cum
2303 2899 2358 2955 in

779 2983 1072 3037 Hebraeum
1125 2984 1418 3052 quemdam
1470 3000 1686 3055 magum
1737 2985 2043 3050 incidisset,
2094 2990 2171 3043 ait
2220 2991 2297 3045 illi
2341 3010 2354 3045 :

780 3074 919 3138 Quid
954 3077 1101 3137 mihi,
1145 3077 1377 3144 juvenis,
1415 3077 1637 3130 daturus
1678 3093 1751 3140 es,
1794 3079 2092 3149 faciamque
2120 3091 2176 3133 ut
2210 3083 2360 3138 Gras-

2446 594 2608 662 μίνης
2641 593 2946 662 ἡγούμενον
2980 592 3454 662 μεταπεμψαμένη
3485 591 3708 663 ἔρριψεν
3739 592 3905 646 αὐτὸν
3941 595 4022 657 εις

2443 686 2567 747 τοὺς
2595 685 2764 748 πόδας
2792 685 2957 737 αὑτοῦ
2990 685 3255 738 κλαίουσα
3277 684 3371 737 τοῦ
3404 684 3768 754 βαπτισθῆναι
3799 686 3893 737 ὑπ’
3920 685 4023 738 αὖ·

2442 776 2558 829 τοῦ.
2601 776 2795 843 Ἔλεγε
2822 779 2950 847 γὰρ,
2993 777 3073 830 ὅτι
3101 778 3360 844 Ἕγκυος
3382 773 3541 830 οὖσα
3569 776 3734 829 εἶδον
3760 777 3908 844 ὄναρ
3935 776 4026 829 ὅτι

2443 868 2702 938 ἐσχίσθη
2725 870 2762 937 ἡ
2785 869 2830 900 ’⁵⁸
2852 871 3049 924 κοιλία
3072 888 3191 938 μου
3216 872 3313 923 καὶ
3331 869 3551 937 ἐξῆλθε
3575 868 3829 935 δράκων.
3850 871 4028 926 Ἀλλὰ

2446 962 2541 1014 καὶ
2572 965 2606 1015 ό
2634 956 2802 1027 ὅσιος
2830 962 2928 1015 καὶ
2970 964 3348 1033 όμολογητὴς
3383 962 3642 1028 ’Μαρίων
3666 968 3699 1018 ό
3728 964 3841 1031 τῆς
3870 968 4027 1019 Δαλ-

2441 1052 2634 1120 μάτου
2663 1054 2863 1123 εἴρηκέ
2902 1074 3004 1124 μοι
3060 1055 3149 1109 ὅτι
3207 1056 3722 1125 Σεσωματωμένον
3752 1056 4031 1114 Σατανᾶν

2440 1144 2783 1211 βαστάζεις.
2835 1146 3031 1201 Λαϐὼν
3086 1144 3181 1201 οὖν
3235 1149 3401 1202 αὑτὸν
3448 1149 3767 1215 ἐϐάπτισεν,
3819 1149 4030 1205 Φώτιον

2446 1236 2968 1306 ὠνομακὼς,’1σως,
2986 1240 3179 1306 λέγων,
3205 1239 3489 1307 παρέλθοι
3513 1243 3551 1309 ἠ
3574 1240 3719 1309 ὀργὴ
3744 1241 3851 1295 τοῦ
3879 1242 4030 1296 Θεοῦ

2448 1328 2549 1382 ἀπ’
2603 1330 2810 1383 αὐτοῦ.
2849 1331 3072 1402 Σέργιος
3127 1332 3184 1384 δὲ
3214 1334 3242 1385 ό
3288 1334 3473 1404 πατὴρ
3517 1333 3704 1396 αὐτοῦ,
3731 1334 3877 1402 ὁρῶν
3908 1352 4034 1386 τινα

2452 1439 2516 1486 ar,
2529 1424 2653 1490 μετα
2682 1424 2739 1475 ὲν
2779 1422 2949 1492 αὐτῷ,
2990 1424 3211 1492 ἔλεγεν⁸
3244 1424 3340 1492 Μὴ
3365 1426 3478 1492 ἄρα
3510 1428 3549 1493 ἠ
3576 1427 3713 1495 παρ’
3741 1428 4036 1495 Ἑϐραίοις

2450 1513 2803 1582 ἐλπιζομένῃ
2826 1516 3194 1584 μονάστρια,
3240 1518 3279 1586 ἠ
3314 1518 3423 1571 τὸν
3460 1519 3865 1587 Ἆντίχριστον
3887 1520 4037 1588 μέλ-

2451 1609 2652 1659 λουσα
2677 1609 2920 1673 τίκτειν,
2947 1608 2985 1675 ή
3020 1610 3173 1678 γυνή
3214 1612 3333 1679 μού
3374 1612 3577 1677 ὲστιν;
3616 1613 3768 1665 Ἐπεὶ
3798 1614 3853 1666 δὲ
3881 1614 4037 1683 φιλο-

2457 1698 2680 1767 μόναχοι
2710 1694 2873 1768 ἦσαν,
2909 1701 3037 1763 τοὺς
3069 1704 3336 1772 μοναχοὺς
3376 1703 3834 1774 προσδεχομένης,
3884 1705 4036 1774 ἠξίου

2454 1787 2711 1858 εὔχεσθαι
2745 1791 2887 1865 ὑπὲρ
2916 1793 3096 1846 αὐτῶν
3125 1795 3218 1847 καὶ
3257 1795 3354 1847 τοῦ
3384 1796 3611 1850 Φωτίου.
3660 1798 3866 1851 Τοῦτόν
3905 1816 4039 1851 ποτε

2453 1883 2542 1934 τὸν
2566 1881 2767 1937 Φώτιον
2803 1886 3084 1954 μειράκιον
3117 1887 3279 1940 σκεπὶ
3312 1890 3357 1920 ⁸⁷
3390 1890 3726 1959 τυγχάνοντα
3757 1894 3838 1955 εἰς
3862 1890 3956 1944 τὸν
3985 1894 4042 1945 ἐν

2455 1974 2635 2039 ἁγίοις
2686 1977 3011 2030 ’ίωαννίκιον
3056 1980 3115 2032 ὲν
3143 1979 3221 2048 τῷ
3267 1981 3529 2053 Ὀλύμπῳ
3593 1985 3898 2052 ἀνήγαγεν,
3946 1989 4041 2038 καὶ

2456 2066 2594 2136 ὑπὲρ
2624 2066 2789 2120 αὑτοῦ
2817 2067 3077 2134 εὖξασθαι
3129 2069 3319 2124 τοῦτον
3353 2073 3676 2143 παρεκάλει.
3723 2074 3783 2127 ⁸0
3806 2075 3862 2127 δὲ
3896 2077 4042 2128 ἑτοί-

2459 2174 2573 2225 μως
2630 2158 2952 2229 ἀποκριθεὶς
3011 2160 3150 2229 ἔφη’
3187 2162 3407 2229 Φώτιος
3466 2164 3537 2217 ἐν
3585 2164 3800 2231 καρδίᾳ
3851 2167 4043 2220 αὑτοῦ

2457 2248 2631 2313 ὁδούς
2664 2267 2802 2315 σου,
2853 2252 3048 2318 Κύριε,
3087 2252 3307 2307 ειδέναι
3355 2254 3438 2325 [Ρ.
3466 2255 3593 2327 443]
3630 2259 3701 2310 οὐ
3723 2257 4041 2321 βούλεται.

2471 2344 2527 2396 Ὀ
2582 2343 2638 2396 δὲ
2695 2344 2957 2408 στενάξας
2996 2344 3151 2399 εἶπεν
3182 2362 3195 2376 ⁸
3254 2347 3321 2400 Τί
3366 2347 3543 2401 τοῦτο
3585 2349 3776 2418 ἔφης,
3814 2350 4042 2419 πάτερ;

2459 2433 2622 2497 Αὖθις
2653 2438 2680 2488 ὀ
2707 2436 2905 2505 γέρων,
2935 2437 3015 2490 ὃτι
3054 2438 3127 2491 Τὰ
3181 2437 3491 2507 μέλλοντα
3540 2439 3886 2507 πραχθῆναι
3941 2441 4046 2495 ὑπ’

2459 2526 2644 2579 αὑτοῦ
2679 2526 2846 2591 δηλῶ
2883 2544 3000 2581 σοι.
3032 2529 3165 2581 Τότε
3190 2532 3218 2582 ὁ
3246 2530 3472 2600 Σέργιος
3499 2531 3648 2584 κόνιν
3689 2533 4049 2603 σπασάμενος

2460 2616 2729 2686 κατῆλθεν
2756 2619 2863 2672 ἀπὸ
2894 2619 2987 2672 τοῦ
3021 2620 3202 2690 ὅρους.

2531 2709 2633 2762 λα’.
2665 2711 2763 2767 Εἰς
2798 2709 3099 2781 μαθήματα
3124 2713 3182 2767 δὲ
3203 2713 3392 2768 τοῦτον
3423 2716 3639 2780 ἐκδοὺς,
3671 2717 3876 2785 μᾶλλον
3898 2720 4049 2771 ἐκεῖ.

2464 2819 2553 2867 νος
2581 2800 2718 2871 πρὸς
2743 2802 2813 2857 τὰ
2859 2801 3148 2871 Ἐλληνικά
3198 2804 3612 2876 φιλοτιμότερον
3645 2808 3882 2862 διέκειτο
3912 2810 3946 2879 ἢ
3980 2811 4051 2861 τὰ

2463 2894 2910 2965 ἐκκλησιαστικά.
2950 2896 3042 2948 Διὸ
3065 2896 3159 2948 καὶ
3199 2896 3477 2968 Ἐϐραίων
3506 2900 3614 2951 τινὶ
3642 2902 3803 2970 μάγῳ
3858 2919 4051 2955 συντε-

2462 2986 2663 3056 τυχὼς,
2710 2988 2770 3041 Τί
2801 3004 2926 3055 μοι,
2961 2986 3089 3056 ἔφη,
3131 2987 3271 3053 δῷς,
3293 2991 3529 3052 νεανία,
3566 2991 3667 3044 καὶ
3708 2992 3947 3058 ποιήσω
3976 3009 4055 3048 σε

2465 3079 2674 3133 πᾶσαν
2712 3080 2953 3149 γραφὴν
3006 3082 3375 3149 Ἑλληνικὴν
3398 3083 3497 3136 ἐπὶ
3548 3086 3848 3153 στόματος
3880 3088 4055 3156 ἄγειν

780 3183 961 3220 corum
1010 3170 1178 3221 omnis
1210 3170 1434 3222 eruditio
1464 3172 1516 3222 in
1557 3186 1647 3223 ore
1689 3182 1921 3224 versetur
1965 3189 2241 3243 omnesque
2278 3194 2359 3230 sa-

2470 3173 2566 3225 καὶ
2605 3172 2836 3237 πάντας
2864 3174 3007 3240 τοὺς
3032 3173 3131 3227 ἐπὶ
3149 3177 3337 3241 σοφία
3374 3177 3869 3247 παρευδοκιμεῖν;
3913 3181 3974 3233 ὐ
3997 3182 4054 3234 δέ

782 3263 979 3328 pientia
1009 3264 1184 3315 t'iucus
1217 3263 1241 3313 ?
1271 3261 1371 3316 Cui
1398 3264 1520 3317 ille:
1561 3264 1845 3316 Dimidium
1873 3268 2126 3321 bonorum
2155 3279 2362 3336 partem

784 3355 838 3405 in
869 3370 987 3406 eam
1035 3372 1145 3408 rem
1194 3366 1347 3425 pater
1400 3356 1563 3409 libens
1597 3356 1891 3410 collaturus
1926 3368 2020 3412 est.
2074 3360 2151 3413 Ad
2201 3377 2364 3429 quem

786 3444 1082 3500 Hebraeus:
1119 3447 1360 3501 Pecuniis
1389 3466 1489 3501 non
1520 3451 1742 3517 indigeo,
1778 3469 1840 3504 ac
1857 3469 1947 3505 nec
1975 3461 2179 3521 patrem
2219 3464 2366 3509 tuum

787 3556 897 3617 rem
924 3542 1057 3594 scire
1082 3541 1196 3594 volo
1223 3560 1239 3605 ;
1274 3543 1363 3595 scd
1383 3544 1499 3595 veni
1525 3559 1722 3597 mecum
1745 3546 1861 3607 huc,
1904 3565 1966 3600 ac
1986 3549 2193 3617 signum
2232 3565 2366 3620 nega

786 3632 840 3683 in
882 3648 985 3700 quo
1011 3631 1191 3685 Jesum
1236 3634 1518 3701 a/ﬁximus,
1554 3636 1897 3706 inauditoque
1935 3655 1967 3690 a
2000 3654 2081 3690 me
2124 3639 2217 3691 tibi
2243 3656 2369 3693 con-

785 3739 926 3777 cesso
956 3724 1184 3777 amuleto
1228 3727 1390 3779 vitam
1419 3744 1625 3780 omnem
1667 3745 1913 3798 prospere
1946 3748 2068 3800 ages
2098 3738 2147 3784 et
2174 3732 2368 3787 divitiis

788 3814 985 3885 afﬁnes,
1038 3832 1333 3887 magnaque
1361 3820 1624 3887 sapientia
1667 3821 1723 3872 in
1766 3822 2003 3875 omnibus
2035 3824 2271 3892 gaudens
2307 3841 2370 3878 ac

788 3904 976 3960 (etans
1012 3909 1306 3975 praestabis.
1357 3909 1476 3975 Quo
1510 3927 1679 3980 prone
1709 3913 1934 3978 audito,
1969 3931 2145 3985 exque
2197 3916 2371 3985 impo-

787 3997 954 4052 storis
1011 3999 1290 4053 voluntate
1337 4001 1484 4055 omni
1551 4014 1772 4071 peracto
1839 4006 2100 4075 negotio,
2172 4022 2239 4061 eo
2303 4024 2371 4063 ex

790 4098 1037 4158 tempore
1068 4092 1279 4146 nullum
1309 4091 1472 4149 ﬁnem
1503 4093 1633 4150 fecit
1657 4095 1828 4150 libros
1852 4112 2044 4152 eorum
2064 4100 2373 4168 prohibitos

787 4177 1188 4235 divinationqu
1211 4198 1275 4236 ac
1302 4184 1639 4253 astrologiae
1662 4187 1917 4241 vanitatis
1946 4187 2165 4258 legendi
2194 4189 2371 4259 iisque

788 4270 1034 4324 animum
1066 4273 1375 4329 addieendi.
1414 4274 1571 4340 Quod
1604 4286 1787 4330 autem
1820 4294 1888 4332 ex
1930 4290 2085 4348 patre
2119 4282 2374 4338 audierat

789 4362 1069 4431 accepisse
1102 4364 1251 4418 illum
1279 4382 1308 4419 a
1330 4366 1463 4420 viris
1493 4368 1831 4436 Spiritalibus
1863 4387 1927 4426 ac
1952 4372 2262 4430 futurorum
2294 4377 2374 4432 in-

791 4453 1091 4525 telligentia
1129 4459 1385 4525 praeditis,
1427 4459 1540 4513 fore
1575 4471 1634 4513 ut
1664 4463 1814 4516 vario
1845 4473 1964 4519 astu
2001 4480 2064 4520 ac
2094 4469 2373 4523 machina-

2470 3280 2634 3334 φησι⁶
2677 3267 2747 3319 Τὸ
2787 3266 2974 3334 ἥμισυ
2999 3269 3109 3334 τῆς
3147 3271 3363 3334 οὐσίας
3413 3272 3602 3325 αὐτοῦ
3654 3275 3974 3343 προθύμως
4022 3279 4058 3330 ὀ

2468 3358 2609 3425 ἐμὸς
2640 3359 2839 3426 πατὴρ
2862 3360 3107 3425 παρέξει
3136 3372 3256 3413 σοι.
3298 3361 3356 3413 Ὀ
3382 3361 3437 3413 δέ
3456 3376 3469 3390 ·
3495 3364 3578 3415 Ob
3612 3364 3803 3432 χρῄζω
3825 3366 4057 3434 χρήμα-

2469 3467 2561 3513 τα,
2590 3450 2727 3503 ἀλλ’
2754 3450 2898 3503 οὐδὲ
2927 3452 3033 3503 τὸν
3067 3451 3293 3520 πατέρα
3331 3469 3450 3507 σου
3480 3453 3699 3522 γνῶναι
3725 3458 3792 3509 τὸ
3820 3457 4019 3526 δρᾶμα
4038 3477 4052 3489 ·

2469 3541 2606 3594 ἀλλ’
2629 3539 2769 3595 ἐλθὲ
2789 3542 2915 3609 μετ’
2937 3542 3083 3608 ἐμοῦ
3112 3545 3199 3607 είς
3220 3543 3395 3596 τόνδε
3426 3547 3534 3597 τὸν
3572 3547 3780 3610 τόπον,
3815 3550 3914 3599 καὶ
3956 3551 4057 3614 (ip-

2470 3649 2655 3700 νησαι
2700 3634 2811 3686 τὸν
2856 3634 3049 3687 τύπον
3086 3630 3230 3702 ἐνῷ
3270 3636 3516 3702 Ἰησοῦν
3544 3638 4053 3709 προσηλώσαμεν,

2472 3725 2568 3778 καὶ
2593 3725 2764 3778 δώσω
2787 3741 2888 3779 σοι
2916 3726 3260 3794 παράδοξον
3297 3730 3632 3797 φυλακτὸν,
3682 3732 3778 3783 καί
3810 3732 3988 3787 ἔσται
4016 3735 4054 3800 ἡ

2472 3816 2583 3885 ζωή
2612 3832 2727 3870 σου
2753 3815 2923 3871 πᾶσα
2943 3819 3013 3871 ἐν
3042 3821 3327 3888 εὐημερίᾳ
3347 3822 3441 3875 καὶ
3464 3824 3703 3889 πλούτῳ
3724 3824 3822 3877 καὶ
3851 3826 4059 3896 πολλῇ

2472 3909 2660 3977 σοφίᾳ
2690 3908 2786 3961 καὶ
2816 3906 2992 3977 χαρᾷ.
3024 3909 3127 3962 Τὸν
3153 3910 3210 3962 δὲ
3243 3913 3540 3981 προθύμως
3571 3914 3909 3979 ἀκούσαντα,
3965 3921 4060 3971 καὶ

2474 4002 2656 4055 πάντα
2682 4001 2817 4071 πρὸς
2841 4003 2941 4071 τὴν
2960 4003 3053 4055 τοῦ
3095 4003 3289 4072 γόητος
3318 4005 3610 4075 ἀρέσκειαν
3642 4010 3970 4063 τετελεκότα
3992 4012 4058 4069 ⁸³.

2474 4097 2568 4148 καὶ
2597 4095 2783 4148 ἔκτοτε
2827 4099 2949 4158 ταῖς
2979 4097 3465 4167 ἀπηγορευμέναις
3500 4101 3677 4153 αὐτῶν
3714 4101 3924 4171 βίϐλοις
3962 4106 4061 4169 τῆς

2480 4188 2749 4259 μαντικῆς
2781 4189 2878 4242 καὶ
2928 4189 3328 4259 ἀστρολογικῆς
3363 4192 3649 4262 τερατείας
3680 4195 3782 4249 οὐκ
3817 4198 4060 4267 ἀποσχὸο

2480 4298 2640 4352 μενος
2664 4281 2756 4333 τὸν
2789 4279 2934 4343 νοῦν,
2996 4282 3122 4334 ἐπεὶ
3164 4283 3379 4336 ἀκούων
3406 4280 3475 4355 ἦν
3509 4288 3661 4355 παρά
3692 4288 3785 4340 τοῦ
3825 4293 4059 4363 πατρὸς,

2476 4372 2551 4435 ὠς
2584 4373 2689 4425 ὑπὸ
2736 4374 3118 4443 προορατικῶν
3157 4375 3365 4445 ἀνδρῶν
3420 4377 3740 4447 ἀκηκοότος,
3772 4382 3859 4434 ὅτι
3897 4388 4063 4437 πολυ-

2478 4466 2694 4533 τρόπως
2723 4466 2812 4519 τὸν
2844 4468 3241 4537 πατριαρχικὸν
3288 4467 3477 4535 θρόνον
3522 4470 3870 4541 ἐπιϐήσεται,
3907 4476 4065 4527 τοῦτο

792 4543 995 4598 mentis
1026 4546 1444 4613 patriarchalem
1481 4549 1640 4619 671
1684 4550 1902 4606 demum
1939 4554 2197 4610 thronum
2239 4574 2359 4614 con-

2479 4560 2537 4611 ἐν
2574 4558 2754 4628 ἑαυτῷ
2791 4560 3045 4630 στρέφων
3079 4560 3368 4632 Γρηγορίῳ
3397 4563 3504 4614 τινὶ
3555 4565 3653 4631 τῆς
3706 4566 4064 4634 Συρακούσης

792 4635 1101 4701 scenderet,
1142 4638 1244 4691 hoc
1269 4639 1451 4693 animo
1486 4656 1728 4698 versans.
1758 4658 1880 4697 cum
1908 4644 2174 4717 Gregorio
2205 4648 2371 4718 Syra-

792 4741 1011 4782 cusana:
1040 4729 1312 4796 quondam
1346 4730 1601 4785 Ecclesia:
1627 4733 1888 4803 episcopo
1917 4737 2030 4805 (qui
2062 4747 2119 4791 et
2148 4740 2376 4806 Asbetas

793 4820 1115 4880 vocabatur.
1141 4832 1197 4876 et
1219 4838 1248 4875 a
1278 4838 1472 4891 magno
1500 4825 1776 4880 Methodio
1801 4844 2018 4884 cessare
2043 4830 2231 4900 jussus
2257 4846 2377 4890 erat

793 4921 911 4967 tum
940 4912 1011 4967 ob
1028 4914 1130 4967 alia
1160 4915 1337 4983 plura.
1363 4925 1474 4970 tum
1500 4918 1645 4985 quod
1673 4928 1826 4973 extra
1850 4924 2144 4989 paroeciam
2166 4925 2375 4981 Zacha-

796 5004 955 5070 riam,
1006 5005 1251 5074 ejusdem
1294 5007 1556 5063 Methodii
1597 5012 1923 5079 patriarchae
1960 5014 2026 5069 ad
2068 5016 2375 5072 Romanum

793 5096 1096 5150 antistitem
1129 5098 1506 5169 presbyterum
1544 5102 1819 5167 nuntium,
1844 5104 2218 5175 ordinaverat)
2250 5125 2377 5165 cum

797 5187 894 5241 illo
915 5188 1143 5257 aliisque
1161 5200 1423 5258 praeterea
1442 5194 1793 5262 quibusdam,
1824 5196 1895 5249 ob
1919 5198 2123 5253 scelera
2147 5202 2379 5269 perinde

796 5279 968 5350 gradu
995 5282 1176 5341 motis,
1204 5284 1443 5339 amicitia
1462 5286 1731 5357 jungitur.
1752 5288 1809 5341 In
1837 5288 1946 5343 illis
1972 5302 2129 5346 erant
2161 5292 2381 5347 Eulam-

797 5372 921 5440 pius
954 5374 1298 5441 Apamiensis
1339 5385 1396 5430 et
1443 5378 1637 5433 Petrus
1694 5379 1853 5449 Sylasi
1892 5382 2096 5455 aliique
2131 5398 2253 5437 cum
2299 5386 2380 5440 eis

797 5465 1041 5534 plurimi.
1086 5465 1152 5520 Hi
1198 5468 1379 5537 itaque
1418 5470 1471 5523 in
1510 5471 1687 5525 Pbotii
1730 5473 1953 5527 domum
1986 5477 2382 5532 convenientes

799 5566 857 5609 rt
872 5572 995 5610 cum
1013 5558 1275 5629 Gregorio
1294 5571 1595 5627 versantes,
1621 5564 1848 5619 consilia
1866 5568 2154 5621 struebant
2182 5569 2381 5624 adver-

799 5664 896 5704 sus
955 5666 1208 5721 magnum
1268 5653 1577 5724 lgnatium;
1632 5672 1773 5727 quos
1828 5658 1997 5729 ipsos,
2040 5662 2267 5716 collecta
2327 5664 2381 5719 in

2491 4651 2821 4719 Ἐκκλησίας
2846 4652 3125 4722 γενομένῳ
3175 4654 3481 4722 ὲπισκόπῳ,
3519 4654 3578 4718 ὃς
3622 4656 3717 4708 καὶ
3760 4658 4064 4723 ’Δσϐεστᾶς

2477 4745 2743 4808 ἐκαλεῖτο,
2769 4744 3048 4814 καθῄρητο
3076 4744 3134 4797 δὲ
3158 4745 3264 4798 ὑπὸ
3289 4747 3383 4798 τοῦ
3410 4746 3650 4815 μεγάλου
3679 4748 3953 4804 Μεθοδίου
3979 4753 4064 4805 διά

2476 4854 2538 4889 τε
2570 4836 2739 4890 πολλὰ
2769 4836 2903 4891 ἄλλα
2932 4837 3026 4889 καὶ
3056 4837 3144 4890 διὰ
3177 4837 3239 4891 τὸ
3265 4838 3399 4908 παρ’
3427 4840 3642 4906 ἑνορίαν
3680 4845 4063 4912 χειροτονῆσαι

2480 4926 2757 4995 Ζαχαρίαν
2806 4926 2896 4979 τὸν
2920 4925 3016 4979 τοῦ
3048 4927 3390 4997 πατριάρχου
3422 4928 3686 4982 Μεθοδίου
3739 4932 3881 4998 πρὸς
3930 4934 4066 4987 Ῥω-

2484 5023 2640 5090 μαῖον
2671 5020 2715 5052 δ’
2741 5021 3115 5073 ἀποσταλέντα
3167 5020 3564 5091 πρεσϐύτερον,
3623 5022 3941 5091 φιλιάξεται
3971 5029 4066 5080 σὺν

2479 5110 2651 5180 τούτῳ
2676 5100 2734 5163 τε
2768 5110 2863 5165 καὶ
2888 5112 3069 5173 ἄλλοις
3098 5113 3240 5164 τισὶν
3271 5114 3357 5165 ἐπ’
3390 5113 3697 5183 ἐγκλήμασι
3745 5116 4069 5186 καθῃρημέ-

2480 5222 2614 5267 νοις,
2643 5196 2717 5256 ὧν
2747 5203 2991 5273 ὑπῆρχεν
3042 5203 3359 5273 Εὺλάμπιος
3400 5206 3427 5257 ὁ
3492 5206 3797 5273 Ἀπαμείας
3833 5208 3931 5259 καὶ
3963 5208 4068 5259 Πέο

2482 5313 2609 5367 τρος
2637 5297 2666 5347 ὁ
2706 5296 2935 5348 Συλαίου
2967 5296 3059 5348 καὶ
3085 5295 3235 5348 ἄλλοι
3262 5298 3359 5349 σὺν
3394 5297 3580 5360 αὐτοῖς
3615 5298 3882 5363 πλεῖστοι,
3914 5300 3964 5352 οἶ
3989 5302 4068 5362 εἰς

2482 5390 2575 5443 τὸν
2604 5384 2756 5441 οἷκον
2782 5388 2988 5441 Φωτίου
3022 5390 3406 5459 συνερχόμενοι
3439 5391 3533 5443 καὶ
3589 5391 3729 5460 μετά
3764 5391 4068 5461 Γρηγορίου

2487 5478 2845 5549 στρεφόμενοι
2876 5480 3016 5532 κατᾶ
3069 5481 3165 5532 τοῦ
3201 5479 3441 5549 μεγάλου
3493 5482 3756 5549 Ἱγνατίου
3792 5484 4069 5552 μελετῶν-

2483 5587 2575 5634 τες
2604 5566 2781 5641 ῆσαν·
2811 5569 2904 5634 οὓς
2945 5572 3037 5623 καὶ
3088 5572 3537 5642 συναθροισθεῖσα
3572 5576 3631 5626 ἐν
3682 5575 3762 5643 τῷ
3796 5593 4069 5644 πατριαρο

2486 5663 2619 5734 χείῳ
2651 5662 3065 5733 μητροπολιτῶν
3095 5664 3188 5716 καὶ
3239 5665 3554 5719 ἐπισκόπων
3589 5665 3810 5729 σύνοδος
3864 5666 4068 5728 πάντας

2063 5754 2297 5811 VARI/b3
2342 5757 2753 5815 LECTIONES.

873 5842 917 5875 “
952 5846 980 5914 ἡ
1010 5859 1117 5900 om.
1150 5845 1207 5901 P.
1288 5848 1329 5880 ⁸⁷
1356 5847 1477 5903 Eu?
1559 5848 1599 5882 ’⁸
1629 5851 1827 5918 παντὸς
1860 5859 1914 5907 ct
1938 5854 2279 5920 τετελεκότος
2318 5856 2375 5911 P.
2454 5857 2496 5889 δ’
2539 5855 2642 5926 leg.
2690 5852 2937 5924 Ῥώμην.
2971 5851 3215 5907 Combcl.
