4174 6442
122 390 228 451 733

1018 395 1387 459 ANNAIES.
1431 425 1496 435 —
1541 363 1880 461 sucum.
1923 402 2023 463 ΕΤ
2058 406 2495 471 TIIEODORA.

3304 426 3408 490 734

124 504 409 573 καθῄρησε
435 503 532 557 καὶ
562 503 1121 573 ἀπεκήρυξε.Τοῦτο-ι
1152 513 1241 563 τὶν
1267 514 1469 567 Φώτιον
1503 516 1702 585 Βάρδας

133 594 327 610 ..,.,
470 592 610 610 ...
704 597 752 610 ..
862 597 910 610 η
1024 599 1115 610 --
1222 603 1277 610 ..

1820 520 2282 588 patriarchalibus
2331 526 2541 583 aedibus
2592 529 3066 599 metropolitarum
3121 536 3410 610 episcopo-

124 596 150 645 ὁ
182 594 425 661 Καῖσαρ,
460 595 489 646 ὁ
527 592 667 657 θεῖος
704 597 924 667 Μιχαὴλ
957 599 1049 651 τοῦ
1090 600 1379 668 βασιλέως,
1418 610 1720 676 χειροτονεί

124 684 500 756 πατριάρχην.
536 690 634 750 Ὃς
667 690 784 758 μετ’
815 690 1002 759 ὀλίγας
1060 695 1272 763 ἡμέρας
1309 696 1464 766 ζητεῖ
1496 699 1555 750 τὸ
1592 699 1718 752 ἰδιό-

122 793 312 845 χειῳν
341 777 507 829 αὑτοῦ
539 780 796 848 γράμμα,
826 780 964 851 ὅπερ
995 781 1131 851 πρὸς
1164 785 1287 845 τοὺς
1309 786 1715 854 μητροπολίτας

121 866 406 936 εποίησεν,
438 870 602 939 ἡνίκα
640 871 828 924 τοῦτον
863 874 943 935 είς
972 877 1309 945 χειροτονίαν
1359 878 1588 948 ἤγαγον,
1639 882 1715 943 ὼς

120 958 287 1027 δῆθεν
326 960 456 1012 ἰδεῖν
489 979 540 1015 τι
576 965 633 1015 ὲν
667 949 818 1034 αὐτῷ
879 965 1225 1036 βουλόμενος.

119 1054 145 1103 ὀ
178 1052 226 1082 ⁸⁸
245 1053 475 1123 χάρτης,
509 1055 605 1106 καὶ
635 1055 881 1139 ζητεῖται
926 1059 1230 1128 ἀσφάλειαν
1264 1062 1351 1115 ἵνα
1382 1063 1458 1134 μὴ
1486 1066 1714 1137 διαῤῥη-

119 1145 325 1215 χθῆναι
352 1148 423 1203 ⁸¹.
450 1148 512 1200 Ol
533 1148 588 1201 δὲ
618 1147 713 1201 τοῦ
735 1150 941 1203 Φωτίου
973 1152 1066 1204 τὸν
1114 1152 1397 1225 ἀντίχειρα
1440 1156 1536 1209 τοῦ
1572 1175 1711 1229 κρα-

116 1238 343 1302 τοῦντος
364 1240 528 1293 αὐτὸν
554 1241 855 1306 κλάσαντες
882 1242 966 1314 [Ρ.
988 1244 1113 1317 444]
1134 1245 1223 1298 τὸν
1247 1245 1455 1317 χάρτην
1481 1249 1711 1302 ἀνέσπα-

120 1347 243 1393 σαν,
266 1330 328 1384 ὃν
357 1336 450 1384 καὶ
484 1335 891 1403 χειρωσάμενος
929 1336 1132 1400 Φώτιος
1174 1341 1253 1402 είς
1286 1339 1458 1394 λεπτὰ
1486 1343 1708 1396 κατέχοι-

114 1422 205 1487 Qa,
232 1422 413 1489 λέγων
438 1439 453 1453 ·
486 1424 635 1479 Οὔτε
672 1422 829 1494 ὑμᾶς
856 1426 994 1480 οὔτε
1014 1429 1121 1482 τὸν
1148 1430 1438 1499 Ἰγνάτιον
1464 1434 1712 1488 ἐπίσκο-

114 1534 237 1571 πον
260 1518 403 1584 ἔχω.

185 1610 409 1680 λβ¹-λγ¹.
445 1611 535 1683 Τῷ
561 1613 604 1683 β’
627 1613 757 1679 ἔτει,
790 1614 998 1669 Φωτίου
1028 1616 1121 1670 τὸν
1151 1618 1332 1689 τίμιον
1363 1621 1600 1693 σταυρὸν
1628 1623 1708 1687 εἰς

110 1703 215 1770 τὴν
253 1702 452 1772 ἑορτὴν
501 1703 783 1772 ὑψοῦντος,
825 1707 1061 1776 μοναχός
1100 1725 1181 1771 τις
1213 1708 1442 1779 πλησίον
1486 1711 1579 1765 τοῦ
1612 1714 1706 1766 θυ-

1292 970 1585 1039 Εξσὰγεται
1620 973 1713 1026 οὖν

1820 627 2053 681 rumque
2075 616 2318 685 synodus
2342 633 2534 673 omnes
2563 624 2939 677 exauctoravit
2971 634 3135 695 atque
3166 633 3412 699 proscri-

1817 703 1947 772 psit.
1982 704 2138 760 Hunc
2166 708 2421 763 Photium
2444 711 2648 767 Bardas
2678 714 2881 781 δεεστ,
2912 719 3194 778 Michaelis
3231 727 3408 796 impe-

1818 798 2018 851 ratoris
2050 801 2375 863 avunculus,
2419 805 2785 872 patriarcham
2810 820 2980 865 creat.
3008 812 3058 866 is
3082 812 3230 869 brevi
3265 828 3406 886 post,

1816 905 1955 959 quas
2003 907 2167 947 manu
2223 898 2447 965 propria
2491 900 2725 968 scriptas
2776 907 3144 974 metropolitis
3195 910 3406 966 litteras

1816 981 2045 1038 dederat
2086 994 2202 1039 tum
2248 1002 2371 1042 cum
2428 991 2606 1060 ipsum
2655 995 2961 1051 ordinaturi
3007 1015 3404 1068 convenerant,

1816 1075 1974 1143 petit,
2023 1086 2284 1146 tanquam
2331 1082 2541 1139 scilicet
2587 1086 2794 1156 aliquid
2824 1089 2878 1142 in
2914 1092 2996 1146 eis
3028 1095 3403 1163 inspecturus.

1813 1168 2054 1222 Allatum
2105 1184 2236 1240 ergo
2283 1171 2523 1241 diploma
2578 1187 2699 1241 est,
2735 1178 3006 1250 ﬁdemque
3056 1185 3284 1255 exigunt
3338 1204 3405 1242 ne

1815 1260 1949 1314 illud
1994 1259 2368 1333 diﬂ‘ringatur.
2411 1268 2480 1320 At
2510 1270 2601 1336 qui
2630 1271 2809 1325 Photii
2846 1275 3086 1342 partium
3135 1288 3312 1342 erant,
3351 1283 3405 1335 vi

1812 1361 2091 1422 arreptum
2125 1371 2157 1409 e
2201 1373 2364 1411 manu
2417 1364 2655 1416 tenentis
2709 1366 2958 1421 chartam
3018 1369 3401 1439 discidcrunt;

1811 1461 1975 1514 quam
2009 1457 2065 1501 et
2095 1448 2335 1514 EPhotius
2376 1454 2800 1524 apprehendens
2838 1460 3091 1514 minutim
3135 1464 3402 1531 concidit,

1812 1536 2000 1590 dicens
2032 1554 2044 1589 :
2074 1536 2252 1606 Neque
2279 1557 2364 1593 vos
2390 1545 2651 1611 episcopos
2692 1548 2856 1601 habeo
2882 1566 2975 1602 nec
3004 1551 3295 1620 lgnatium.

1882 1629 2073 1684 52-33.
2129 1632 2289 1687 Anno
2342 1636 2625 1701 secundo,
2681 1654 2806 1692 cum
2859 1642 3091 1697 Photius
3133 1660 3407 1700 veneran-

1810 1722 1933 1776 dam
1999 1738 2221 1778 crucem
2280 1742 2378 1795 per
2428 1721 2537 1782 diei
2596 1731 2717 1800 ejus
2772 1733 3042 1791 solemnia
3103 1737 3405 1804 exaltaret,

114 1796 445 1866 σιαστηρίου
470 1795 640 1860 ἑστὼς
675 1797 982 1868 διορατικὸς
1005 1796 1146 1852 εἶδεν
1176 1800 1353 1873 Θέαμα
1386 1803 1553 1871 ξένον,
1581 1806 1702 1874 ὅφιν

1812 1815 2119 1869 monachus
2169 1818 2393 1886 quidam
2450 1820 2595 1874 haud
2644 1825 2835 1890 procul
2898 1824 2968 1879 ab
3018 1828 3176 1881 altari
3232 1838 3404 1893 stans,

111 1887 460 1957 παμμεγέθη
507 1889 606 1951 τὰς
639 1891 833 1961 χεῖρας
866 1889 960 1943 τοῦ
1006 1892 1212 1945 Φωτὶου
1264 1896 1592 1965 κρατοῦντα,
1617 1899 1702 1951 τὸν

1812 1904 1898 1958 vir
1935 1905 2100 1975 672
2144 1906 2461 1962 futurorum
2500 1910 2861 1982 intelligentia
2909 1918 3219 1985 perspicax,
3252 1918 3408 1972 inau-

110 1978 169 2029 δὲ
204 1980 444 2049 σταυρὸν
469 1980 560 2033 τὸν
592 1980 778 2051 τίμιον
808 1982 894 2051 ἐφ’
928 1984 1122 2038 ἑαυτοῦ
1154 1985 1551 2057 ἀνυψούμενον.
1575 1990 1709 2042 Σύν-

106 2087 320 2141 τρομος
346 2072 402 2124 δὲ
433 2073 676 2141 γεγονὼς
716 2074 928 2145 μεγάλα
976 2074 1178 2146 ἕκραζε
1212 2079 1306 2130 καὶ
1336 2080 1600 2150 σύντομον
1624 2082 1704 2145 τὸ,

104 2165 314 2231 Κύριε,
340 2164 629 2232 ἐλέησον.
659 2166 767 2220 Καί
794 2184 938 2231 τινες
974 2168 1071 2221 σὺν
1096 2168 1243 2238 αὐτῷ
1273 2171 1523 2235 εὐλαϐεῖς
1556 2174 1708 2227 ἱστά-

109 2270 269 2320 μενοι
315 2255 377 2307 sb
423 2256 597 2310 αἰτιον
630 2258 953 2327 ἀνηρώτων,
984 2261 1080 2315 καὶ
1114 2262 1273 2328 αὐτὸς
1310 2264 1409 2334 τὴν
1438 2267 1707 2320 ὀπτασίαν

104 2342 264 2398 εἶπεν
298 2347 505 2410 αὐτοῖς.
555 2349 618 2403 οι
674 2350 731 2403 δὲ
779 2346 922 2421 ἦσαν
969 2352 1078 2405 τῶν
1115 2354 1223 2407 ἀπὸ
1258 2355 1359 2424 τῆς
1410 2357 1706 2429 ἐκκλησίας

104 2437 527 2508 πρεσϐυτέρων.
564 2434 724 2495 Οὗτοι
756 2441 811 2493 δὲ
846 2444 983 2512 πρὸς
1026 2445 1118 2499 τὸν
1152 2446 1361 2517 εὐλαϐῆ
1395 2449 1488 2502 καὶ
1522 2451 1704 2521 διορα-

101 2528 261 2581 τικδν
302 2528 498 2583 τοῦτον
552 2532 787 2602 μοναχὸν
833 2529 1009 2599 εἷπον,
1044 2537 1125 2590 ὃτι
1172 2540 1282 2591 Καὶ
1346 2540 1519 2609 ἡμεῖς
1576 2546 1703 2597 λει-

102 2620 517 2688 τουργοῦντες
569 2624 695 2693 μετ’
756 2625 947 2681 αὑτοῦ
1000 2628 1291 2684 οὐδέποτε
1351 2633 1704 2704 ἠκούσαμεν

98 2713 296 2767 αὐτοῦ
320 2715 519 2782 εὐχὴν
542 2718 907 2785 λαλοῦντος,
938 2721 1101 2774 ἀλλὰ
1118 2722 1234 2776 τῶν
1254 2726 1509 2791 θύραθεν
1534 2745 1702 2797 ποιη-

102 2804 227 2859 τῶν
284 2810 827 2877 ὐποψιθυρίζοντος
866 2814 1138 2881 ῥήματα·
1196 2818 1261 2870 τὸ
1304 2817 1374 2870 δὲ
1427 2821 1700 2888 χαλεπώ-

102 2914 303 2964 τερον,
331 2898 422 2952 ὅτι
450 2902 548 2952 καὶ
578 2903 859 2957 ὑποκάτω
898 2904 1009 2972 τῆς
1043 2907 1205 2974 θείας
1236 2910 1334 2962 καὶ
1366 2912 1538 2978 ἀνίας
1570 2930 1701 2981 τρα-

98 2990 286 3059 πέζης
314 2991 443 3061 ἐμεῖ
470 2993 938 3051 δυσωδέστατον
960 2998 1198 3068 ἐμετόν.

171 3257 270 3312 λδν·
317 3259 432 3314 Καὶ
464 3260 763 3332 διηγήσατο
798 3263 932 3333 ἡμῖν
976 3264 1230 3336 Ἰωάννης
1254 3269 1283 3321 ὁ
1323 3269 1693 3344 Ἡσυχαστής,

97 3353 240 3423 ἀνὴρ
265 3351 531 3423 θεοφόρος
564 3358 659 3407 καὶ
708 3357 1069 3426 προορατικὸς
1112 3360 1330 3430 ἀληθὲς,
1362 3364 1443 3417 ὅτι
1486 3367 1589 3418 Ἑν
1618 3365 1698 3432 τῷ

95 3445 389 3511 σπηλαίῳ
447 3443 595 3498 ποτὲ
648 3444 926 3513 σφοδρῶς
955 3447 1349 3519 καθεζομένου
1393 3472 1531 3523 μου,
1586 3456 1697 3510 δύο

93 3535 263 3601 τινὲς
290 3536 620 3604 ἡγούμενοι
648 3538 945 3607 Εὺθύμιος
972 3540 1068 3593 καὶ
1101 3541 1317 3613 Ἰωσὴφ
1337 3546 1457 3600 ὑπὸ
1471 3548 1697 3601 Φωτίου

93 3626 390 3695 σφοδρῶς
416 3627 764 3696 διωκόμενοι
788 3628 1133 3697 παρέὄαλον
1158 3637 1310 3700 πρός
1335 3653 1431 3704 με·
1459 3640 1557 3691 καὶ
1580 3655 1699 3693 κα-

92 3719 214 3784 θὼς
238 3719 474 3773 ἔδωκεν
498 3723 530 3774 d
560 3720 726 3786 Θεὸς,
752 3721 1043 3792 ὲστήριξα
1076 3727 1320 3801 αὐτοὺς,
1354 3731 1451 3783 καὶ
1481 3737 1695 3787 τελευ-

92 3810 269 3863 ταῖον
300 3811 513 3875 εἰπὼν,
548 3812 610 3866 '0
647 3817 979 3885 ὑπομείνας
1012 3818 1100 3883 είς
1133 3819 1330 3887 τέλος,
1367 3818 1547 3890 οὗτος
1581 3840 1697 3879 σω-

91 3902 384 3969 θήσεται,
426 3903 713 3959 ἀπέλυσα
750 3906 995 3972 αὐτούς.
1032 3906 1114 3978 Τῇ
1141 3910 1209 3965 δὲ
1238 3912 1498 3983 ἐπιούσῃ
1526 3918 1697 3972 νυκτί

91 3998 209 4064 πρὸ
234 3996 348 4050 τοῦ
363 3997 732 4066 ἀφυπνῶσαί
755 4019 832 4069 με
849 4003 1121 4072 παρέστη
1141 4023 1242 4074 μοι
1266 4009 1486 4078 Αἰθίοψ
1498 4012 1694 4080 μέγας

91 4088 199 4143 καὶ
217 4089 531 4156 ἁπευκτὸς
548 4091 647 4145 καί
670 4092 819 4148 ἰδεῖν
839 4098 1109 4165 φρικτός,
1131 4099 1199 4165 ὃς
1217 4099 1467 4166 ἧπλωσε
1484 4104 1698 4173 κρατῆ-

89 4199 199 4235 σαι
232 4181 346 4234 τοῦ
376 4182 597 4251 λαιμοῦ
630 4202 752 4253 μου
774 4188 925 4255 πρὸς
946 4191 1011 4241 τὸ
1030 4191 1366 4257 ἀποπνῖξαι
1384 4211 1479 4263 με.
1507 4198 1699 4263 Εὐθὺς

90 4274 161 4326 δὲ
181 4272 308 4343 ἐγὼ
325 4274 434 4326 τὸν
454 4276 646 4329 τύπον
668 4278 772 4332 τοῦ
789 4283 1057 4349 σταυροῦ
1077 4284 1344 4352 ποιήσας
1364 4287 1461 4340 καὶ
1483 4289 1698 4358 θαρῤήο

88 4383 212 4432 σας
246 4365 562 4433 ἐκράτησα
591 4370 777 4423 αὑτὸν
800 4372 917 4425 ἀπὸ
951 4371 1057 4441 τῆς
1081 4379 1302 4445 χειρὸς,
1330 4380 1451 4443 καὶ,
1494 4384 1589 4449 Τίς
1620 4380 1695 4450 εἷ,

88 4460 318 4528 λέγων,
340 4458 436 4510 καὶ
451 4461 507 4511 τί
525 4460 592 4512 τὸ
613 4461 798 4531 ὄνομά
815 4480 955 4527 σου,
968 4468 1065 4519 καὶ
1086 4470 1172 4534 τίς
1193 4472 1225 4522 ό
1242 4472 1610 4541 ἀποστείλας
1626 4493 1698 4529 σε

1813 1999 1980 2054 ditam
2026 2014 2142 2055 rem
2185 2001 2327 2055 vidit
2366 2018 2430 2056 ac
2462 2005 2621 2072 plane
2671 2006 2970 2069 insolitam,
3019 2008 3256 2079 ingentis
3290 2027 3403 2063 mo—

1811 2094 1879 2148 lis
1925 2102 2244 2163 serpentem
2296 2094 2478 2148 Photii
2526 2096 2961 2167 adstringentem
3011 2114 3230 2164 manus,
3278 2116 3404 2154 cum

1804 2170 2128 2241 veneranda
2179 2202 2315 2241 crux
2366 2186 2483 2256 ipsa
2541 2204 2571 2242 a
2627 2205 2685 2245 se
2734 2189 2854 2259 ipsa
2900 2191 3257 2245 exaltaretur.
3302 2193 3401 2247 Rei

1809 2296 1941 2351 ergo
1972 2282 2289 2349 spectaculo
2335 2281 2584 2345 territus,
2633 2298 2827 2352 magna
2870 2294 3240 2355 contentaque
3270 2301 3405 2339 voce

1809 2374 2071 2431 clamare.
2095 2372 2337 2435 Domine,
2372 2375 2645 2426 miserere.
2706 2374 2981 2431 Clamoris
3032 2391 3257 2431 causam
3309 2393 3405 2431 ex-

1808 2465 2193 2535 quirentibus,
2245 2464 2341 2533 qui
2386 2480 2512 2519 cum
2572 2466 2667 2520 illo
2712 2467 2933 2522 stabant
2981 2471 3086 2524 viri
3137 2472 3401 2542 religiosi,

1805 2558 2075 2613 visionem
2151 2558 2261 2613 illis
2325 2559 2566 2628 aperuit.
2649 2559 2821 2614 Erant
2893 2563 2949 2617 hi
3018 2579 3085 2619 ex
3153 2566 3402 2621 ecclesim

1804 2649 2163 2721 presbyteris,
2203 2650 2298 2719 qui
2341 2657 2398 2704 et
2438 2651 2540 2719 ipsi
2588 2652 2891 2707 venerabili
2937 2654 3069 2709 huic
3118 2671 3183 2709 ac
3234 2657 3400 2726 spiri-

1806 2743 1897 2795 tali
1959 2742 2232 2796 monacho
2289 2742 2552 2797 dixerunt
2581 2762 2594 2797 :
2632 2744 2739 2798 Nos
2771 2762 2975 2815 quoque
3005 2764 3123 2799 cum
3163 2747 3262 2800 illo
3288 2764 3399 2801 rem

1803 2852 2017 2888 sacram
2062 2842 2371 2905 peragentes
2406 2852 2681 2906 nunquam
2715 2837 3002 2891 solemnem
3044 2842 3400 2908 precationem

1802 2926 2057 2978 dicentem
2107 2942 2225 2978 eum
2278 2926 2607 2993 audivimus,
2662 2928 2753 2981 sed
2814 2930 3163 2998 profanorum
3217 2940 3400 2985 vatum

1801 3017 1957 3071 verba
2008 3017 2552 3071 submurmurantem.
2596 3018 2747 3083 Quod
2780 3036 2897 3072 vero
2939 3022 3016 3074 his
3052 3024 3264 3091 gravius
3293 3032 3394 3077 est»

1802 3112 1961 3164 etiam
2008 3111 2101 3163 sub
2153 3112 2332 3164 divina
2381 3127 2640 3181 sacraque
2720 3130 2898 3167 mensa
2963 3114 3141 3183 fetoris
3190 3117 3401 3185 pessimi

1722 3226 1766 3285 ο
1800 3206 2051 3258 vomitum
2082 3205 2267 3272 egerit.

1871 3296 1959 3349 ⁸54.
1996 3294 2251 3348 Narravit
2283 3295 2442 3348 nobis
2494 3296 2735 3349 Joannes
2770 3296 3080 3361 Solitarius,
3130 3297 3214 3350 vir
3251 3296 3396 3352 divi-

1800 3402 1906 3441 nus
1949 3402 2014 3440 ac.
2065 3386 2263 3455 spiritu
2328 3387 2655 3456 prophetico
2716 3389 3006 3457 praeditus,
3058 3406 3201 3444 vera:
3249 3390 3397 3444 istud

1800 3474 2175 3530 narrationis:
2208 3474 2339 3530 Cum
2396 3476 2712 3545 quandoque
2760 3478 2869 3546 ipse
2922 3479 3156 3547 graviter
3202 3478 3397 3532 habens

1798 3569 1854 3623 in
1903 3583 2059 3638 specu
2102 3585 2218 3623 mea
2262 3568 2535 3633 sederem,
2591 3570 2693 3622 duo
2746 3571 2966 3639 quidam
3019 3572 3396 3623 monachorum

1800 3660 2073 3729 praepositi
2114 3660 2431 3731 Enthymius
2499 3669 2548 3715 et
2595 3660 2809 3731 Ioseph,
2849 3678 2978 3731 quos
3025 3661 3240 3715 Photius
3284 3664 3397 3715 dire

1800 3763 2225 3822 persequeretur,
2292 3754 2363 3805 ad
2408 3769 2489 3806 me
2540 3763 2830 3818 venerunt;
2891 3755 3074 3824 quibus
3132 3762 3395 3824 quantum

1798 3842 1941 3896 Deus
2004 3843 2145 3896 dedit
2221 3861 2253 3897 a
2321 3859 2404 3897 me
2463 3843 2816 3912 conﬁrmatis.
2882 3853 3040 3912 atque
3094 3843 3165 3896 ad
3219 3854 3392 3897 extre-

1801 3954 1947 3993 mum
1997 3938 2225 4007 adjecto,
2278 3937 2380 4003 Qui
2436 3939 2846 4008 perseveraverit
2889 3955 3053 4007 usque
3098 3939 3153 3991 in
3207 3939 3391 4006 ﬁnem,

1800 4031 1880 4083 hic
1913 4028 2092 4083 salvus
2128 4028 2225 4081 erit
2258 4036 2306 4091 ⁸,
2343 4046 2375 4081 a
2424 4044 2507 4081 me
2543 4044 2627 4081 eos
2675 4029 2870 4080 dimisi.
2906 4026 3158 4097 Sequenti
3214 4037 3393 4081 autem

1801 4131 1949 4175 nocte
2038 4121 2345 4191 priusquam
2407 4119 2886 4181 obdormiscerem,
2972 4119 3191 4172 adstitit
3268 4121 3395 4177 mihi

1800 4210 2043 4281 xEthiops
2102 4227 2327 4280 magnus
2397 4217 2446 4261 et
2507 4209 2776 4263 horribilis
2851 4210 3212 4279 adspectuque
3288 4218 3396 4263 ter-

1802 4304 2001 4367 ribilis,
2068 4312 2119 4357 et
2192 4312 2249 4356 ut
2306 4311 2487 4356 tenens
2546 4311 2760 4372 gutture
2832 4303 3140 4372 suﬂ'ocaret,
3204 4318 3394 4356 manus

1802 4397 2101 4467 explicavit.
2132 4393 2255 4450 Mox
2275 4410 2369 4464 ego
2397 4395 2561 4447 crucis
2592 4410 2672 4447 me
2694 4394 2847 4462 signo
2888 4394 3151 4453 muniens,
3187 4408 3394 4447 assum«

1804 4499 2002 4558 ptaque
2043 4486 2265 4555 ﬁducia,
2297 4485 2556 4550 Quisnam
2588 4501 2708 4538 vero
2736 4500 2787 4537 es
2823 4494 2903 4549 tu,
2927 4486 3034 4549 aio,
3063 4484 3262 4554 quodve
3296 4484 3396 4537 tib-

89 4550 383 4609 ἐνταῦθα,
412 4552 510 4602 καί
530 4550 605 4604 δι’
628 4553 709 4619 ἢν
729 4557 957 4621 αίτιἀν;
980 4560 1179 4612 Αὑτὸν
1200 4562 1268 4613 δὲ
1293 4564 1693 4633 ἀποκριθέντα

1805 4596 1986 4633 nomen
2009 4581 2109 4634 ?ac
2123 4582 2239 4649 quis
2261 4588 2310 4632 te
2329 4582 2448 4639 huc.
2470 4596 2531 4633 ac
2548 4594 2734 4648 quare,
2751 4580 2890 4631 misit
2911 4578 2935 4630 ?
2953 4576 3055 4641 Qui
3071 4577 3344 4647 respondit
3377 4594 3395 4631 :

88 4643 316 4695 εἰπεῖν·
337 4643 485 4709 Ἐγώ
502 4647 615 4713 είμι
634 4650 667 4699 ὀ
684 4645 942 4715 δυνατὸς
952 4652 1070 4718 μὲν
1090 4653 1195 4706 τοῦ
1217 4657 1455 4724 Βελίαρ,
1478 4662 1700 4729 ὑπουρ-

93 4736 198 4804 γὸς
221 4735 298 4788 δὲ
317 4737 546 4790 φωτίου
564 4755 576 4767 ·
606 4739 792 4807 ὄνομα
819 4741 887 4794 δέ
908 4761 1007 4812 μοι
1035 4746 1366 4815 Λεόούφας,
1400 4753 1697 4821 συνεργὸς

92 4833 337 4902 γοήτων
353 4833 451 4886 καὶ
471 4834 820 4903 φαρμακῶν,
837 4838 1055 4907 ὀδηγὸς
1067 4842 1295 4910 μοιχῶν
1310 4846 1407 4899 καί
1426 4849 1696 4917 λῃστῶν,

89 4928 284 4996 φίλος
315 4927 385 4980 δὲ
422 4930 730 4996 Ἐλλήνων
766 4935 863 4986 καὶ
904 4935 1009 4989 τοῦ
1050 4938 1196 5006 ἐμοῦ
1222 4941 1294 4992 ἐν
1331 4944 1573 5010 κρυπτῷ
1603 4950 1696 4999 Οε-

85 5017 416 5084 ράποντος
440 5022 687 5076 Φωτίου.
718 5023 1057 5083 Ἀπέστειλε
1077 5029 1143 5082 δέ
1159 5048 1237 5099 με
1261 5037 1292 5086 ὀ
1330 5035 1700 5099 ἐξουσιάᾷων

86 5126 166 5177 με
198 5112 295 5176 είς
330 5110 655 5179 ἐκδίκησιν
691 5117 878 5171 αὑτοῦ
908 5118 1007 5173 διὰ
1044 5121 1151 5185 τὰς
1180 5123 1319 5190 χθὲς
1349 5126 1476 5180 κατ’
1510 5130 1697 5184 αὑτοῦ

91 5203 367 5271 ἀτιμίας,
428 5204 535 5258 τοῦ
568 5208 1068 5278 περιεργάσεσθαί
1102 5229 1195 5279 σε,
1243 5213 1404 5283 ὅπως
1439 5237 1694 5291 μεταμε-

88 5297 313 5361 ληθεὶς
337 5295 607 5365 ἀποδέξῃ
626 5302 813 5354 αὑτὸν
835 5302 931 5355 καί
963 5304 1373 5376 ἀλλοτριωθῇς
1391 5311 1498 5364 τοῦ
1522 5314 1691 5375 Θεοῦ,

92 5386 300 5456 καθὼς
358 5390 460 5443 καὶ
527 5392 742 5458 ἄλλοις
796 5396 975 5451 τοῦτο
1024 5401 1359 5469 πεποίηκεν
1414 5406 1689 5471 πολλοῖς.

163 5608 195 5639 ι
236 5596 443 5653 Matth.
476 5613 531 5663 ι,
564 5597 655 5653 22.

1805 4674 1917 4742 Ego
1950 4690 2066 4726 sum
2107 4682 2288 4741 potens
2318 4672 2550 4726 Beliaris
2583 4671 2862 4741 Photiique
2890 4672 3172 4725 minister:
3205 4687 3394 4723 nomen

1802 4765 1965 4835 673
1999 4765 2124 4818 mihi
2156 4764 2407 4834 Lebufas;
2454 4764 2905 4834 praestigiatorum
2944 4763 3163 4829 adiutor
3200 4779 3263 4814 ac
3302 4779 3393 4816 υε-

1803 4855 2112 4924 neﬁcorum,
2156 4858 2477 4910 moechorum
2513 4856 2621 4909 dux
2655 4864 2703 4909 et
2735 4854 3032 4918 latronum,
3080 4852 3390 4907 Graecorum

1802 4950 2003 5003 amicus
2032 4965 2093 5002 ac
2133 4948 2327 5013 Photii,
2358 4950 2446 5016 qui
2486 4966 2632 5003 meus
2666 4950 2720 5001 in
2765 4946 2968 5001 occulto
3007 4962 3192 5001 servus
3232 4953 3308 5001 est
3344 4962 3395 5007 et

1802 5038 1991 5093 cultor.
2026 5038 2168 5093 Misit
2210 5055 2292 5092 me
2345 5056 2465 5093 vero
2508 5040 2752 5092 dominus
2795 5052 2939 5090 meus
2990 5036 3165 5090 ultum
3204 5036 3344 5089 serio
3378 5075 3394 5099 ,

1802 5148 1920 5201 quae
1961 5133 2016 5186 in
2060 5148 2177 5185 eum
2225 5132 2422 5202 probra
2466 5132 2813 5194 herijactata
2863 5140 3006 5193 sunt,
3031 5130 3395 5198 curiosiusque

1802 5226 2154 5289 observatum,
2201 5242 2305 5296 quo
2337 5227 2580 5281 nimirum
2634 5224 2942 5296 paenitentia
2989 5225 3177 5276 ductus
3220 5224 3394 5291 ipsum

1806 5319 2027 5389 recipias
2058 5327 2213 5389 atque
2242 5337 2275 5373 α
2308 5319 2419 5373 Deo
2449 5320 2657 5373 alienus
2678 5317 2799 5387 ﬁas,
2835 5318 2973 5388 quod
2999 5325 3047 5370 et
3084 5333 3188 5371 non
3210 5317 3395 5385 paucis

1803 5408 1924 5464 aliis
1967 5411 2107 5481 fecit.
2148 5412 2191 5466 T
2193 5430 2222 5465 ιι
2256 5414 2518 5466 enimvero
2551 5413 2722 5466 cruris
2771 5418 3053 5465 armatura
3100 5407 3394 5463 invalidum

1432 5749 1510 5805 VA
1523 5751 1660 5809 ill/li
1700 5755 1989 5813 LECTION
2001 5758 2106 5813 ES.

159 5868 212 5905 ‘°
234 5872 269 5925 ὁ
300 5886 415 5926 om.
447 5874 508 5927 P.
585 5875 629 5907 ⁸¹
672 5878 941 5949 ἀσφάλεια
966 5879 1052 5934 ἵνα
1075 5880 1153 5953 μὴ
1182 5880 1481 5953 διαρῤηχθῇ
1508 5882 1529 5936 ?
