4174 6442
148 434 255 494 737

1092 435 1461 497 ANNAIES.
1504 464 1560 471 --υ
1609 438 1951 501 ΜΗἸΠᾹΕΙ.
1988 443 2083 501 ΕΤ
2115 443 2550 509 TiIEUDORA.

3274 482 3277 483 ν
3320 458 3427 521 738

150 546 475 617 ερλομένου.
512 543 876 617 καθεξόμενος
896 549 927 600 ὖ
956 552 1242 619 πατρίκιος
1273 553 1541 621 Δαμιανὶς
1576 553 1633 604 ἐν
1666 552 1716 622 τί

1842 570 2026 608 coram
2090 566 2442 623 transeunte,
2496 561 2791 616 Damianus
2846 567 3111 634 patricius
3164 579 3219 625 et
3267 587 3427 628 accu-

149 637 456 708 ὡρολογίῳ,
488 638 517 689 ό
574 638 667 690 καὶ
726 640 1247 710 παρακοιμώμενος,
1302 644 1402 695 οὐκ
1457 645 1738 715 ἐπηγέρθη

146 730 385 799 τιμῆσαι
422 728 606 782 αὑτόν.
655 730 715 781 'U
744 728 798 781 δὲ
857 729 1129 800 θυμωθεὶς
1172 734 1252 803 τῷ
1289 734 1502 804 βασιλεῖ
1538 738 1741 788 κλαίων

147 822 312 874 τοῦτο
350 822 708 891 ἀπήγγειλεν,
748 826 873 888 καὶ,
919 825 1002 877 ὅτι
1057 827 1161 890 Εἰς
1195 826 1427 893 ὄνειδος
1472 826 1580 893 τῆς
1622 828 1731 895 (τῆς
1767 842 1773 849 ’

139 914 476 979 ,ϐασιλείας
514 917 623 968 οὐκ
652 915 949 983 ἐπηγέρθη
980 935 1103 985 μοι.
1149 919 1206 971 '0
1241 920 1295 973 δὲ
1323 921 1573 990 βασιλεὺς
1602 927 1734 995 αὐτῇ

144 1008 214 1073 τῇ
257 1003 380 1081 gap;
418 1005 655 1074 ἐξορίζει
702 1008 795 1058 τὸν
826 1008 1324 1079 παρακοιμώμενον
1360 1014 1634 1081 Δαμιανὸν
1681 1017 1738 1067 ἐν

146 1094 225 1165 τῷ
268 1095 441 1165 Ἀγίῳ
476 1096 760 1163 Μὰμαντι,
795 1100 890 1149 καὶ
922 1098 1287 1168 προϐάλλεται
1325 1099 1601 1155 Βασίλειον
1642 1105 1735 1156 τὸν

145 1188 620 1259 πρωτοστράτορα
659 1190 825 1242 αὑτοῦ
876 1189 1388 1262 παρακοιμώμενον.
1436 1196 1606 1248 Τοῦτο
1638 1199 1665 1249 ὁ
1690 1200 1734 1229 ⁸³

144 1282 374 1349 Καῖσαρ
408 1278 532 1332 ἰδὼν
572 1280 819 1351 ἐλυπήθη
858 1282 1001 1347 λίαν,
1046 1286 1140 1337 καὶ
1199 1286 1386 1355 ἐζήτει
1414 1289 1734 1343 ἀποκτεῖναι

144 1371 452 1427 Βασίλειον.

220 1464 295 1532 μ’.
336 1468 428 1537 Τῷ
452 1466 518 1520 ια’
546 1468 713 1521 αὑτοῦ
749 1469 857 1523 ἔτει
888 1470 1151 1541 ἐχώρισεν
1174 1476 1200 1526 ὁ
1233 1475 1482 1545 βασιλεὺς
1516 1477 1731 1547 Μιχαὴλ

143 1558 235 1608 τὸν
268 1557 553 1611 Βασίλειον
589 1561 688 1631 τῆς
740 1563 905 1641 αὑτοῦ
944 1567 1201 1631 γυναικὸς
1251 1568 1487 1638 Μαρίας,
1524 1571 1615 1622 καὶ
1644 1572 1729 1622 δέ-

138 1650 320 1701 δωκεν
371 1649 520 1720 αὑτῷ
558 1656 794 1719 γυναῖκα
849 1656 1113 1711 Εὑδοκίαν
1151 1661 1250 1727 τὴν
1287 1662 1613 1731 ’Ῑγγηρίναν,
1654 1665 1731 1715 διο

138 1738 473 1806 ορισσὶμενος
510 1740 661 1810 αὐτῷ
692 1746 894 1812 κυρίως
921 1746 1092 1816 αὐτὴν
1134 1748 1307 1818 ἔχειν’
1342 1748 1409 1820 ἦν
1448 1754 1555 1824 γὰρ
1591 1755 1728 1824 αὑτὴ

137 1827 233 1879 τοῦ
272 1829 542 1897 βασιλέως
581 1833 850 1905 παλλακὴ.
883 1838 976 1888 καὶ
1026 1839 1168 1892 πάνυ
1214 1843 1403 1909 ἠγάπα
1444 1843 1612 1912 αὐτὴν
1651 1844 1725 1907 ὡς

137 1919 418 1990 εὐπρεπῆ.
466 1922 574 1992 Τὴν
616 1923 671 1975 δὲ
705 1926 980 1995 προτέραν
1015 1930 1177 1982 αὑτοῦ
1208 1933 1439 1998 γυναῖκα
1481 1934 1719 1999 Μαρίαν,

133 2011 263 2073 δοὺς
301 2016 532 2082 χρυσίον
577 2017 668 2068 καί
705 2018 935 2072 πλοῦτον
969 2025 1152 2087 πολὺν,
1194 2025 1512 2080 ἀπέστειλεν
1544 2029 1624 2091 εἰς
1662 2031 1727 2080 τὰ

134 2104 267 2157 ἴδια.
297 2107 509 2159 Θέκλαν
546 2107 602 2160 δὲ
631 2108 727 2179 τὴν
775 2111 909 2165 ἰδίαν
952 2114 1187 2186 ἀδελφὴν
1237 2122 1587 2190 προσήρμοσε
1624 2122 1728 2174 Βα-

132 2197 326 2267 σιλείῳ
355 2198 449 2250 τοῦ
476 2198 620 2268 ἔχειν
646 2202 815 2272 αὐτὴν
852 2205 1018 2267 ἰδίως.
1054 2207 1109 2257 Ὀ
1136 2208 1320 2277 μέντοι
1341 2213 1561 2280 Καῖσαρ
1581 2215 1672 2267 καὶ
1698 2218 1727 2267 ὁ

127 2288 407 2354 βασίλειος
432 2291 806 2345 ὑπεϐλέποντο
829 2294 1118 2363 ἀλλήλους,
1142 2300 1431 2370 ζητοῦντες
1457 2304 1579 2367 πῶς
1601 2305 1721 2356 ἓτε-

130 2394 224 2446 ρος
248 2380 344 2429 τὸν
383 2380 571 2451 ἕτερον
602 2384 788 2454 ἀνέλῃ.
823 2387 915 2437 Διὸ
938 2390 1031 2439 καὶ
1057 2391 1315 2462 ἐλοιδόρει
1343 2393 1434 2445 τὸν
1468 2395 1722 2467 Καίσαρα

126 2469 418 2532 Βασίλειος
441 2472 577 2542 πρὸς
596 2474 929 2545 τὸνβασιλέα
947 2480 1019 2543 ὡς
1047 2484 1168 2533 κατ’
1195 2484 1363 2535 αὑτοῦ
1390 2486 1718 2555 μελετῶντα.

136 2560 200 2613 ὐ
217 2562 276 2615 δὲ
294 2563 475 2616 ταῦτα
499 2565 572 2628 ὠς
595 2566 759 2639 λῆρον
790 2571 1008 2640 ἤκουεν.
1029 2573 1120 2625 Διὸ
1135 2576 1229 2626 καὶ
1250 2578 1493 2630 σπεύδων
1518 2582 1621 2650 πλη
1635 2599 1720 2650 ροο

123 2653 369 2722 φορῆσαι
386 2657 477 2708 τὸν
495 2656 720 2726 βασιλέα
743 2663 1120 2730 συμφ.λιοῦται
1140 2668 1431 2740 Συμϐατίῳ
1448 2676 1725 2741 πατρικίῳ

127 2749 223 2800 καὶ
249 2748 516 2821 λογοθέτῃ
536 2751 631 2804 τοῦ
649 2754 872 2824 δρόμου,
896 2759 1131 2830 γαμϐρῷ
1168 2762 1262 2813 τοῦ
1289 2765 1563 2835 Καίσαρος
1588 2783 1602 2795 θ
1627 2771 1720 2821 καὶ

118 2838 191 2889 δι’
243 2842 429 2908 ὅρκων
474 2842 785 2912 βεϐαιοῦσιν
839 2848 1103 2917 ἀλλήλους
1145 2851 1190 2883 ⁸³
1243 2853 1342 2923 τὴν
1393 2857 1471 2919 είς
1516 2860 1718 2921 αὐτοὺς

120 2933 409 3000 ὁμόνοιαν.
480 2936 878 3009 Ἐπληροφόρει
936 2941 994 2992 δὲ
1064 2943 1372 3013 Συμϐἀτιον
1439 2948 1719 3014 Βασίλειος

116 3026 191 3078 δι’
241 3028 429 3097 ὅρκων
468 3031 733 3099 φρικτῶν,
782 3033 863 3085 ὅτι
905 3034 1014 3087 Τοῦ
1048 3036 1359 3103 ,βασιλέως
1396 3041 1599 3094 πολλά
1645 3061 1720 3096 σε

117 3119 494 3187 ἀγαπῶντος
554 3123 843 3185 ,βούλεται
903 3130 1171 3197 Καίσαρα
1236 3134 1712 3199 προϐάλλεσθαι,

1846 648 1992 700 bitor
2012 648 2064 702 in
2098 648 2384 721 liorologio
2407 653 2608 707 sedens
2639 654 2716 707 illi
2744 655 2972 713 honoris
3002 676 3165 717 causa
3199 665 3426 720 minime

1825 741 2163 817 ‘ssurrcxit.
2218 744 2292 797 Ea
2322 760 2409 796 .re
2460 746 2549 800 iilc
2594 759 2955 817 exasperatus
3003 752 3196 823 lugens
3250 757 3427 827 impco

1844 832 2008 883 ratori
2054 834 2241 899 refert,
2289 835 2453 904 idque
2508 840 2692 894 animo
2726 842 3057 911 cogitantem
3094 848 3169 901 ait
3204 866 3311 905 non
3342 868 3428 905 as-

1840 927 2164 993 surrexisse,
2192 939 2249 982 ut
2290 932 2490 1000 regiam
2518 934 2685 1001 ipsam
2715 937 3265 1010 majestateminjuria
3296 962 3419 1013 pro-

1838 1014 2033 1083 broque
2077 1020 2321 1073 violaret.
2378 1020 2493 1077 Hoc
2534 1025 2725 1079 audito
2776 1028 3107 1096 imperator,
3163 1032 3467 1088 Damiano.-

1839 1110 1905 1162 ad
1966 1112 2022 1166 S.
2070 1113 2360 1170 Mamantis
2406 1117 2690 1187 ablegato,
2751 1121 3009 1178 Basilium
3058 1134 3424 1194 protostrato—

1840 1218 1952 1255 rem
2007 1205 2385 1260 accubitorem
2447 1210 2697 1278 praeficit.
2747 1213 2951 1270 Videns
3012 1228 3195 1273 autem
3244 1218 3426 1274 Caesar

1839 1308 1952 1346 rem
1983 1296 2369 1353 molestissime
2401 1298 2615 1366 habuit,
2646 1320 2950 1375 necemque
2984 1308 3185 1363 Basilio
3220 1311 3426 1365 machi-

1834 1389 2090 1443 nabatur.

1903 1480 1994 1533 40.
2045 1482 2203 1536 Αιιιιο
2239 1486 2359 1552 ejus
2405 1486 2620 1553 imperii
2662 1488 2954 1545 undecimo
3001 1491 3232 1549 Michael
3280 1494 3426 1551 Basi-

1833 1566 1966 1621 lium
2015 1572 2159 1640 cogit
2202 1574 2331 1626 dato
2379 1574 2566 1629 libello
2617 1578 2833 1645 repudii
2877 1580 3098 1634 Mariam
3136 1586 3423 1654 conjugem

1833 1658 2135 1724 dimittere,
2172 1664 2370 1717 tradita
2406 1666 2454 1717 ei
2492 1682 2661 1720 uxore
2710 1666 2952 1723 Eudocia
2987 1670 3275 1739 lngerina;
3302 1678 3420 1743 jus-

1834 1768 2064 1822 sumque
2120 1756 2194 1807 illi
2245 1765 2301 1809 ut
2346 1769 2465 1811 rato
2516 1775 2635 1814 eam
2683 1763 2943 1832 conjugio
2994 1763 3243 1819 haberet.
3292 1768 3423 1820 Erat

1833 1843 1977 1896 enim
2032 1845 2181 1897 illius
2222 1848 2550 1911 concubina,
2590 1866 2753 1919 quam
2804 1867 3018 1905 summe
3062 1853 3326 1922 diligebat
3356 1872 3424 1908 eo

1832 1935 1978 2003 quod
2016 1935 2189 1991 forma
2224 1942 2609 1996 venustissima
2640 1955 2805 1999 esset.
2849 1946 3090 1999 Priorem
3130 1964 3262 2002 vero
3298 1966 3421 2002 uxo-

1832 2042 1946 2079 rem
1984 2028 2206 2083 Mariam
2254 2049 2390 2087 auro
2431 2035 2664 2103 aliisque
2691 2037 2900 2092 divitiis
2928 2039 3183 2093 donatam
3214 2040 3280 2094 ad
3323 2057 3418 2096 sua

1830 2122 2063 2175 remisit.
2118 2123 2377 2178 Theclam
2438 2138 2619 2181 autem
2686 2145 2932 2184 sororem
2996 2147 3151 2185 suam
3219 2133 3419 2188 Basilio

1829 2212 2157 2281 despondit,
2219 2225 2279 2267 ut
2340 2217 2599 2285 privatim
2657 2236 2777 2273 eam
2840 2221 3087 2275 haberet.
3143 2222 3415 2277 Cmteruni

1827 2306 2006 2357 Caesar
2048 2315 2103 2357 et
2128 2307 2361 2364 Basilius
2385 2311 2489 2363 sibi
2537 2322 2726 2365 mutuo
2763 2313 3001 2382 suspecti
3034 2324 3213 2379 erant,
3253 2324 3419 2385 atque

1827 2400 1967 2449 alter
2018 2398 2251 2453 alterum
2321 2402 2513 2455 tollere,
2571 2404 2909 2472 qumrebant.
2981 2406 3109 2459 Eam
3167 2407 3237 2459 ob
3299 2424 3414 2461 rem

1828 2489 2061 2544 Basilius
2111 2492 2254 2560 apud
2313 2493 2703 2563 imperatorem
2756 2500 3069 2566 expostulat
3120 2500 3301 2553 moliri
3358 2501 3415 2554 in

1824 2597 1949 2634 eum
1995 2582 2284 2638 Cresarem.
2325 2586 2528 2640 Verum
2579 2588 2695 2643 haec
2737 2589 2827 2644 ille
2877 2599 2941 2644 ut
2983 2592 3176 2647 deliria
3220 2593 3415 2649 audie«

1827 2672 1937 2727 bat.
1989 2676 2357 2741 Quamobrem
2392 2681 2560 2751 676
2595 2683 2759 2736 etiam
2812 2683 3048 2738 Basilius
3093 2685 3255 2741 ﬁdem
3308 2687 3414 2739 im-

1823 2768 2061 2833 peratori
2113 2767 2360 2821 facturus
2414 2771 2686 2825 amicitias
2724 2774 2906 2843 jungit
2953 2791 3077 2828 cum
3131 2774 3416 2846 Symbatio

1824 2856 2057 2924 patricio
2115 2874 2179 2912 ac
2214 2858 2392 2913 dromi
2424 2862 2726 2931 logotheta,
2775 2864 3007 2918 Caesaris
3047 2882 3285 2936 genero;
3318 2868 3410 2938 ju-

1822 2958 2107 3017 ratamque
2159 2953 2299 3006 alter
2341 2954 2499 3007 alteri
2538 2956 2894 3009 concordiam
2939 2956 3181 3011 ﬁrmant.
3212 2959 3412 3015 Aiebat

1824 3041 2058 3095 Basilius
2090 3044 2493 3116 horrendisque
2541 3049 2869 3117 juramentis
2908 3049 3228 3106 adstruebat
3258 3050 3412 3121 diligi

1822 3148 1940 3186 cum
1976 3134 2267 3203 plurimum
2323 3138 2388 3190 ab
2435 3140 2778 3207 imperatore.
2833 3157 2896 3193 ac
2954 3140 3087 3193 velle
3144 3139 3409 3196 Cursarem

114 3212 283 3265 ἀλλὰ
327 3212 424 3266 διὰ
452 3214 561 3265 τὸν
599 3218 892 3284 πενθερόν
921 3237 1038 3273 σου
1084 3222 1258 3275 τοῦτο
1288 3225 1536 3292 πονῆσαι
1567 3228 1710 3282 ἀδυ-

1820 3224 2131 3289 ρνουεΙιενθ,
2206 3242 2300 3278 nec
2356 3236 2533 3279 tamen
2602 3239 2816 3297 propter
2880 3232 2993 3299 ejus
3055 3248 3292 3284 socerum
3353 3232 3410 3284 id

116 3304 317 3359 ιάτεῖ.
360 3307 447 3358 Ἐν
484 3306 695 3373 τούτοις
742 3312 1041 3380 ἀπατηθεὶς
1091 3318 1118 3367 ο
1170 3318 1478 3385 Συμὸατιος
1523 3322 1717 3391 γέγονε

114 3397 263 3447 κατὰ
329 3396 424 3448 τοῦ
495 3400 772 3470 Καίσαρος
834 3404 1013 3473 Βάρδα
1063 3406 1154 3457 τοῦ
1218 3410 1350 3461 ἰδίου
1408 3415 1714 3481 πενθεροῦ,

111 3490 212 3540 καὶ
267 3490 535 3543 εἰσελθὼν
597 3494 682 3556 εἰς
743 3494 838 3547 τὸν
912 3496 1136 3565 βασιλέα
1199 3501 1517 3569 ἐξωμόσατο
1580 3508 1715 3575 πλη-

114 3582 450 3651 ροφορήσας
518 3584 685 3637 αὐτόν
746 3604 893 3650 πως·
940 3592 1000 3642 Ὀ
1026 3591 1257 3661 Καῖσαρ
1290 3597 1587 3658 βούλεταί
1620 3618 1713 3663 σε,

111 3674 315 3742 φησιν,
360 3675 630 3741 ἀνελεῖν,
694 3678 925 3741 ἐξειπὼν
972 3686 1065 3734 καὶ
1109 3686 1175 3737 τὰ
1230 3688 1327 3754 τῆς
1390 3688 1607 3757 βουλῆς.
1658 3694 1714 3747 ’0

108 3770 166 3821 ἑὲ
191 3769 459 3838 βασιλεὺς
488 3775 602 3835 τοῖς
628 3774 814 3844 ὅρκοις
850 3777 1161 3845 Συμϐατίου
1194 3785 1437 3847 πεισθεὶς
1469 3789 1561 3838 καὶ
1599 3790 1712 3849 τοῖς

110 3864 304 3930 λόγοις
365 3863 651 3917 Βασιλείου
702 3866 1027 3936 βεϐαιωθεὶς
1078 3874 1363 3945 ὲνδομὺχει
1426 3881 1566 3932 κατὰ
1616 3881 1709 3934 τοῦ

110 3954 426 4037 Καίσαρος.
492 3956 551 4008 '0
607 3957 665 4009 δὲ
731 3959 1011 4025 Βασίλειος
1058 3965 1236 4018 πάντα
1303 3972 1711 4039 σκευασάμενος

110 4047 260 4097 κατὰ
299 4046 398 4098 τοῦ
433 4047 733 4117 Καίσαρος,
772 4052 829 4103 ὲν
871 4052 926 4104 δὲ
975 4058 1040 4126 τῇ
1094 4056 1246 4111 πόλει
1288 4060 1455 4129 μηδὲν
1490 4067 1709 4133 ποιῆσαι

103 4139 441 4207 δυνάμενος,
493 4139 671 4191 πείθει
700 4141 791 4193 τὸν
819 4142 1043 4213 βασιλέα
1088 4148 1309 4219 κινῆσαι
1340 4153 1528 4206 στόλον
1568 4159 1708 4210 κατὰ

102 4233 208 4301 τῆς
246 4234 503 4303 Κρήτης.
540 4235 650 4288 Καὶ
669 4237 860 4290 τούτου
888 4241 1176 4311 γινομένου
1198 4245 1350 4296 Λέων
1372 4247 1398 4297 ὁ
1422 4246 1708 4316 φιλόσοφος

108 4325 301 4394 sapa;
337 4327 599 4398 Καίσαρα
640 4330 687 4360 ³⁵
731 4332 965 4402 παρῄνει
1006 4334 1429 4390 ὑποστέλλεσθαι
1463 4339 1547 4411 [1).
1579 4342 1707 4414 447]

105 4419 201 4472 καὶ
235 4422 533 4489 συντηρεῖν
564 4421 757 4474 ἑαυτὸν
786 4426 893 4477 ἀπὸ
942 4427 1242 4485 Βασιλείου.
1288 4431 1344 4484 '0
1379 4433 1434 4486 δὲ
1489 4436 1705 4506 Καῖσαρ

103 4511 198 4563 τὸν
252 4510 488 4580 βασιλέα
550 4514 884 4582 ὲπεφωνεῐτο
914 4519 1190 4587 φείδεσθαι
1244 4522 1336 4576 τοῦ
1395 4525 1698 4583 Βασιλείου.

1823 3330 1971 3381 posse
2002 3326 2275 3383 prmstare.
2327 3317 2422 3371 llis
2470 3318 2741 3387 deceptus
2791 3320 3106 3389 Symhatius
3145 3321 3411 3377 adversus

1821 3401 2057 3457 Bardam
2092 3405 2360 3461 Caesarem
2389 3424 2643 3463 socerum
2684 3424 2845 3463 suum
2871 3412 3160 3481 conjurat;
3199 3412 3411 3481 ingres-

1820 3509 2024 3565 susque
2057 3498 2123 3549 ad
2154 3500 2570 3567 imperatorem,
2602 3502 2971 3571 jurejurando
3011 3503 3142 3555 velle
3168 3503 3407 3557 Bardam

1820 3586 2086 3643 Ca’sarem
2108 3607 2227 3643 eum
2256 3593 2551 3661 interﬁcere
2572 3593 2825 3658 alﬁrmat,
2854 3595 3001 3663 ipsas
3016 3610 3239 3664 quoque
3270 3595 3406 3650 insi-

1819 3680 1940 3735 dias
1980 3698 2235 3737 narrans.
2280 3685 2583 3753 Imperator
2615 3684 2881 3755 Symbatii
2925 3686 3254 3755 juramentis
3284 3703 3410 3741 ere-

1815 3774 2005 3840 dulus,
2051 3791 2113 3829 ac
2161 3778 2345 3831 Basilii
2397 3779 2581 3833 verbis
2626 3794 2955 3847 persuasus,
3022 3778 3173 3833 intus
3218 3778 3406 3833 animo

1815 3868 1867 3920 in
1925 3870 2197 3924 Caesarem
2270 3871 2501 3925 insidias
2558 3872 2857 3927 condebat.
2936 3873 3171 3926 Basilius
3217 3882 3402 3928 autem

1811 3977 1934 4029 qure
1982 3972 2141 4015 erant
2184 3964 2467 4031 perdenda
2508 3963 2733 4030 Caesari,
2782 3972 2980 4018 cuncta
3030 3964 3402 4031 instruxerat,

1811 4068 2049 4121 cumque
2087 4070 2201 4107 rem
2250 4054 2303 4107 in
2339 4056 2471 4109 urbe
2517 4065 2776 4124 praestare
2818 4072 2925 4108 non
2961 4066 3166 4125 posset,
3210 4066 3401 4111 auctor

1809 4153 1893 4197 cst
1930 4145 2266 4215 imperatori,
2297 4155 2356 4199 ut
2390 4148 2618 4201 classem
2652 4148 2916 4203 adversus
2940 4148 3232 4203 Cretenses
3266 4148 3402 4203 edu-

1811 4244 1918 4289 rat.
1959 4236 2082 4289 lltee
2114 4253 2238 4291 cum
2274 4249 2601 4305 gererentur
2629 4239 2818 4308 sicque
2867 4255 2956 4291 res
3005 4239 3060 4292 in
3113 4239 3397 4308 procinctu

1809 4337 1975 4391 esset,
2023 4328 2135 4383 Leo
2193 4331 2559 4399 philosophus
2609 4332 2841 4385 Bardam
2890 4331 3159 4386 Caesarem
3210 4333 3400 4386 admo-

1808 4421 1973 4474 nebat
2010 4429 2071 4474 ut
2113 4438 2169 4476 se
2204 4422 2541 4478 subduceret
2576 4424 2793 4492 sibique
2834 4439 2862 4477 a
2903 4424 3104 4478 Basilio
3136 4434 3393 4478 caveret:
3450 4454 3455 4459 ι

1808 4514 1988 4568 Caesar
2039 4531 2172 4569 vero
2220 4504 2613 4585 imperatorem
2664 4517 2717 4570 in
2766 4516 3027 4570 Basilium
3076 4516 3397 4585 proniorem

114 4601 281 4652 Ἐπεὶ
316 4600 375 4652 δὲ
410 4602 733 4671 προέλευσις
765 4605 857 4656 τοῦ
895 4607 1306 4678 Εὑαγγελισμοῦ
1334 4611 1392 4663 ἐν
1421 4616 1533 4675 τοῖς
1557 4614 1701 4665 Χαλ-

1820 4624 1929 4663 asse
1966 4610 2354 4678 reSpondebat.
2392 4609 2546 4675 Quod
2593 4618 2777 4663 autem
2821 4624 3112 4679 processus
3142 4608 3253 4662 diei
3298 4624 3398 4662 an-

101 4697 469 4767 κοπρατείοις
494 4698 747 4759 ἐτελεῖτο,
787 4700 1121 4768 Εὑαγγελίου
1157 4703 1500 4768 τελεσθέντος
1533 4710 1698 4777 civi“).-

102 4787 195 4839 θεν
234 4788 265 4839 ὃ
300 4804 360 4838 τε
387 4789 740 4857 πατριάρχης
767 4789 970 4854 Φὼτιος
999 4793 1096 4845 καὶ
1130 4794 1157 4845 ὁ
1187 4794 1445 4864 βασιλεὺς
1487 4799 1585 4851 σὺν
1627 4800 1700 4868 τῷ

102 4880 359 4949 Καίσαρι
388 4878 485 4931 καὶ
517 4879 782 4951 Βασιλείῳ
814 4887 1301 4956 παρακοιμωμένῳ
1327 4889 1383 4939 ὲν
1417 4891 1528 4952 τοῖς
1557 4892 1703 4944 Κατ-

97 4972 466 5041 ηχουμένοις·
507 4974 600 5026 καὶ
639 4973 733 5026 τοῦ
763 4977 1100 5047 πατριάρχου
1136 4980 1229 5031 ἐπὶ
1259 4984 1445 5050 χεῖρας
1485 4982 1701 5053 ἔχοντος

97 5064 156 5115 τὸ
186 5063 380 5133 τίμιον
420 5063 582 5133 σῶμα
632 5067 727 5118 καὶ
758 5062 897 5138 αἷμα
947 5070 1043 5122 τοῦ
1078 5071 1285 5141 Κυρίου
1329 5076 1485 5145 ἡμῶν
1523 5078 1697 5146 Ἰησοῦ

96 5152 370 5223 Χριστοῦ,
422 5154 695 5223 βάψαντες
749 5158 776 5208 ὅ
806 5175 864 5210 τε
902 5158 1154 5228 βασιλεὺς
1204 5163 1297 5215 καὶ
1342 5167 1368 5218 ό
1420 5165 1699 5232 Βασίλειος

95 5246 225 5308 τοὺς
268 5245 489 5314 τιμίους
541 5248 865 5319 ὑπέγραψαν
915 5255 1214 5322 σταυροὺς,
1276 5256 1425 5327 ὅρκῳ
1471 5258 1699 5327 βεϐαιώ-

97 5356 300 5401 σαντες
342 5340 435 5391 τίον
470 5340 727 5411 Καίσαρα
763 5344 979 5411 ἀφόϐως
1010 5347 1285 5400 συνελθεῖν
1316 5350 1498 5413 αὐτοῖς
1532 5353 1588 5405 ὲν
1616 5352 1695 5423 τῷ

94 5432 378 5502 ταξειὸίῳ.
423 5433 483 5487 Ὀ
521 5434 576 5486 δὲ
614 5434 903 5506 φιλόσοφος
930 5439 1081 5491 Λέων
1114 5441 1363 5510 φανερῶς
1395 5447 1691 5514 παρηγγύα

93 5520 169 5588 τῷ
202 5520 398 5590 Βάρδα
450 5522 524 5590 μὴ
568 5521 805 5587 ἐξελθεῖν
857 5526 953 5579 σὺν
988 5529 1192 5594 αὑτοῖς,
1242 5532 1586 5605 ἐξερχομένῳ
1632 5539 1689 5591 δὲ

95 5610 286 5679 ἔλεγεν
318 5610 396 5682 μὴ
423 5612 809 5685 ὑποστρέφειν.

1806 4703 2173 4757 nontiationis
2222 4704 2277 4757 in
2330 4702 2757 4772 Chalcoprataeis
2802 4701 3195 4771 peragebatur,
3249 4702 3396 4756 lecto

1805 4795 2100 4865 Evangelio
2145 4796 2394 4850 ascendit
2431 4794 2661 4849 Photius
2708 4794 3059 4863 patriarcha,
3116 4800 3174 4848 et
3222 4792 3395 4861 impe-

1806 4898 1957 4941 rator
2004 4904 2129 4942 cum
2179 4889 2396 4944 Caesare
2438 4897 2494 4941 et
2550 4888 2752 4941 Basilio
2806 4886 3126 4941 accubitore
3183 4886 3247 4941 ad
3290 4886 3394 4940 Ca-

1806 4982 2174 5049 techumena;
2245 4992 2580 5052 tenenteque
2642 4980 3072 5051 patriarcha_in
3136 4978 3393 5032 manibus

1807 5075 2106 5145 pretiosum
2168 5090 2373 5145 corpus
2438 5084 2493 5128 et
2559 5076 2883 5145 sanguinem
2940 5073 3159 5127 Domini
3210 5071 3387 5125 nostri

1804 5168 1933 5223 Jesu
1998 5168 2235 5235 Christi,
2308 5170 2642 5239 intingentes
2698 5168 2999 5238 imperator
3054 5166 3263 5235 pariter
3323 5179 3388 5217 ac

1802 5262 1967 5332 677
2019 5261 2253 5315 Basilius
2291 5262 2633 5316 venerandas
2663 5276 2857 5316 cruces
2900 5259 3386 5329 subscripserunt,

1795 5355 2159 5427 jurejurando
2193 5356 2394 5411 Caesari
2446 5356 2607 5410 ﬁdem
2645 5354 3073 5423 obstringentes,
3113 5352 3293 5405 omnis
3327 5360 3386 5403 ut

1799 5459 1980 5503 metus
2020 5464 2253 5504 securus
2292 5466 2411 5505 eam
2458 5465 2582 5504 cum
2620 5447 2729 5503 illis
2756 5446 3162 5516 expeditionem
3206 5446 3381 5498 susei-

1795 5551 1971 5613 peret.
2016 5541 2129 5598 Leo
2179 5553 2361 5598 autem
2405 5543 2768 5613 phil050phus
2804 5540 3035 5595 Bardam
3064 5539 3241 5609 palam
3264 5553 3384 5588 mo-

1795 5636 1959 5690 nebat
1984 5650 2072 5697 .ne
2099 5650 2225 5689 cum
2260 5636 2367 5691 illis
2392 5635 2755 5707 egrederetur
2785 5653 2797 5688 :
2832 5634 2918 5689 sin
2947 5634 3150 5697 minus,
3196 5644 3381 5685 rever-

1798 5744 1988 5782 surum
2015 5744 2123 5782 non
2142 5744 2282 5783 CSSC.

1418 5810 1651 5867 VABUE
1690 5818 2098 5877 LECTIONES.

164 5886 261 5941 ⁸²ὀ
300 5904 416 5944 om.
461 5892 520 5949 P.
604 5893 647 5926 ⁸³
672 5894 960 5967 ἀλλήλοιᾷ
1036 5902 1082 5934 ⁸⁵
1112 5904 1292 5977 Βαρδᾳ
1325 5906 1401 5978 τῷ
1436 5908 1726 5981 Καίταριῖ
