4174 6442
133 404 234 471 711

1054 398 1427 460 ANNALES.
1469 419 1533 429 ·-
1564 393 1904 454 MICIIAEL
1935 392 2029 451 ET
2054 392 2482 452 TllEODORA.

3290 394 3395 458 742

128 523 341 589 ξίφους.
380 520 444 572 Οἱ
478 519 535 572 δὲ
578 518 756 571 λοιποὶ
790 515 1023 587 μεληδὸν
1067 516 1229 567 αὑτὸν
1260 512 1591 580 κατέκοψαν,
1620 508 1714 563 τοῦ

1823 508 2043 561 tieente.
2082 504 2223 560 Hora
2263 519 2382 562 erat
2411 507 2526 561 fere
2558 506 2746 570 tertia;
2789 506 3081 577 statimque
3118 507 3172 561 in
3206 508 3399 565 urbem

128 611 399 677 βασιλέως
444 607 735 678 βλέποντος
796 606 891 659 καὶ
938 604 1274 666 σιωπῶντος.
1317 598 1425 655 Ἦν
1477 601 1532 653 δὲ
1577 600 1710 652 ὡσεὶ

123 702 246 771 ὥρα
279 700 463 769 τρίτη.
517 699 629 752 Καὶ
653 699 815 761 εὐθὺς
851 698 1253 767 ὑποστρέφουσι
1286 696 1421 766 πρὸς
1463 695 1559 763 τὴν
1610 695 1709 746 πό-

126 796 234 848 λιν.
286 792 586 846 Ἐλθόντων
634 791 690 845 δὲ
740 790 923 844 αὐτῶν
970 792 1113 844 κατά
1179 790 1238 842 τὸ
1302 789 1565 859 ἐμπόριον
1618 787 1711 839 τοῦ

136 882 392 951 Ἀκρίτα,
445 880 679 950 μοναχός
727 896 810 942 τις
852 878 940 948 ἐφ’
976 879 1188 948 ὑψηλῆς
1243 879 1341 947 τῆς
1403 878 1608 947 πέτρας
1654 877 1711 926 ὲ-

124 974 373 1041 πεφὼνει
432 974 685 1042 μεγάλως
733 972 811 1041 τῷ
864 972 1107 1041 βασιλεῖ’
1154 971 1357 1026 Καλὸν
1413 969 1713 1034 ταξείδιον

126 1064 455 1129 ἐποίησας,
489 1061 535 1114 ὦ
546 1062 835 1127 βασιλεῦ,
866 1062 973 1115 τᾶν
994 1062 1151 1114 ιὸιόν
1170 1078 1285 1115 σου
1313 1062 1413 1113 καὶ
1444 1059 1711 1128 συγγενῆ

126 1153 391 1207 ἀνελών.
422 1154 571 1206 Οὐαί
596 1169 717 1215 σοι,
752 1152 842 1205 ὅτι
862 1152 1047 1206 ταῦτα
1072 1152 1369 1219 ἐποίησας
1389 1153 1408 1205 !
1430 1151 1714 1220 Θυμωθεὶς

123 1245 179 1298 δὲ
210 1245 240 1296 6
271 1245 529 1311 βασιλεὺς
561 1246 654 1297 καὶ
685 1246 713 1296 6
738 1244 1019 1309 Βασίλειος
1047 1246 1361 1314 πέμπουσιν
1384 1244 1592 1295 ἀνελεῖν
1622 1243 1715 1296 τὸν

125 1337 394 1407 μοναχόν.
421 1339 481 1390 Οἱ
527 1337 584 1390 δὲ
628 1336 1038 1408 παρατυχόντες
1081 1337 1306 1390 ἔπεισαν
1338 1337 1429 1390 τὸν
1475 1336 1715 1389 ἀποστα-

123 1429 290 1482 λέντα
325 1428 491 1483 ἄνουν
522 1430 618 1481 καὶ
666 1429 1010 1499 δαιμονῶντα
1043 1426 1182 1482 εἶναι
1208 1430 1302 1482 τὸν
1343 1428 1595 1499 μοναχόν.
1622 1428 1713 1480 Διὸ

125 1523 226 1573 καί
264 1520 423 1589 μόλις
446 1520 726 1591 παρῆλθεν
753 1522 781 1573 6
805 1521 1040 1591 μοναχὸς
1070 1520 1173 1590 τῆς
1209 1520 1499 1589 τιμωρίας.

200 1611 320 1680 μγ’.
356 1614 436 1682 Τῇ
467 1613 523 1664 δέ
552 1612 688 1681 ἁγίᾳ
720 1612 1069 1681 Πεντηκοστῇ
1102 1610 1327 1679 ἔστεψεν
1370 1611 1399 1661 6
1458 1608 1713 1679 βασιλεὺς

123 1700 355 1769 Μιχαὴλ
392 1703 486 1753 καὶ⁵
513 1702 717 1765 Φώτιος
772 1702 1123 1772 πατριάρχης
1159 1704 1217 1753 ἐν
1246 1704 1311 1772 τῇ
1355 1700 1512 1771 Ἀγὶᾳ
1542 1700 1712 1771 Σοφίᾳ

1814 608 2187 653 revertuntur.
2230 598 2479 669 Cumque
2529 598 2596 653 ad
2633 601 2947 667 emporium
2984 601 3167 655 Acrita
3216 603 3402 656 venis-

1814 704 1955 753 sent.
2007 693 2311 747 monachus
2355 692 2575 761 quidam
2624 708 2689 745 ex
2739 693 2846 749 alla
2903 708 3036 761 rupe
3080 694 3401 761 imperatori

1812 786 1954 838 elata
1993 785 2257 853 lirmaque
2290 799 2422 838 voce
2455 784 2767 839 clamabat:
2812 783 3039 852 Egregia
3089 802 3248 848 sane,
3296 788 3401 840 im-

1814 894 2043 948 perator,
2090 890 2181 933 tua
2219 882 2329 932 haec
2368 880 2646 947 expeditio,
2692 878 2832 948 quod
2869 881 3218 930 necessarium
3252 890 3402 933 tuum

1813 989 1876 1024 ac
1900 983 2182 1041 cognatum
2213 972 2467 1024 occidisti.
2498 970 2581 1023 Va!
2620 971 2709 1023 tibi
2739 972 2829 1038 qui
2852 972 2960 1023 [uec
2982 972 3161 1037 [εδει-ἑκ
3185 973 3202 1023 .’
3228 971 3403 1025 Iratus

1815 1064 2116 1132 imperator
2152 1073 2209 1117 et
2241 1063 2473 1116 Basilius
2505 1063 2731 1115 mittunt
2764 1062 2855 1130 qui
2893 1062 3225 1114 monachum
3255 1063 3403 1114 oeci-

1815 1156 1928 1209 suri
1976 1165 2183 1209 essent.
2234 1155 2436 1208 Verum
2486 1156 2580 1223 qui
2631 1152 2882 1214 aderant,
2946 1153 2994 1204 ei
3049 1152 3143 1219 qui
3202 1154 3406 1207 missus

1815 1247 2119 1316 spiculator
2150 1254 2271 1299 erat
2305 1246 2635 1298 monachum
2676 1245 2989 1297 dementem
3021 1259 3142 1295 esse
3183 1254 3402 1295 aetum-

1814 1356 1922 1411 que
1980 1355 2009 1393 a
2072 1338 2321 1392 daemone
2378 1337 2542 1392 etiam
2602 1346 2766 1404 atque
2824 1337 2991 1389 etiam
3052 1345 3401 1399 asseterant;

1814 1448 1923 1503 quo
1969 1434 2173 1486 factum
2230 1440 2315 1485 est
2363 1440 2424 1485 ut
2473 1430 2565 1484 vix
2612 1430 2830 1483 tandem
2875 1430 2966 1481 ille
3008 1442 3225 1497 ptenam
3276 1443 3404 1481 eva-

1815 1522 1990 1577 deret.

1884 1613 1977 1667 45.
2010 1613 2113 1667 Per
2143 1613 2316 1665 sancti
2364 1620 2546 1665 autem
2591 1610 2700 1665 diei
2738 1611 3099 1666 Pentecostes
3141 1610 3405 1666 solemnia

1816 1704 2046 1759 Michael
2076 1706 2379 1773 imperator
2415 1704 2752 1773 Photiusquc
2778 1705 3088 1772 patriarcha
3121 1706 3175 1759 in
3209 1705 3265 1758 S.
3306 1706 3405 1757 So-

126 1792 417 1844 Βασίλειον
443 1794 535 1847 τδν
582 1792 1082 1864 Μρακοιμὼμενον
1136 1793 1214 1855 είς
1270 1792 1521 1863 βασιλέα,
1546 1792 1711 1861 τόμον

1820 1797 1963 1866 phire
1988 1796 2249 1850 Basilium
2281 1795 2657 1850 aceubitorem
2691 1796 3081 1865 imperatorem
3118 1803 3405 1853 crearunt.

123 1887 402 1953 ἀναγνοὺς
449 1886 538 1939 διά
594 1888 878 1957 Κάστορος
934 1886 1242 1957 ἀσηκρῆτις
1279 1886 1470 1955 ἔχοντα
1518 1884 1713 1947 οὕτως·

1820 1889 1963 1943 lecto
1995 1897 2143 1942 tomo
2177 1904 2277 1958 per
2297 1888 2589 1942 Castorem
2638 1903 2666 1940 a
2697 1888 2944 1951 secretis,
2981 1887 3033 1940 in
3067 1888 3182 1941 haec
3216 1890 3405 1950 verba,

122 1977 369 2046 Βάρόας
419 1980 452 2031 ό
502 1977 733 2047 Καῖσαρ
761 1979 1169 2032 ἐϐουλεύσατο
1215 1977 1456 2031 ἀνελεῖν
1485 1994 1581 2045 με,
1617 1976 1717 2029 καὶ

122 2068 225 2122 διὰ
254 2070 436 2123 τοῦτο
478 2071 824 2140 ὑπεξιὶγαγέ
850 2087 928 2139 με
981 2070 1091 2137 τῆς
1118 2072 1371 2136 πόλεως’
1416 2070 1513 2123 καὶ
1553 2070 1715 2138 εἰμὴ

122 2158 228 2213 διὰ
262 2164 311 2213 Σ
318 2162 601 2228 υμόατίου
658 2163 756 2215 καὶ
800 2163 1127 2215 Baatlelov
1155 2162 1425 2230 ἐμηνύθη
1456 2180 1580 2230 μοι,
1608 2164 1718 2214 οὐκ

122 2252 194 2305 ἐν
234 2253 364 2317 τοῖς
394 2251 572 2311 ζῶσιν
620 2252 801 2322 ἤμην.
836 2256 1015 2307 Ὅθεν
1044 2256 1140 2307 καὶ
1175 2254 1575 2321 ἐτελεύτησεν
1600 2257 1720 2308 ὑπὸ

122 2341 239 2411 τῆς
289 2342 450 2408 ιδίας
474 2345 785 2413 ἁμαρτιας.
825 2344 987 2399 Θέλω
1026 2345 1095 2398 δὲ
1126 2346 1452 2399 Βασίλειον
1478 2348 1585 2399 τὸν
1608 2362 1723 2400 πα-

116 2437 597 2505 ρακοιμώιιενον,
642 2437 723 2502 ὡς
750 2438 970 2489 πιστὸν
1006 2436 1150 2489 ὄντα
1184 2438 1281 2489 καὶ
1318 2436 1704 2505 φυλάττοντα

121 2531 249 2598 τὴν
286 2531 447 2598 ἐμὴν
479 2532 809 2595 ,ϐασιλείαν
843 2531 942 2583 καὶ
995 2530 1101 2584 τοῦ
1139 2530 1355 2598 ἐχθροῦ
1395 2530 1720 2598 ἐλευθερώ-

122 2622 336 2678 carni
357 2640 436 2690 με
474 2618 577 2677 καί
612 2624 803 2677 πόθον
835 2624 987 2692 πρός
1013 2623 1325 2692 με’πολὺν
1368 2624 1608 2690 ἔχοντα,
1645 2624 1723 2676 εἷ-

122 2726 228 2762 ναι
255 2708 343 2780 [Ρ.
377 2709 504 2781 με]
531 2712 774 2778 φύλακα
801 2710 909 2779 τῆς
932 2710 1083 2779 ἐμῆς
1101 2712 1428 2777 βασιλείας
1458 2711 1556 2765 καὶ
1580 2727 1723 2779 προ-

124 2802 389 2867 νοητὴν,
416 2802 514 2854 καὶ
548 2805 665 2857 ὑπὸ
700 2804 943 2857 πάντων
970 2804 1366 2873 εὐφημεῒσθαι
1411 2806 1493 2868 ὡς
1534 2807 1721 2870 βασι-

120 2892 266 2946 λέα.
303 2893 419 2946 Καὶ
474 2894 805 2964 εὐφήμησαν
859 2896 1083 2958 πάντες·
1118 2895 1361 2965 Μιχαὴλ
1392 2898 1489 2950 καί
1535 2897 1722 2951 Βασι-

122 2985 305 3037 λείου
340 2985 545 3039 πολλὰ
595 2986 669 3038 τὰ
708 2985 849 3052 ἕτηέ
891 2986 949 3039 ’0
980 2986 1035 3038 δὲ
1085 2986 1174 3038 τὸν
1232 2987 1398 3055 τόμον
1453 2988 1723 3054 ἀναγνοὺς

125 3076 379 3146 Κάστωρ
426 3078 453 3128 6
494 3076 801 3147 ἀσηκρῆτις
863 3076 1099 3143 ἐξελθὼν
1153 3078 1212 3129 ἐν
1256 3078 1597 3149 Νικομηδείᾳ
1627 3080 1723 3131 καὶ

125 3167 305 3221 ἐλθὼν
348 3169 430 3230 είς
483 3169 651 3239 μονὴν
689 3168 933 3241 ἀνδρῴαν
988 3169 1202 3240 ἔμεινεν
1258 3169 1425 3239 μέσον
1458 3170 1719 3224 λιϐαδίου.
1748 3205 1793 3267 C

122 3258 241 3315 Ἦν
271 3263 330 3315 δέ
366 3265 548 3316 ἐκεῖσε
582 3264 782 3335 φρέαρ,
815 3264 911 3319 καὶ
941 3264 1127 3317 πεσὼν
1162 3266 1221 3317 ἐν
1249 3263 1397 3334 αὐτῷ
1418 3264 1720 3336 ἀπεπνίγη.

199 3440 312 3512 μῦν.
346 3440 655 3508 Συμὸάτιος
705 3440 762 3493 δέ
800 3441 829 3492 6
855 3440 1105 3510 γαμϐρὸς
1136 3440 1231 3493 τοῦ
1266 3441 1565 3511 Καίσαρος,
1598 3440 1724 3493 ἰδὼν

120 3527 211 3580 ὅτι
244 3527 547 3597 ἐνεπαίχθη
580 3526 687 3580 ὑπὸ
720 3526 820 3580 τοῦ
852 3527 1136 3581 Βασιλείου
1161 3569 1177 3593 ,
1230 3530 1311 3591 εἰς
1363 3531 1518 3598 μῖσος
1555 3529 1721 3581 αὑτοῦ

120 3621 396 3673 κινεῖται·
424 3618 521 3671 καὶ
554 3616 1103 3689 συμϐουλευσάμενος
1143 3619 1282 3690 μετὰ
1313 3621 1350 3672 Γ
1355 3622 1591 3688 εωργίου
1626 3620 1720 3673 τοῦ

119 3713 367 3783 Πηγάνη
419 3714 653 3763 αἰτεῖται
685 3712 991 3782 στρατηγὸς
1018 3712 1418 3781 προσληθῆναι,
1449 3714 1543 3764 καὶ
1572 3714 1721 3780 γίνεο

117 3822 240 3858 ται.
289 3804 436 3857 Ἀπ’
466 3803 635 3856 αὐτοῦ
664 3804 722 3856 δὲ
753 3804 1119 3872 προϐάλλεται
1150 3804 1441 3875 λογοθέτης
1471 3803 1565 3856 τοῦ
1592 3805 1717 3874 δρό-

123 3916 236 3967 μου
280 3898 310 3948 ὁ
346 3896 586 3966 Γοῦμερ.
631 3896 740 3948 Καὶ
770 3895 1078 3962 ἐξελθόντες
1120 3896 1238 3966 ἆμα
1270 3897 1296 3948 ὃ
1325 3913 1384 3949 τε
1416 3896 1720 3964 Συμὸἀτιος

121 3991 223 4044 καὶ
257 3993 287 4044 6
318 3990 584 4059 Πηγάνης
620 3988 1061 4057 καταστρέφουσι
1094 3988 1187 4039 τὸν
1217 3986 1344 4039 λαὸν
1373 3989 1466 4040 καὶ
1507 4006 1719 4054 πυρπο-

119 4083 280 4136 λοῦσι
313 4087 417 4145 τὰς
442 4082 626 4151 χώρας
656 4077 745 4151 (ἦν
771 4081 879 4151 γάρ
924 4079 1115 4150 καιρὸς
1144 4078 1237 4132 τοῦ
1266 4079 1503 4148 θέρους),
1547 4080 1718 4150 εὐφη-

126 4174 370 4243 μοῦντες
402 4173 624 4244 Μιχαὴλ
658 4173 844 4242 μόνον,
879 4170 970 4224 τὸν
1004 4171 1060 4224 δὲ
1087 4171 1371 4224 Βασίλειον
1399 4172 1718 4243 ἀποκηρύτο

124 4282 341 4329 τοντες.
376 4264 550 4317 Τοῦτο
585 4263 854 4334 μαθόντες
892 4263 942 4315 οἱ
1001 4262 1244 4332 βασιλεῖς
1271 4263 1545 4331 γράφουσι
1593 4265 1718 4327 τοὺς

126 4358 359 4420 λοιποὺς
409 4358 755 4426 στρατηγοὺς
789 4354 1243 4424 καταπολεμῆσαι
1300 4355 1520 4418 αὐτούς.
1553 4356 1719 4426 Νικη-

128 4451 297 4519 φόρος
336 4448 398 4501 δὲ
438 4450 469 4500 6
507 4447 776 4509 Μαλέῖνος
803 4445 1028 4518 ἔρριψεν
1061 4446 1314 4516 ἐγγραφα
1346 4448 1485 4514 μετά
1516 4448 1718 4511 παντὸς

1819 1981 2028 2035 Bardas
2064 1980 2246 2036 (Σαρδοῖ
2268 1982 2395 2033 mihi
2423 1996 2598 2032 necem
2622 1980 2954 2032 machinatus
2980 1990 3074 2041 est,
3104 1982 3263 2049 inque
3288 1997 3408 2032 eam

1821 2088 1932 2124 rem
1987 2071 2130 2125 malo
2162 2070 2285 2123 dolo
2336 2071 2513 2123 eduxit
2558 2086 2620 2123 ea:
2665 2070 2825 2132 urbe;
2857 2088 2920 2123 ac
2964 2088 3057 2123 nec
3089 2072 3228 2123 inter
3268 2074 3408 2125 vivos

1821 2180 2156 2225 numerarer,
2196 2165 2299 2216 nisi
2329 2179 2360 2215 a
2392 2160 2665 2233 Symbatio
2704 2174 2753 2215 et
2790 2163 2990 2216 Basilio
3026 2165 3153 2216 mihi
3192 2166 3405 2217 nuutia-

1821 2266 1933 2308 tum
1970 2257 2172 2324 fuisset.
2209 2254 2551 2325 QuaprOpter
2594 2256 2757 2308 etiam
2801 2272 2897 2307 suo
2928 2256 3018 2307 ille
3051 2256 3245 2309 scelere
3272 2274 3414 2309 ηιοι·⁴

1823 2359 1943 2402 tuus
1985 2356 2082 2401 est.
2138 2347 2398 2401 Basilium
2436 2358 2613 2401 autem
2651 2348 3003 2400 accubitorem
3034 2347 3176 2399 velut
3200 2347 3409 2413 ﬁdelem

1822 2456 2053 2510 measque
2095 2440 2394 2507 majestatis
2442 2448 2787 2501 servatorem,
2821 2440 3015 2507 quique
3038 2438 3103 2491 ab
3142 2440 3286 2490 hoste
3331 2454 3413 2491 me

1824 2532 2061 2586 liberavit
2096 2541 2254 2602 atque
2284 2532 2484 2600 ingenti
2527 2547 2710 2583 amore
2749 2534 3107 2599 prosequitur,
3132 2530 3400 2582 custodem

1821 2625 1988 2695 680
2008 2640 2119 2677 esse
2136 2622 2253 2677 volo
2286 2639 2348 2674 ac
2381 2631 2678 2674 curatorem
2712 2622 2811 2673 mei
2838 2621 3067 2689 imperii,
3103 2637 3255 2689 quem
3287 2629 3412 2673 tau-

1823 2732 1985 2784 quam
2017 2716 2392 2784 imperatorem
2426 2713 2665 2765 omnium
2688 2712 2848 2779 jubeo
2880 2712 3147 2780 praeconio
3168 2710 3409 2765 laudari.

1824 2806 2040 2860 Faustis
2080 2807 2262 2874 itaque
2299 2821 2494 2859 omnes
2544 2804 2775 2858 vocibus
2821 2817 2885 2856 ac
2930 2801 3213 2855 ominibus
3253 2816 3415 2854 acce-

1823 2905 2057 2966 perunt:
2091 2896 2361 2950 Michaelis
2403 2905 2452 2948 et
2486 2895 2673 2948 Basilii
2702 2893 2854 2948 multi
2884 2895 3014 2947 anni
3036 2893 3056 2945 .'
3076 2892 3180 2957 Qui
3224 2900 3413 2948 autem

1824 3000 2036 3045 tomum
2087 2989 2318 3058 legerat,
2356 2987 2551 3042 Castor
2582 3003 2611 3041 a
2656 2986 2908 3048 secretis,
2945 3001 3205 3056 egressus
3240 2985 3413 3038 Nico-

1824 3083 2085 3142 mediam.
2125 3083 2192 3136 ad
2240 3083 2485 3135 virorum
2540 3080 2941 3134 monasterium
2978 3079 3253 3148 quoddam
3285 3094 3410 3134 cum

1825 3176 2086 3239 venisset,
2130 3190 2194 3228 ac
2231 3188 2342 3243 quo
2393 3174 2517 3227 loco
2552 3181 2754 3241 puteus
2786 3179 2905 3225 erat
2945 3172 2999 3224 in
3052 3171 3235 3225 medio
3269 3170 3411 3239 prati

1826 3267 2200 3329 constitisset,
2268 3265 2324 3318 in
2380 3280 2507 3319 eum
2572 3278 2820 3333 praeceps
2877 3262 3057 3317 factus
3108 3264 3414 3317 suﬂ'oeatus

1825 3367 1929 3411 est.

1897 3448 1986 3500 M.
2034 3447 2350 3518 Symbatius
2380 3454 2563 3500 autem
2607 3445 2840 3501 Czesaris
2874 3461 3064 3517 gener,
3104 3447 3325 3499 illusum
3354 3461 3413 3500 se

1824 3557 1852 3594 a
1884 3540 2081 3595 Basilio
2104 3539 2318 3601 videns,
2356 3538 2485 3592 odio
2524 3541 2577 3592 in
2610 3540 2763 3592 illum
2821 3539 3118 3604 incitatur;
3158 3539 3409 3607 initoque

1824 3649 1947 3687 cum
1980 3632 2214 3702 Georgio
2243 3633 2458 3701 chane
2492 3633 2725 3686 consilio
2753 3643 2960 3687 armata
2994 3648 3051 3687 se
3078 3633 3273 3686 militia
3305 3634 3411 3687 du-

1824 3741 1943 3779 cem
1987 3724 2190 3794 pratici
2235 3734 2408 3794 rogat,
2453 3732 2664 3779 etvero
2698 3725 2935 3779 obtinet.
2968 3725 3102 3794 Ejus
3126 3730 3258 3778 vero
3289 3725 3413 3779 loco

1822 3817 2027 3871 Gumer
2063 3818 2241 3871 dromi
2276 3817 2553 3886 logotheta
2590 3817 2939 3887 provehitur.
2972 3817 3189 3887 Egressi
3226 3818 3411 3887 itaque

1823 3910 1987 3964 simul
2024 3909 2343 3980 Symbatius
2373 3924 2436 3962 ac
2470 3910 2735 3978 Peganes,
2766 3910 2979 3963 aversis
3021 3909 3257 3962 militum
3290 3910 3413 3961 ani-

1823 4003 1947 4064 mis,
1975 4018 2135 4071 agros
2167 4002 2277 4071 igni
2301 4009 2520 4055 vastant
2544 3999 2680 4069 (erat
2701 4002 2848 4053 enim
2873 4001 3123 4055 aestivum
3149 4001 3410 4070 tempusl,

1824 4092 2075 4145 Michaeli
2109 4092 2285 4145 solum
2318 4091 2493 4146 fausta
2544 4091 2933 4154 acclamantes,
2988 4089 3249 4143 Basiliam
3281 4105 3414 4143 vero

1822 4184 2160 4237 abdicantes.
2194 4182 2503 4235 Audierunt
2563 4182 2944 4249 imperatores,
2987 4180 3269 4248 ducesque
3320 4195 3411 4232 re-

1824 4278 2005 4346 liquos
2056 4289 2205 4327 arma
2251 4276 2303 4326 in
2360 4289 2456 4327 eos
2512 4287 2729 4326 sumere
2773 4270 2918 4326 datis
2944 4271 3147 4325 litteris
3187 4270 3411 4339 jubent.

1819 4369 2166 4438 Nicephorus
2209 4382 2341 4420 vero
2376 4365 2644 4419 Illaleinus
2677 4380 2776 4434 per
2799 4379 2992 4417 omnes
3035 4363 3143 4416 late
3189 4363 3413 4415 ordines

1820 4462 2083 4531 projeetis
2114 4458 2395 4515 schedulis
2427 4458 2552 4511 dolo
2594 4456 2895 4526 capiendos
2935 4455 3173 4510 rebelles
3203 4464 3410 4518 monet,

128 4543 220 4596 τοῦ
264 4540 428 4607 λαοῦ,
462 4540 552 4594 ἵνα
578 4539 714 4610 δόλῳ
749 4541 974 4603 τούτους
1021 4541 1336 4610 κρατήσωσι
1381 4540 1478 4592 καὶ
1530 4540 1603 4611 μὴ
1639 4543 1716 4603 εἰς

1823 4564 2161 4623 eaveantque
2188 4568 2255 4606 ne
2302 4550 2369 4604 iis
2399 4550 2603 4604 bellum
2660 4550 2823 4603 civile
2864 4546 3156 4601 conﬂetur.
3185 4546 3415 4615 Capitur

126 4635 401 4705 ἐμφύλιον
456 4632 744 4703 ἐμπέσωσι
801 4632 1059 4702 πόλεμον.
1092 4633 1394 4702 Κρατεῖται
1418 4631 1511 4684 οὖν
1549 4634 1577 4684 6
1608 4634 1720 4703 Πη-

124 4726 322 4793 γάνης,
350 4722 453 4776 καὶ
487 4722 760 4792 εἰσαχθεὶς
801 4723 859 4774 ἐν
886 4724 952 4792 τῇ
980 4721 1134 4775 πόλει
1168 4720 1598 4790 ἀποτυφλοῦται,
1624 4723 1721 4775 καὶ

125 4815 457 4881 καθίζουσιν
499 4814 665 4869 αὑτὸν
694 4814 753 4866 ἐν
787 4813 865 4883 τῷ
902 4813 1084 4882 Μιλίῳ
1117 4816 1452 4883 προσαιτεῖν.
1483 4814 1721 4883 Κρατεῖ-

123 4924 214 4959 ται
268 4907 331 4958 δὲ
391 4905 487 4957 καὶ
546 4906 574 4958 6
626 4904 936 4975 Συμὸἀτιος
985 4904 1135 4973 παρά
1190 4905 1283 4957 τοῦ
1319 4905 1584 4958 Μαλεῖνου
1641 4907 1719 4969 εἰς

123 4996 462 5066 Κελτζινήν·
511 4997 604 5049 καὶ
626 4995 982 5067 εἰσαχθέντος
1025 4997 1104 5060 είς
1139 4996 1233 5049 τὸν
1266 4996 1458 5067 Ἀγιον
1489 4997 1721 5068 Μάμανο

122 5108 213 5157 τα,
245 5090 524 5160 φέρουσιν
555 5090 647 5142 τὸν
674 5090 935 5160 Πηγάνην
973 5089 1111 5158 μετὰ
1145 5089 1494 5158 θυμιάματος
1524 5089 1722 5159 ὀστρα-

124 5184 284 5237 κίνου
339 5180 681 5245 καπνίζοντα
732 5181 953 5251 θέαφον,
989 5182 1083 5235 καὶ
1133 5181 1353 5252 ἀπαντᾷ
1403 5182 1497 5234 καὶ
1552 5181 1722 5252 θυμιᾷ

123 5277 216 5329 τὸν
248 5274 593 5344 Συμϐἀτιον.
639 5272 1076 5342 ’Δποτυφλοῦται
1105 5272 1161 5326 δὲ
1189 5274 1283 5325 καὶ
1311 5274 1474 5336 αὐτὸς
1508 5272 1598 5325 τὸν
1622 5273 1721 5325 ἕνα

124 5366 437 5437 ὀςθαλμὸν,
473 5366 584 5420 καὶ
600 5366 930 5419 ἐκκόπτουσι
980 5365 1080 5436 τὴν
1131 5364 1315 5430 δεξιὰν
1342 5364 1507 5418 αὑτοῦ
1536 5367 1719 5435 χεῖρα,

124 5463 220 5515 καὶ
253 5459 549 5523 καθίζουσι
586 5458 680 5512 καὶ
706 5460 872 5513 αὐτὸν
902 5460 982 5521 εἰς
1005 5459 1074 5512 τά
1103 5458 1357 5524 Τζαύσου
1382 5462 1717 5529 προσαιτεῖν,

126 5554 221 5605 καὶ
282 5550 406 5621 μεθ’
447 5550 667 5621 ἡμέρας
706 5552 855 5621 τρεῖς
882 5549 1112 5619 ἄγουσιν
1145 5550 1343 5613 αὐτοὺς
1378 5551 1439 5602 ἐν
1472 5552 1537 5621 τῇ
1567 5549 1720 5604 πόλει

128 5649 206 5709 εἰς
237 5646 375 5707 τοὺς
415 5643 581 5707 ἰδίους
608 5644 812 5707 οἴκους.

202 5735 312 5806 με’.
358 5735 643 5790 Ἐκόἁλλει
701 5731 796 5789 οὖν
849 5735 878 5787 6
929 5734 1181 5806 βασιλεὺς
1238 5732 1461 5806 Μιχαὴλ
1505 5733 1592 5788 διά
1624 5735 1719 5789 τοῦ

138 5829 450 5904 μηχανικοῦ
474 5830 571 5884 τοῦ
600 5829 897 5903 λεγομένου
921 5828 1145 5901 Δάμαρι
1184 5830 1599 5883 Κωνσταντῖνον
1629 5830 1719 5883 τὸν

1820 4664 1951 4719 ergo
1983 4649 2246 4717 Peganes,
2276 4654 2331 4700 et
2367 4644 2423 4698 in
2449 4644 2641 4698 urbem
2664 4643 2926 4697 inductus
2959 4641 3138 4695 oculis
3158 4641 3411 4703 orbatur,

1821 4750 1987 4811 atque
2019 4740 2073 4793 in
2110 4739 2259 4793 Milio
2301 4738 2369 4792 ad
2411 4735 2865 4791 emendieandam
2924 4734 3123 4802 stipem
3171 4732 3412 4786 colloca-

1825 4832 2171 4903 tur.Capitur
2204 4845 2337 4884 vero
2388 4829 2550 4884 etiam
2618 4826 2935 4897 Symbatius
2988 4840 3017 4878 a
3072 4823 3306 4877 Μειιείηο
3344 4822 3412 4876 ad

1821 4924 2155 4985 Celtzinem;
2200 4921 2540 4989 inductoque
2571 4918 2637 4973 ad
2682 4916 2738 4972 S.
2776 4917 3067 4983 Mamantis
3107 4914 3410 4986 Symbatio,

1821 5016 2106 5071 adducunt
2134 5015 2404 5083 Pegancm
2438 5025 2641 5065 caecum
2676 5024 2801 5063 eum
2846 5007 3133 5061 thuribulo
3170 5014 3412 5061 testaceo

1822 5107 2134 5161 adolentcm
2152 5103 2360 5168 sulfur;
2398 5102 2688 5169 factusque
2714 5098 2934 5152 obviam
2974 5096 3257 5166 Symbatio
3281 5096 3413 5149 allo.

1823 5200 1917 5252 let.
1972 5197 2221 5252 Caacatur
2276 5211 2411 5249 vero
2475 5194 2639 5249 etiam
2691 5190 3006 5261 Symbatius
3044 5191 3219 5242 altero
3247 5188 3407 5258 681

1822 5289 2005 5353 oculo,
2037 5303 2101 5342 ac
2132 5286 2322 5341 dextra
2359 5286 2437 5339 illi
2494 5298 2691 5338 manus
2746 5280 3121 5344 abscinditur;
3160 5294 3325 5349 quem
3356 5288 3413 5333 et

1823 5381 2000 5451 ipsum
2037 5379 2103 5435 ad
2135 5380 2363 5434 Tzausa:
2400 5377 2547 5433 ardes
2593 5376 2660 5431 ad
2695 5376 2896 5446 stipem
2951 5372 3246 5443 petendam
3295 5382 3411 5426 sta-

1824 5482 2021 5538 tuunt;
2048 5486 2111 5526 ac
2134 5477 2259 5541 post
2289 5480 2403 5525 tres
2435 5468 2555 5524 dies
2584 5469 2639 5523 in
2681 5483 2809 5523 suas
2843 5467 2970 5521 illos
2994 5465 3142 5519 aedes
3186 5464 3241 5518 in
3273 5464 3411 5517 urbe

1822 5569 2129 5624 adducunL

1897 5730 1986 5784 45.
2026 5725 2257 5784 Michael
2309 5724 2608 5794 imperator
2652 5718 2999 5777 Constantini
3036 5715 3285 5774 Cabalini
3318 5728 3412 5768 ca-

1825 5824 1993 5880 daver
2019 5837 2119 5892 per
2150 5819 2592 5875 machinatorem
2637 5813 2851 5869 Lamari
2884 5812 3104 5867 nomine
3127 5826 3192 5866 ex
3227 5809 3413 5879 sepul-
