  <div class='ocr_page' id='page_1' title='image "/cluster/home/n/w/nwhite01/storage/ocr_20150623/109/nnc1.0046979867/379.png"; bbox 0 0 4174 6442; ppageno 0'>
   <div class='ocr_carea' id='block_1_1' title="bbox 739 413 845 476">
    <p class='ocr_par' dir='ltr' id='par_1_1' title="bbox 739 413 845 476">
     <span class='ocr_line' id='line_1_1' title="bbox 739 413 845 476; baseline -0.009 0"><span class='ocrx_word' id='word_1_1' title='bbox 739 413 845 476; x_wconf 67' lang='grc'><strong>743</strong></span> 
     </span>
    </p>
   </div>
   <div class='ocr_carea' id='block_1_2' title="bbox 1946 403 2735 467">
    <p class='ocr_par' dir='ltr' id='par_1_2' title="bbox 1946 403 2735 467">
     <span class='ocr_line' id='line_1_2' title="bbox 1946 403 2735 467; baseline -0.005 -1"><span class='ocrx_word' id='word_1_2' title='bbox 1946 406 2327 467; x_wconf 63' lang='grc' dir='ltr'><strong>Ξῖἶιιεοῗξίδ</strong></span> <span class='ocrx_word' id='word_1_3' title='bbox 2360 403 2735 465; x_wconf 79' lang='lat' dir='ltr'><strong>MAGISTRI</strong></span> 
     </span>
    </p>
   </div>
   <div class='ocr_carea' id='block_1_3' title="bbox 3922 393 4027 455">
    <p class='ocr_par' dir='ltr' id='par_1_3' title="bbox 3922 393 4027 455">
     <span class='ocr_line' id='line_1_3' title="bbox 3922 393 4027 455; baseline -0.01 0"><span class='ocrx_word' id='word_1_4' title='bbox 3922 393 4027 455; x_wconf 66' lang='lat'><strong>74!.</strong></span> 
     </span>
    </p>
   </div>
   <div class='ocr_carea' id='block_1_4' title="bbox 736 504 2355 599">
    <p class='ocr_par' dir='ltr' id='par_1_4' title="bbox 736 518 2329 599">
     <span class='ocr_line' id='line_1_4' title="bbox 736 518 2329 599; baseline -0.009 -18"><span class='ocrx_word' id='word_1_5' title='bbox 736 543 838 583; x_wconf 87' lang='lat' dir='ltr'><strong>ero</strong></span> <span class='ocrx_word' id='word_1_6' title='bbox 861 529 1121 599; x_wconf 91' lang='lat' dir='ltr'><strong>ejectum,</strong></span> <span class='ocrx_word' id='word_1_7' title='bbox 1143 523 1485 593; x_wconf 82' lang='lat' dir='ltr'><strong>impiumque</strong></span> <span class='ocrx_word' id='word_1_8' title='bbox 1514 520 1882 592; x_wconf 78' lang='lat' dir='ltr'><strong>patriarcliam</strong></span> <span class='ocrx_word' id='word_1_9' title='bbox 1906 518 2176 575; x_wconf 82' lang='lat' dir='ltr'><strong>Joannem</strong></span> <span class='ocrx_word' id='word_1_10' title='bbox 2202 531 2329 570; x_wconf 90' lang='lat' dir='ltr'><strong>cum</strong></span> 
     </span>
    </p>
   </div>
   <div class='ocr_carea' id='block_1_5' title="bbox 2461 504 4031 599">
    <p class='ocr_par' dir='ltr' id='par_1_5' title="bbox 2461 504 4031 578">
     <span class='ocr_line' id='line_1_5' title="bbox 2461 504 4031 578; baseline -0.007 -12"><span class='ocrx_word' id='word_1_11' title='bbox 2461 515 2744 568; x_wconf 70' lang='grc' dir='ltr'>ἱαὸαλῖνον</span> <span class='ocrx_word' id='word_1_12' title='bbox 2778 515 2841 566; x_wconf 79' lang='grc' dir='ltr'>ὲκ</span> <span class='ocrx_word' id='word_1_13' title='bbox 2880 509 2975 565; x_wconf 79' lang='grc' dir='ltr'>τοῦ</span> <span class='ocrx_word' id='word_1_14' title='bbox 3030 511 3227 578; x_wconf 84' lang='grc' dir='ltr'>τάφου,</span> <span class='ocrx_word' id='word_1_15' title='bbox 3253 508 3357 562; x_wconf 75' lang='grc' dir='ltr'>,καὶ</span> <span class='ocrx_word' id='word_1_16' title='bbox 3417 504 3669 575; x_wconf 76' lang='grc' dir='ltr'><strong>Ἰωάννην</strong></span> <span class='ocrx_word' id='word_1_17' title='bbox 3714 506 3809 557; x_wconf 82' lang='grc' dir='ltr'>τὸν</span> <span class='ocrx_word' id='word_1_18' title='bbox 3851 505 4031 573; x_wconf 73' lang='grc' dir='ltr'>ἀσεϐῆ</span> 
     </span>
    </p>
   </div>
   <div class='ocr_carea' id='block_1_6' title="bbox 742 611 2331 688">
    <p class='ocr_par' dir='ltr' id='par_1_6' title="bbox 742 611 2331 688">
     <span class='ocr_line' id='line_1_6' title="bbox 742 611 2331 688; baseline -0.01 -12"><span class='ocrx_word' id='word_1_19' title='bbox 742 619 1019 676; x_wconf 81' lang='lat' dir='ltr'><strong>liumcrali</strong></span> <span class='ocrx_word' id='word_1_20' title='bbox 1057 616 1365 688; x_wconf 79' lang='lat' dir='ltr'><strong>(pontiﬁcio</strong></span> <span class='ocrx_word' id='word_1_21' title='bbox 1394 616 1627 685; x_wconf 90' lang='lat' dir='ltr'><strong>amictu)</strong></span> <span class='ocrx_word' id='word_1_22' title='bbox 1676 630 1707 668; x_wconf 88' lang='lat' dir='ltr'><strong>e</strong></span> <span class='ocrx_word' id='word_1_23' title='bbox 1754 612 2015 683; x_wconf 88' lang='lat' dir='ltr'><strong>sepulcro</strong></span> <span class='ocrx_word' id='word_1_24' title='bbox 2043 611 2331 671; x_wconf 82' lang='lat' dir='ltr'><strong>eductum,</strong></span> 
     </span>
    </p>
   </div>
   <div class='ocr_carea' id='block_1_7' title="bbox 2442 598 4032 677">
    <p class='ocr_par' dir='ltr' id='par_1_7' title="bbox 2442 598 4032 677">
     <span class='ocr_line' id='line_1_7' title="bbox 2442 598 4032 677; baseline -0.006 -19"><span class='ocrx_word' id='word_1_25' title='bbox 2442 608 2794 677; x_wconf 77' lang='grc' dir='ltr'>πατριάρχην</span> <span class='ocrx_word' id='word_1_26' title='bbox 2836 603 2973 674; x_wconf 83' lang='grc' dir='ltr'>μετὰ</span> <span class='ocrx_word' id='word_1_27' title='bbox 3006 602 3100 654; x_wconf 82' lang='grc' dir='ltr'>τοῦ</span> <span class='ocrx_word' id='word_1_28' title='bbox 3137 598 3452 669; x_wconf 75' lang='grc' dir='ltr'>ὼμοφορίου</span> <span class='ocrx_word' id='word_1_29' title='bbox 3484 598 3578 651; x_wconf 61' lang='grc' dir='ltr'><strong>καὶ¹</strong></span> <span class='ocrx_word' id='word_1_30' title='bbox 3624 598 3791 650; x_wconf 72' lang='grc' dir='ltr'>αὐτὸν</span> <span class='ocrx_word' id='word_1_31' title='bbox 3829 598 3896 650; x_wconf 85' lang='grc' dir='ltr'>ὲκ</span> <span class='ocrx_word' id='word_1_32' title='bbox 3940 598 4032 649; x_wconf 64' lang='grc' dir='ltr'><strong>το)</strong></span> 
     </span>
    </p>
   </div>
   <div class='ocr_carea' id='block_1_8' title="bbox 746 686 2355 783">
    <p class='ocr_par' dir='ltr' id='par_1_8' title="bbox 746 686 2336 783">
     <span class='ocr_line' id='line_1_8' title="bbox 746 686 2336 783; baseline -0.008 -18"><span class='ocrx_word' id='word_1_33' title='bbox 746 730 845 783; x_wconf 77' lang='lat' dir='ltr'><strong>per</strong></span> <span class='ocrx_word' id='word_1_34' title='bbox 887 686 1208 782; x_wconf 63' lang='lat' dir='ltr'><strong>praefectum</strong></span> <span class='ocrx_word' id='word_1_35' title='bbox 1254 710 1307 762; x_wconf 92' lang='lat' dir='ltr'><strong>in</strong></span> <span class='ocrx_word' id='word_1_36' title='bbox 1341 710 1602 778; x_wconf 70' lang='lat' dir='ltr'><strong>praetorio</strong></span> <span class='ocrx_word' id='word_1_37' title='bbox 1658 706 1923 770; x_wconf 89' lang='lat' dir='ltr'><strong>inclusit;</strong></span> <span class='ocrx_word' id='word_1_38' title='bbox 1974 721 2039 759; x_wconf 88' lang='lat' dir='ltr'><strong>ac</strong></span> <span class='ocrx_word' id='word_1_39' title='bbox 2094 718 2206 773; x_wconf 92' lang='lat' dir='ltr'><strong>quo</strong></span> <span class='ocrx_word' id='word_1_40' title='bbox 2246 701 2336 755; x_wconf 88' lang='lat' dir='ltr'><strong>die</strong></span> 
     </span>
    </p>
   </div>
   <div class='ocr_carea' id='block_1_9' title="bbox 2461 686 4035 783">
    <p class='ocr_par' dir='ltr' id='par_1_9' title="bbox 2461 686 4035 764">
     <span class='ocr_line' id='line_1_9' title="bbox 2461 686 4035 764; baseline -0.007 -15"><span class='ocrx_word' id='word_1_41' title='bbox 2461 699 2637 764; x_wconf 73' lang='grc' dir='ltr'>ῖὰφου,</span> <span class='ocrx_word' id='word_1_42' title='bbox 2674 698 2768 749; x_wconf 80' lang='grc' dir='ltr'>καὶ</span> <span class='ocrx_word' id='word_1_43' title='bbox 2798 693 3113 747; x_wconf 80' lang='grc' dir='ltr'>κατακλείει</span> <span class='ocrx_word' id='word_1_44' title='bbox 3140 692 3229 745; x_wconf 68' lang='grc' dir='ltr'><strong>διὰ</strong></span> <span class='ocrx_word' id='word_1_45' title='bbox 3256 689 3353 742; x_wconf 81' lang='grc' dir='ltr'><strong>τοῦ</strong></span> <span class='ocrx_word' id='word_1_46' title='bbox 3394 690 3642 758; x_wconf 77' lang='grc' dir='ltr'><strong>ὑπάρχου</strong></span> <span class='ocrx_word' id='word_1_47' title='bbox 3671 691 3729 741; x_wconf 87' lang='lat' dir='ltr'><strong>tv</strong></span> <span class='ocrx_word' id='word_1_48' title='bbox 3762 686 3843 758; x_wconf 83' lang='grc' dir='ltr'>τῷ</span> <span class='ocrx_word' id='word_1_49' title='bbox 3866 705 4035 758; x_wconf 71' lang='grc' dir='ltr'>πραιυ</span> 
     </span>
    </p>
   </div>
   <div class='ocr_carea' id='block_1_10' title="bbox 745 794 2339 871">
    <p class='ocr_par' dir='ltr' id='par_1_10' title="bbox 745 794 2339 871">
     <span class='ocr_line' id='line_1_10' title="bbox 745 794 2339 871; baseline -0.007 -13"><span class='ocrx_word' id='word_1_50' title='bbox 745 804 1037 859; x_wconf 78' lang='lat' dir='ltr'><strong>Circenses</strong></span> <span class='ocrx_word' id='word_1_51' title='bbox 1062 802 1392 871; x_wconf 77' lang='lat' dir='ltr'><strong>agebantur,</strong></span> <span class='ocrx_word' id='word_1_52' title='bbox 1434 800 1703 856; x_wconf 87' lang='lat' dir='ltr'><strong>adductos</strong></span> <span class='ocrx_word' id='word_1_53' title='bbox 1746 799 2101 867; x_wconf 81' lang='lat' dir='ltr'><strong>nudatosque</strong></span> <span class='ocrx_word' id='word_1_54' title='bbox 2138 794 2339 849; x_wconf 77' lang='lat' dir='ltr'><strong>verbe-</strong></span> 
     </span>
    </p>
   </div>
   <div class='ocr_carea' id='block_1_11' title="bbox 748 884 2340 961">
    <p class='ocr_par' dir='ltr' id='par_1_11' title="bbox 748 884 2340 961">
     <span class='ocr_line' id='line_1_11' title="bbox 748 884 2340 961; baseline -0.008 -11"><span class='ocrx_word' id='word_1_55' title='bbox 748 897 904 951; x_wconf 80' lang='lat' dir='ltr'><strong>ribus</strong></span> <span class='ocrx_word' id='word_1_56' title='bbox 925 894 1132 956; x_wconf 76' lang='lat' dir='ltr'><strong>aﬂecit.</strong></span> <span class='ocrx_word' id='word_1_57' title='bbox 1154 902 1381 961; x_wconf 89' lang='lat' dir='ltr'><strong>tumque</strong></span> <span class='ocrx_word' id='word_1_58' title='bbox 1405 892 1627 945; x_wconf 92' lang='lat' dir='ltr'><strong>illorum</strong></span> <span class='ocrx_word' id='word_1_59' title='bbox 1650 905 1774 945; x_wconf 87' lang='lat' dir='ltr'><strong>ossa</strong></span> <span class='ocrx_word' id='word_1_60' title='bbox 1801 889 1869 943; x_wconf 88' lang='lat' dir='ltr'><strong>ad</strong></span> <span class='ocrx_word' id='word_1_61' title='bbox 1894 886 2163 943; x_wconf 80' lang='lat' dir='ltr'><strong>Mauriani</strong></span> <span class='ocrx_word' id='word_1_62' title='bbox 2193 884 2340 938; x_wconf 70' lang='lat' dir='ltr'><strong>ardes</strong></span> 
     </span>
    </p>
   </div>
   <div class='ocr_carea' id='block_1_12' title="bbox 744 983 2341 1055">
    <p class='ocr_par' dir='ltr' id='par_1_12' title="bbox 744 983 2341 1055">
     <span class='ocr_line' id='line_1_12' title="bbox 744 983 2341 1055; baseline -0.009 -12"><span class='ocrx_word' id='word_1_63' title='bbox 744 988 1073 1043; x_wconf 80' lang='lat' dir='ltr'><strong>combussit.</strong></span> <span class='ocrx_word' id='word_1_64' title='bbox 1126 983 1460 1055; x_wconf 77' lang='lat' dir='ltr'><strong>Copronymi</strong></span> <span class='ocrx_word' id='word_1_65' title='bbox 1515 999 1653 1037; x_wconf 77' lang='lat' dir='ltr'><strong>vero</strong></span> <span class='ocrx_word' id='word_1_66' title='bbox 1701 995 1895 1036; x_wconf 87' lang='lat' dir='ltr'><strong>urnam</strong></span> <span class='ocrx_word' id='word_1_67' title='bbox 1953 996 2020 1032; x_wconf 79' lang='lat' dir='ltr'><strong>ex</strong></span> <span class='ocrx_word' id='word_1_68' title='bbox 2064 990 2341 1032; x_wconf 78' lang='lat' dir='ltr'><strong>marmore</strong></span> 
     </span>
    </p>
   </div>
   <div class='ocr_carea' id='block_1_13' title="bbox 749 1069 2341 1146">
    <p class='ocr_par' dir='ltr' id='par_1_13' title="bbox 749 1069 2341 1146">
     <span class='ocr_line' id='line_1_13' title="bbox 749 1069 2341 1146; baseline -0.007 -14"><span class='ocrx_word' id='word_1_69' title='bbox 749 1080 913 1134; x_wconf 84' lang='lat' dir='ltr'><strong>vridi</strong></span> <span class='ocrx_word' id='word_1_70' title='bbox 973 1078 1117 1132; x_wconf 89' lang='lat' dir='ltr'><strong>miro</strong></span> <span class='ocrx_word' id='word_1_71' title='bbox 1152 1092 1320 1146; x_wconf 89' lang='lat' dir='ltr'><strong>opere</strong></span> <span class='ocrx_word' id='word_1_72' title='bbox 1372 1076 1697 1130; x_wconf 82' lang='lat' dir='ltr'><strong>fabricatam</strong></span> <span class='ocrx_word' id='word_1_73' title='bbox 1729 1088 1883 1128; x_wconf 88' lang='lat' dir='ltr'><strong>serra</strong></span> <span class='ocrx_word' id='word_1_74' title='bbox 1938 1087 2164 1132; x_wconf 82' lang='lat' dir='ltr'><strong>secans,</strong></span> <span class='ocrx_word' id='word_1_75' title='bbox 2214 1069 2341 1123; x_wconf 89' lang='lat' dir='ltr'><strong>inde</strong></span> 
     </span>
    </p>
   </div>
   <div class='ocr_carea' id='block_1_14' title="bbox 749 1162 2342 1239">
    <p class='ocr_par' dir='ltr' id='par_1_14' title="bbox 749 1162 2342 1239">
     <span class='ocr_line' id='line_1_14' title="bbox 749 1162 2342 1239; baseline -0.006 -15"><span class='ocrx_word' id='word_1_76' title='bbox 749 1172 1073 1228; x_wconf 76' lang='lat' dir='ltr'><strong>columellas</strong></span> <span class='ocrx_word' id='word_1_77' title='bbox 1106 1170 1239 1227; x_wconf 79' lang='lat' dir='ltr'><strong>fecit</strong></span> <span class='ocrx_word' id='word_1_78' title='bbox 1267 1170 1322 1223; x_wconf 90' lang='lat' dir='ltr'><strong>in</strong></span> <span class='ocrx_word' id='word_1_79' title='bbox 1344 1168 1551 1239; x_wconf 87' lang='lat' dir='ltr'><strong>templo</strong></span> <span class='ocrx_word' id='word_1_80' title='bbox 1574 1167 1672 1221; x_wconf 88' lang='lat' dir='ltr'><strong>abs</strong></span> <span class='ocrx_word' id='word_1_81' title='bbox 1698 1181 1757 1221; x_wconf 85' lang='lat' dir='ltr'><strong>se</strong></span> <span class='ocrx_word' id='word_1_82' title='bbox 1786 1163 2061 1223; x_wconf 69' lang='lat' dir='ltr'><strong>azdiﬁeato</strong></span> <span class='ocrx_word' id='word_1_83' title='bbox 2087 1163 2145 1217; x_wconf 89' lang='lat' dir='ltr'><strong>in</strong></span> <span class='ocrx_word' id='word_1_84' title='bbox 2180 1162 2342 1217; x_wconf 85' lang='lat' dir='ltr'><strong>Phari</strong></span> 
     </span>
    </p>
   </div>
   <div class='ocr_carea' id='block_1_15' title="bbox 751 1264 982 1332">
    <p class='ocr_par' dir='ltr' id='par_1_15' title="bbox 751 1264 982 1332">
     <span class='ocr_line' id='line_1_15' title="bbox 751 1264 982 1332; baseline 0 -16"><span class='ocrx_word' id='word_1_85' title='bbox 751 1264 982 1332; x_wconf 67' lang='lat' dir='ltr'><strong>palatio.</strong></span> 
     </span>
    </p>
   </div>
   <div class='ocr_carea' id='block_1_16' title="bbox 822 1341 2343 1420">
    <p class='ocr_par' dir='ltr' id='par_1_16' title="bbox 822 1341 2343 1420">
     <span class='ocr_line' id='line_1_16' title="bbox 822 1341 2343 1420; baseline -0.011 -10"><span class='ocrx_word' id='word_1_86' title='bbox 822 1356 914 1409; x_wconf 69' lang='grc' dir='ltr'><strong>ιε.</strong></span> <span class='ocrx_word' id='word_1_87' title='bbox 948 1354 1136 1408; x_wconf 78' lang='lat' dir='ltr'><strong>Mense</strong></span> <span class='ocrx_word' id='word_1_88' title='bbox 1165 1347 1504 1420; x_wconf 75' lang='lat' dir='ltr'><strong>Septembri,</strong></span> <span class='ocrx_word' id='word_1_89' title='bbox 1546 1344 1849 1400; x_wconf 88' lang='lat' dir='ltr'><strong>indictione</strong></span> <span class='ocrx_word' id='word_1_90' title='bbox 1884 1343 2077 1412; x_wconf 88' lang='lat' dir='ltr'><strong>quinta</strong></span> <span class='ocrx_word' id='word_1_91' title='bbox 2106 1341 2343 1399; x_wconf 85' lang='lat' dir='ltr'><strong>decima,</strong></span> 
     </span>
    </p>
   </div>
   <div class='ocr_carea' id='block_1_17' title="bbox 752 1437 2348 1505">
    <p class='ocr_par' dir='ltr' id='par_1_17' title="bbox 752 1437 2348 1505">
     <span class='ocr_line' id='line_1_17' title="bbox 752 1437 2348 1505; baseline -0.011 -2"><span class='ocrx_word' id='word_1_92' title='bbox 752 1456 917 1502; x_wconf 88' lang='lat' dir='ltr'><strong>natus</strong></span> <span class='ocrx_word' id='word_1_93' title='bbox 946 1455 1032 1501; x_wconf 90' lang='lat' dir='ltr'><strong>est</strong></span> <span class='ocrx_word' id='word_1_94' title='bbox 1061 1442 1462 1500; x_wconf 85' lang='lat' dir='ltr'><strong>Constantinus</strong></span> <span class='ocrx_word' id='word_1_95' title='bbox 1505 1456 1573 1495; x_wconf 77' lang='lat' dir='ltr'><strong>ex</strong></span> <span class='ocrx_word' id='word_1_96' title='bbox 1606 1438 1873 1494; x_wconf 77' lang='lat' dir='ltr'><strong>Micliaele</strong></span> <span class='ocrx_word' id='word_1_97' title='bbox 1918 1437 2253 1505; x_wconf 88' lang='lat' dir='ltr'><strong>imperatore</strong></span> <span class='ocrx_word' id='word_1_98' title='bbox 2291 1444 2348 1487; x_wconf 91' lang='lat' dir='ltr'><strong>et</strong></span> 
     </span>
    </p>
   </div>
   <div class='ocr_carea' id='block_1_18' title="bbox 752 1527 2349 1605">
    <p class='ocr_par' dir='ltr' id='par_1_18' title="bbox 752 1527 2349 1605">
     <span class='ocr_line' id='line_1_18' title="bbox 752 1527 2349 1605; baseline -0.011 -12"><span class='ocrx_word' id='word_1_99' title='bbox 752 1539 1001 1593; x_wconf 81' lang='lat' dir='ltr'><strong>Eudocia</strong></span> <span class='ocrx_word' id='word_1_100' title='bbox 1046 1536 1322 1605; x_wconf 87' lang='lat' dir='ltr'><strong>lngerina,</strong></span> <span class='ocrx_word' id='word_1_101' title='bbox 1374 1548 1499 1586; x_wconf 88' lang='lat' dir='ltr'><strong>cum</strong></span> <span class='ocrx_word' id='word_1_102' title='bbox 1559 1532 1741 1584; x_wconf 91' lang='lat' dir='ltr'><strong>adhuc</strong></span> <span class='ocrx_word' id='word_1_103' title='bbox 1786 1527 2019 1581; x_wconf 79' lang='lat' dir='ltr'><strong>Michael</strong></span> <span class='ocrx_word' id='word_1_104' title='bbox 2066 1534 2349 1594; x_wconf 82' lang='lat' dir='ltr'><strong>superstes</strong></span> 
     </span>
    </p>
   </div>
   <div class='ocr_carea' id='block_1_19' title="bbox 753 1616 2349 1697">
    <p class='ocr_par' dir='ltr' id='par_1_19' title="bbox 753 1616 2349 1697">
     <span class='ocr_line' id='line_1_19' title="bbox 753 1616 2349 1697; baseline -0.011 -11"><span class='ocrx_word' id='word_1_105' title='bbox 753 1640 923 1686; x_wconf 88' lang='lat' dir='ltr'><strong>esset.</strong></span> <span class='ocrx_word' id='word_1_106' title='bbox 958 1628 1335 1697; x_wconf 77' lang='lat' dir='ltr'><strong>Exhibitoque</strong></span> <span class='ocrx_word' id='word_1_107' title='bbox 1374 1623 1711 1678; x_wconf 86' lang='lat' dir='ltr'><strong>circensium</strong></span> <span class='ocrx_word' id='word_1_108' title='bbox 1756 1636 1988 1675; x_wconf 88' lang='lat' dir='ltr'><strong>munere</strong></span> <span class='ocrx_word' id='word_1_109' title='bbox 2032 1619 2099 1672; x_wconf 93' lang='lat' dir='ltr'><strong>ad</strong></span> <span class='ocrx_word' id='word_1_110' title='bbox 2140 1618 2197 1672; x_wconf 92' lang='lat' dir='ltr'><strong>S.</strong></span> <span class='ocrx_word' id='word_1_111' title='bbox 2232 1616 2349 1670; x_wconf 79' lang='lat' dir='ltr'><strong>Ma-</strong></span> 
     </span>
    </p>
   </div>
   <div class='ocr_carea' id='block_1_20' title="bbox 755 1709 2349 1789">
    <p class='ocr_par' dir='ltr' id='par_1_20' title="bbox 755 1709 2349 1789">
     <span class='ocr_line' id='line_1_20' title="bbox 755 1709 2349 1789; baseline -0.011 -13"><span class='ocrx_word' id='word_1_112' title='bbox 755 1723 981 1784; x_wconf 90' lang='lat' dir='ltr'><strong>mantis,</strong></span> <span class='ocrx_word' id='word_1_113' title='bbox 1016 1721 1317 1789; x_wconf 86' lang='lat' dir='ltr'><strong>imperator</strong></span> <span class='ocrx_word' id='word_1_114' title='bbox 1350 1725 1584 1771; x_wconf 87' lang='lat' dir='ltr'><strong>venetus</strong></span> <span class='ocrx_word' id='word_1_115' title='bbox 1623 1714 1915 1783; x_wconf 86' lang='lat' dir='ltr'><strong>equitavit,</strong></span> <span class='ocrx_word' id='word_1_116' title='bbox 1949 1709 2349 1766; x_wconf 87' lang='lat' dir='ltr'><strong>Constantinus</strong></span> 
     </span>
    </p>
   </div>
   <div class='ocr_carea' id='block_1_21' title="bbox 754 1800 2349 1875">
    <p class='ocr_par' dir='ltr' id='par_1_21' title="bbox 754 1800 2349 1875">
     <span class='ocr_line' id='line_1_21' title="bbox 754 1800 2349 1875; baseline -0.009 -8"><span class='ocrx_word' id='word_1_117' title='bbox 754 1831 894 1869; x_wconf 77' lang='lat' dir='ltr'><strong>vero</strong></span> <span class='ocrx_word' id='word_1_118' title='bbox 922 1813 1301 1868; x_wconf 78' lang='lat' dir='ltr'><strong>Armeniacus.</strong></span> <span class='ocrx_word' id='word_1_119' title='bbox 1336 1809 1563 1863; x_wconf 59' lang='lat' dir='ltr'><strong>Thomas</strong></span> <span class='ocrx_word' id='word_1_120' title='bbox 1594 1806 1807 1875; x_wconf 83' lang='lat' dir='ltr'><strong>patricii</strong></span> <span class='ocrx_word' id='word_1_121' title='bbox 1848 1819 1913 1857; x_wconf 90' lang='lat' dir='ltr'><strong>ac</strong></span> <span class='ocrx_word' id='word_1_122' title='bbox 1939 1800 2212 1872; x_wconf 81' lang='lat' dir='ltr'><strong>generalis</strong></span> <span class='ocrx_word' id='word_1_123' title='bbox 2251 1814 2349 1853; x_wconf 72' lang='lat' dir='ltr'><strong>ex-</strong></span> 
     </span>
    </p>
   </div>
   <div class='ocr_carea' id='block_1_22' title="bbox 752 1894 2351 1971">
    <p class='ocr_par' dir='ltr' id='par_1_22' title="bbox 752 1894 2351 1971">
     <span class='ocr_line' id='line_1_22' title="bbox 752 1894 2351 1971; baseline -0.012 -10"><span class='ocrx_word' id='word_1_124' title='bbox 752 1908 1046 1961; x_wconf 87' lang='lat' dir='ltr'><strong>cubiarum</strong></span> <span class='ocrx_word' id='word_1_125' title='bbox 1084 1901 1369 1971; x_wconf 85' lang='lat' dir='ltr'><strong>drungarii</strong></span> <span class='ocrx_word' id='word_1_126' title='bbox 1426 1912 1602 1970; x_wconf 85' lang='lat' dir='ltr'><strong>pater,</strong></span> <span class='ocrx_word' id='word_1_127' title='bbox 1645 1900 1828 1961; x_wconf 84' lang='lat' dir='ltr'><strong>albus,</strong></span> <span class='ocrx_word' id='word_1_128' title='bbox 1868 1894 2186 1965; x_wconf 79' lang='lat' dir='ltr'><strong>Agallianus</strong></span> <span class='ocrx_word' id='word_1_129' title='bbox 2220 1906 2351 1961; x_wconf 87' lang='lat' dir='ltr'><strong>pra-</strong></span> 
     </span>
    </p>
   </div>
   <div class='ocr_carea' id='block_1_23' title="bbox 758 1985 2355 2059">
    <p class='ocr_par' dir='ltr' id='par_1_23' title="bbox 758 1985 2355 2059">
     <span class='ocr_line' id='line_1_23' title="bbox 758 1985 2355 2059; baseline -0.009 -8"><span class='ocrx_word' id='word_1_130' title='bbox 758 2000 945 2059; x_wconf 88' lang='lat' dir='ltr'><strong>sinus,</strong></span> <span class='ocrx_word' id='word_1_131' title='bbox 996 1995 1229 2051; x_wconf 85' lang='lat' dir='ltr'><strong>Crassus</strong></span> <span class='ocrx_word' id='word_1_132' title='bbox 1284 1994 1517 2047; x_wconf 89' lang='lat' dir='ltr'><strong>russius.</strong></span> <span class='ocrx_word' id='word_1_133' title='bbox 1574 1991 1652 2043; x_wconf 79' lang='lat' dir='ltr'><strong>Eo</strong></span> <span class='ocrx_word' id='word_1_134' title='bbox 1692 1989 1996 2043; x_wconf 86' lang='lat' dir='ltr'><strong>certamine</strong></span> <span class='ocrx_word' id='word_1_135' title='bbox 2051 1985 2355 2053; x_wconf 83' lang='lat' dir='ltr'><strong>imperator</strong></span> 
     </span>
    </p>
   </div>
   <div class='ocr_carea' id='block_1_24' title="bbox 757 2077 2355 2153">
    <p class='ocr_par' dir='ltr' id='par_1_24' title="bbox 757 2077 2355 2153">
     <span class='ocr_line' id='line_1_24' title="bbox 757 2077 2355 2153; baseline -0.008 -10"><span class='ocrx_word' id='word_1_136' title='bbox 757 2093 938 2146; x_wconf 73' lang='lat' dir='ltr'><strong>victor</strong></span> <span class='ocrx_word' id='word_1_137' title='bbox 968 2090 1121 2148; x_wconf 74' lang='lat' dir='ltr'><strong>exiit.</strong></span> <span class='ocrx_word' id='word_1_138' title='bbox 1156 2088 1285 2142; x_wconf 87' lang='lat' dir='ltr'><strong>Inde</strong></span> <span class='ocrx_word' id='word_1_139' title='bbox 1335 2102 1468 2139; x_wconf 82' lang='lat' dir='ltr'><strong>vero</strong></span> <span class='ocrx_word' id='word_1_140' title='bbox 1526 2084 1660 2153; x_wconf 89' lang='lat' dir='ltr'><strong>quid</strong></span> <span class='ocrx_word' id='word_1_141' title='bbox 1693 2081 1935 2137; x_wconf 87' lang='lat' dir='ltr'><strong>accidit?</strong></span> <span class='ocrx_word' id='word_1_142' title='bbox 1979 2094 2107 2135; x_wconf 87' lang='lat' dir='ltr'><strong>nam</strong></span> <span class='ocrx_word' id='word_1_143' title='bbox 2149 2087 2205 2132; x_wconf 89' lang='lat' dir='ltr'><strong>et</strong></span> <span class='ocrx_word' id='word_1_144' title='bbox 2250 2077 2355 2131; x_wconf 89' lang='lat' dir='ltr'><strong>hoc</strong></span> 
     </span>
    </p>
   </div>
   <div class='ocr_carea' id='block_1_25' title="bbox 760 2171 2353 2250">
    <p class='ocr_par' dir='ltr' id='par_1_25' title="bbox 760 2171 2353 2250">
     <span class='ocr_line' id='line_1_25' title="bbox 760 2171 2353 2250; baseline -0.011 -11"><span class='ocrx_word' id='word_1_145' title='bbox 760 2184 1049 2240; x_wconf 78' lang='lat' dir='ltr'><strong>Michaelis</strong></span> <span class='ocrx_word' id='word_1_146' title='bbox 1078 2179 1432 2250; x_wconf 88' lang='lat' dir='ltr'><strong>imperatoris</strong></span> <span class='ocrx_word' id='word_1_147' title='bbox 1466 2176 1739 2232; x_wconf 66' lang='lat' dir='ltr'><strong>vecordiae</strong></span> <span class='ocrx_word' id='word_1_148' title='bbox 1762 2174 2066 2244; x_wconf 87' lang='lat' dir='ltr'><strong>specimen,</strong></span> <span class='ocrx_word' id='word_1_149' title='bbox 2103 2172 2249 2242; x_wconf 92' lang='lat' dir='ltr'><strong>quod</strong></span> <span class='ocrx_word' id='word_1_150' title='bbox 2274 2171 2353 2223; x_wconf 82' lang='lat' dir='ltr'><strong>sic</strong></span> 
     </span>
    </p>
   </div>
   <div class='ocr_carea' id='block_1_26' title="bbox 766 2263 2351 2336">
    <p class='ocr_par' dir='ltr' id='par_1_26' title="bbox 766 2263 2351 2336">
     <span class='ocr_line' id='line_1_26' title="bbox 766 2263 2351 2336; baseline -0.009 -6"><span class='ocrx_word' id='word_1_151' title='bbox 766 2278 1141 2330; x_wconf 75' lang='lat' dir='ltr'><strong>ltomauoruin</strong></span> <span class='ocrx_word' id='word_1_152' title='bbox 1175 2274 1349 2327; x_wconf 92' lang='lat' dir='ltr'><strong>robur</strong></span> <span class='ocrx_word' id='word_1_153' title='bbox 1380 2271 1680 2323; x_wconf 90' lang='lat' dir='ltr'><strong>imminuit.</strong></span> <span class='ocrx_word' id='word_1_154' title='bbox 1707 2270 1818 2323; x_wconf 88' lang='lat' dir='ltr'><strong>Leo</strong></span> <span class='ocrx_word' id='word_1_155' title='bbox 1842 2267 2227 2336; x_wconf 88' lang='lat' dir='ltr'><strong>philosophus,</strong></span> <span class='ocrx_word' id='word_1_156' title='bbox 2258 2263 2351 2332; x_wconf 88' lang='lat' dir='ltr'><strong>qui</strong></span> 
     </span>
    </p>
   </div>
   <div class='ocr_carea' id='block_1_27' title="bbox 760 2358 2352 2429">
    <p class='ocr_par' dir='ltr' id='par_1_27' title="bbox 760 2358 2352 2429">
     <span class='ocr_line' id='line_1_27' title="bbox 760 2358 2352 2429; baseline -0.009 -7"><span class='ocrx_word' id='word_1_157' title='bbox 760 2366 1277 2421; x_wconf 78' lang='lat' dir='ltr'><strong>Thessalonicensis</strong></span> <span class='ocrx_word' id='word_1_158' title='bbox 1296 2364 1528 2417; x_wconf 90' lang='lat' dir='ltr'><strong>antistes</strong></span> <span class='ocrx_word' id='word_1_159' title='bbox 1542 2363 1565 2414; x_wconf 83' lang='lat' dir='ltr'>f</span> <span class='ocrx_word' id='word_1_160' title='bbox 1567 2361 1668 2425; x_wconf 93' lang='lat' dir='ltr'><strong>uit,</strong></span> <span class='ocrx_word' id='word_1_161' title='bbox 1690 2360 1999 2429; x_wconf 84' lang='lat' dir='ltr'><strong>Theophilo</strong></span> <span class='ocrx_word' id='word_1_162' title='bbox 2029 2358 2352 2427; x_wconf 84' lang='lat' dir='ltr'><strong>imperatori</strong></span> 
     </span>
    </p>
   </div>
   <div class='ocr_carea' id='block_1_28' title="bbox 758 2451 2352 2521">
    <p class='ocr_par' dir='ltr' id='par_1_28' title="bbox 758 2451 2352 2521">
     <span class='ocr_line' id='line_1_28' title="bbox 758 2451 2352 2521; baseline -0.008 -9"><span class='ocrx_word' id='word_1_163' title='bbox 758 2468 959 2513; x_wconf 82' lang='lat' dir='ltr'><strong>auctor</strong></span> <span class='ocrx_word' id='word_1_164' title='bbox 993 2456 1175 2511; x_wconf 77' lang='lat' dir='ltr'><strong>fuerat</strong></span> <span class='ocrx_word' id='word_1_165' title='bbox 1202 2464 1262 2508; x_wconf 87' lang='lat' dir='ltr'><strong>ut</strong></span> <span class='ocrx_word' id='word_1_166' title='bbox 1301 2454 1412 2509; x_wconf 94' lang='lat' dir='ltr'><strong>duo</strong></span> <span class='ocrx_word' id='word_1_167' title='bbox 1440 2453 1721 2521; x_wconf 75' lang='lat' dir='ltr'><strong>horologia</strong></span> <span class='ocrx_word' id='word_1_168' title='bbox 1760 2451 2352 2518; x_wconf 46' lang='lat' dir='ltr'><strong>fabricaretgquorum</strong></span> 
     </span>
    </p>
   </div>
   <div class='ocr_carea' id='block_1_29' title="bbox 757 2545 2353 2615">
    <p class='ocr_par' dir='ltr' id='par_1_29' title="bbox 757 2545 2353 2615">
     <span class='ocr_line' id='line_1_29' title="bbox 757 2545 2353 2615; baseline -0.009 -10"><span class='ocrx_word' id='word_1_169' title='bbox 757 2558 907 2605; x_wconf 88' lang='lat' dir='ltr'><strong>esset</strong></span> <span class='ocrx_word' id='word_1_170' title='bbox 956 2549 1151 2603; x_wconf 90' lang='lat' dir='ltr'><strong>eadem</strong></span> <span class='ocrx_word' id='word_1_171' title='bbox 1206 2550 1291 2601; x_wconf 82' lang='lat' dir='ltr'><strong>vis</strong></span> <span class='ocrx_word' id='word_1_172' title='bbox 1336 2546 1646 2615; x_wconf 87' lang='lat' dir='ltr'><strong>eodemque</strong></span> <span class='ocrx_word' id='word_1_173' title='bbox 1693 2545 2154 2612; x_wconf 84' lang='lat' dir='ltr'><strong>ferentia;atque</strong></span> <span class='ocrx_word' id='word_1_174' title='bbox 2182 2556 2353 2595; x_wconf 89' lang='lat' dir='ltr'><strong>unum</strong></span> 
     </span>
    </p>
   </div>
   <div class='ocr_carea' id='block_1_30' title="bbox 760 2633 2354 2710">
    <p class='ocr_par' dir='ltr' id='par_1_30' title="bbox 760 2633 2354 2710">
     <span class='ocr_line' id='line_1_30' title="bbox 760 2633 2354 2710; baseline -0.007 -15"><span class='ocrx_word' id='word_1_175' title='bbox 760 2640 989 2710; x_wconf 87' lang='lat' dir='ltr'><strong>quidem</strong></span> <span class='ocrx_word' id='word_1_176' title='bbox 1042 2641 1209 2710; x_wconf 75' lang='lat'><strong>682</strong></span> <span class='ocrx_word' id='word_1_177' title='bbox 1266 2644 1319 2693; x_wconf 86' lang='lat' dir='ltr'><strong>in</strong></span> <span class='ocrx_word' id='word_1_178' title='bbox 1352 2638 1609 2707; x_wconf 69' lang='lat' dir='ltr'><strong>praesidio</strong></span> <span class='ocrx_word' id='word_1_179' title='bbox 1659 2651 1855 2691; x_wconf 86' lang='lat' dir='ltr'><strong>versus</strong></span> <span class='ocrx_word' id='word_1_180' title='bbox 1904 2634 2153 2690; x_wconf 91' lang='lat' dir='ltr'><strong>Ciliciam</strong></span> <span class='ocrx_word' id='word_1_181' title='bbox 2207 2633 2354 2686; x_wconf 88' lang='lat' dir='ltr'><strong>haud</strong></span> 
     </span>
    </p>
   </div>
   <div class='ocr_carea' id='block_1_31' title="bbox 758 2728 2357 2803">
    <p class='ocr_par' dir='ltr' id='par_1_31' title="bbox 758 2728 2357 2803">
     <span class='ocr_line' id='line_1_31' title="bbox 758 2728 2357 2803; baseline -0.006 -16"><span class='ocrx_word' id='word_1_182' title='bbox 758 2734 922 2803; x_wconf 78' lang='lat' dir='ltr'><strong>longe</strong></span> <span class='ocrx_word' id='word_1_183' title='bbox 961 2748 991 2786; x_wconf 89' lang='lat' dir='ltr'><strong>a</strong></span> <span class='ocrx_word' id='word_1_184' title='bbox 1030 2732 1203 2786; x_wconf 87' lang='lat' dir='ltr'><strong>Tarso</strong></span> <span class='ocrx_word' id='word_1_185' title='bbox 1224 2730 1539 2794; x_wconf 86' lang='lat' dir='ltr'><strong>collocavit,</strong></span> <span class='ocrx_word' id='word_1_186' title='bbox 1579 2730 1814 2784; x_wconf 79' lang='lat' dir='ltr'><strong>alterum</strong></span> <span class='ocrx_word' id='word_1_187' title='bbox 1854 2729 1912 2785; x_wconf 89' lang='lat' dir='ltr'><strong>in</strong></span> <span class='ocrx_word' id='word_1_188' title='bbox 1939 2728 2143 2797; x_wconf 86' lang='lat' dir='ltr'><strong>palatio</strong></span> <span class='ocrx_word' id='word_1_189' title='bbox 2170 2742 2357 2783; x_wconf 77' lang='lat' dir='ltr'><strong>serva-</strong></span> 
     </span>
    </p>
   </div>
   <div class='ocr_carea' id='block_1_32' title="bbox 762 2819 2358 2894">
    <p class='ocr_par' dir='ltr' id='par_1_32' title="bbox 762 2819 2358 2894">
     <span class='ocr_line' id='line_1_32' title="bbox 762 2819 2358 2894; baseline -0.004 -14"><span class='ocrx_word' id='word_1_190' title='bbox 762 2827 949 2880; x_wconf 85' lang='lat' dir='ltr'><strong>batur.</strong></span> <span class='ocrx_word' id='word_1_191' title='bbox 984 2825 1204 2894; x_wconf 73' lang='lat' dir='ltr'><strong>Scripta</strong></span> <span class='ocrx_word' id='word_1_192' title='bbox 1241 2834 1404 2879; x_wconf 88' lang='lat' dir='ltr'><strong>erant</strong></span> <span class='ocrx_word' id='word_1_193' title='bbox 1435 2824 1490 2878; x_wconf 90' lang='lat' dir='ltr'><strong>in</strong></span> <span class='ocrx_word' id='word_1_194' title='bbox 1524 2823 1771 2893; x_wconf 82' lang='lat' dir='ltr'><strong>singulas</strong></span> <span class='ocrx_word' id='word_1_195' title='bbox 1807 2822 1970 2875; x_wconf 88' lang='lat' dir='ltr'><strong>horas</strong></span> <span class='ocrx_word' id='word_1_196' title='bbox 2000 2836 2123 2889; x_wconf 65' lang='lat' dir='ltr'><strong>quin</strong></span> <span class='ocrx_word' id='word_1_197' title='bbox 2149 2819 2358 2873; x_wconf 69' lang='lat' dir='ltr'><strong>flebant</strong></span> 
     </span>
    </p>
   </div>
   <div class='ocr_carea' id='block_1_33' title="bbox 764 2911 2355 2987">
    <p class='ocr_par' dir='ltr' id='par_1_33' title="bbox 764 2911 2355 2987">
     <span class='ocr_line' id='line_1_33' title="bbox 764 2911 2355 2987; baseline -0.005 -16"><span class='ocrx_word' id='word_1_198' title='bbox 764 2918 822 2971; x_wconf 86' lang='lat' dir='ltr'><strong>in</strong></span> <span class='ocrx_word' id='word_1_199' title='bbox 846 2916 1045 2987; x_wconf 86' lang='lat' dir='ltr'><strong>Syria:</strong></span> <span class='ocrx_word' id='word_1_200' title='bbox 1079 2924 1211 2984; x_wconf 83' lang='lat' dir='ltr'><strong>puta</strong></span> <span class='ocrx_word' id='word_1_201' title='bbox 1248 2915 1314 2968; x_wconf 85' lang='lat' dir='ltr'><strong>ad</strong></span> <span class='ocrx_word' id='word_1_202' title='bbox 1343 2916 1605 2983; x_wconf 86' lang='lat' dir='ltr'><strong>primam,</strong></span> <span class='ocrx_word' id='word_1_203' title='bbox 1637 2913 1683 2967; x_wconf 91' lang='lat' dir='ltr'><strong>si</strong></span> <span class='ocrx_word' id='word_1_204' title='bbox 1716 2913 1914 2967; x_wconf 82' lang='lat' dir='ltr'><strong>fuisset</strong></span> <span class='ocrx_word' id='word_1_205' title='bbox 1950 2911 2355 2966; x_wconf 89' lang='lat' dir='ltr'><strong>Saracenorum</strong></span> 
     </span>
    </p>
   </div>
   <div class='ocr_carea' id='block_1_34' title="bbox 759 3002 2357 3074">
    <p class='ocr_par' dir='ltr' id='par_1_34' title="bbox 759 3002 2357 3074">
     <span class='ocr_line' id='line_1_34' title="bbox 759 3002 2357 3074; baseline -0.005 -12"><span class='ocrx_word' id='word_1_206' title='bbox 759 3007 1054 3071; x_wconf 77' lang='lat' dir='ltr'><strong>excursio;</strong></span> <span class='ocrx_word' id='word_1_207' title='bbox 1078 3006 1147 3060; x_wconf 90' lang='lat' dir='ltr'><strong>ad</strong></span> <span class='ocrx_word' id='word_1_208' title='bbox 1172 3007 1494 3071; x_wconf 86' lang='lat' dir='ltr'><strong>secundam,</strong></span> <span class='ocrx_word' id='word_1_209' title='bbox 1521 3006 1565 3061; x_wconf 87' lang='lat' dir='ltr'><strong>si</strong></span> <span class='ocrx_word' id='word_1_210' title='bbox 1591 3006 1946 3060; x_wconf 87' lang='lat' dir='ltr'><strong>commissum</strong></span> <span class='ocrx_word' id='word_1_211' title='bbox 1967 3004 2263 3074; x_wconf 70' lang='lat' dir='ltr'><strong>prmlium;</strong></span> <span class='ocrx_word' id='word_1_212' title='bbox 2290 3002 2357 3055; x_wconf 90' lang='lat' dir='ltr'><strong>ad</strong></span> 
     </span>
    </p>
   </div>
   <div class='ocr_carea' id='block_1_35' title="bbox 767 3097 2357 3168">
    <p class='ocr_par' dir='ltr' id='par_1_35' title="bbox 767 3097 2357 3168">
     <span class='ocr_line' id='line_1_35' title="bbox 767 3097 2357 3168; baseline -0.003 -14"><span class='ocrx_word' id='word_1_213' title='bbox 767 3101 1008 3164; x_wconf 86' lang='lat' dir='ltr'><strong>tertiam,</strong></span> <span class='ocrx_word' id='word_1_214' title='bbox 1041 3100 1088 3155; x_wconf 89' lang='lat' dir='ltr'><strong>si</strong></span> <span class='ocrx_word' id='word_1_215' title='bbox 1128 3100 1430 3156; x_wconf 75' lang='lat' dir='ltr'><strong>excitatum</strong></span> <span class='ocrx_word' id='word_1_216' title='bbox 1484 3100 1843 3165; x_wconf 84' lang='lat' dir='ltr'><strong>incendium;</strong></span> <span class='ocrx_word' id='word_1_217' title='bbox 1871 3098 1943 3154; x_wconf 89' lang='lat' dir='ltr'><strong>ad</strong></span> <span class='ocrx_word' id='word_1_218' title='bbox 1986 3107 2269 3168; x_wconf 83' lang='lat' dir='ltr'><strong>quartam,</strong></span> <span class='ocrx_word' id='word_1_219' title='bbox 2311 3097 2357 3151; x_wconf 93' lang='lat' dir='ltr'><strong>si</strong></span> 
     </span>
    </p>
   </div>
   <div class='ocr_carea' id='block_1_36' title="bbox 2441 781 4032 862">
    <p class='ocr_par' dir='ltr' id='par_1_36' title="bbox 2441 781 4032 862">
     <span class='ocr_line' id='line_1_36' title="bbox 2441 781 4032 862; baseline -0.006 -19"><span class='ocrx_word' id='word_1_220' title='bbox 2441 792 2646 862; x_wconf 81' lang='grc' dir='ltr'>τωρίῳ,</span> <span class='ocrx_word' id='word_1_221' title='bbox 2698 790 2793 842; x_wconf 75' lang='grc' dir='ltr'><strong>καὶ</strong></span> <span class='ocrx_word' id='word_1_222' title='bbox 2842 789 2900 840; x_wconf 83' lang='lat' dir='ltr'><strong>tv</strong></span> <span class='ocrx_word' id='word_1_223' title='bbox 2949 787 3133 857; x_wconf 71' lang='grc' dir='ltr'>ἡμέρᾳ</span> <span class='ocrx_word' id='word_1_224' title='bbox 3159 784 3391 837; x_wconf 76' lang='grc' dir='ltr'><strong>ἱππικοῦ</strong></span> <span class='ocrx_word' id='word_1_225' title='bbox 3422 781 3647 849; x_wconf 78' lang='grc' dir='ltr'>ἀγαγὼν</span> <span class='ocrx_word' id='word_1_226' title='bbox 3678 782 3773 833; x_wconf 71' lang='grc' dir='ltr'><strong>καὶ</strong></span> <span class='ocrx_word' id='word_1_227' title='bbox 3801 783 3989 845; x_wconf 79' lang='grc' dir='ltr'>ἀπογυ</span> <span class='ocrx_word' id='word_1_228' title='bbox 4012 810 4032 819; x_wconf 89' lang='grc'><strong><em>-</em></strong></span> 
     </span>
    </p>
   </div>
   <div class='ocr_carea' id='block_1_37' title="bbox 2447 863 4037 953">
    <p class='ocr_par' dir='ltr' id='par_1_37' title="bbox 2447 863 4037 953">
     <span class='ocr_line' id='line_1_37' title="bbox 2447 863 4037 953; baseline -0.008 -17"><span class='ocrx_word' id='word_1_229' title='bbox 2447 884 2662 953; x_wconf 79' lang='grc' dir='ltr'>μνώσας</span> <span class='ocrx_word' id='word_1_230' title='bbox 2687 882 2851 951; x_wconf 77' lang='grc' dir='ltr'>ἔτυψε</span> <span class='ocrx_word' id='word_1_231' title='bbox 2872 878 3209 949; x_wconf 78' lang='grc' dir='ltr'>μαγγλάϐια,</span> <span class='ocrx_word' id='word_1_232' title='bbox 3232 878 3329 929; x_wconf 73' lang='grc' dir='ltr'>καὶ</span> <span class='ocrx_word' id='word_1_233' title='bbox 3344 877 3411 929; x_wconf 82' lang='grc' dir='ltr'><strong>τά</strong></span> <span class='ocrx_word' id='word_1_234' title='bbox 3428 863 3563 928; x_wconf 72' lang='grc' dir='ltr'>δειτᾶ</span> <span class='ocrx_word' id='word_1_235' title='bbox 3591 874 3772 927; x_wconf 77' lang='grc' dir='ltr'>αὐτῶν</span> <span class='ocrx_word' id='word_1_236' title='bbox 3803 876 4037 925; x_wconf 73' lang='grc' dir='ltr'>ἔκαυσεν</span> 
     </span>
    </p>
   </div>
   <div class='ocr_carea' id='block_1_38' title="bbox 2445 966 4038 1044">
    <p class='ocr_par' dir='ltr' id='par_1_38' title="bbox 2445 966 4038 1044">
     <span class='ocr_line' id='line_1_38' title="bbox 2445 966 4038 1044; baseline -0.008 -14"><span class='ocrx_word' id='word_1_237' title='bbox 2445 980 2503 1030; x_wconf 86' lang='grc' dir='ltr'>ὲν</span> <span class='ocrx_word' id='word_1_238' title='bbox 2534 979 2647 1038; x_wconf 82' lang='grc' dir='ltr'>τοῖς</span> <span class='ocrx_word' id='word_1_239' title='bbox 2695 972 3041 1044; x_wconf 78' lang='grc' dir='ltr'>Μαυριανοῦ.</span> <span class='ocrx_word' id='word_1_240' title='bbox 3081 974 3193 1042; x_wconf 76' lang='grc' dir='ltr'><strong>Τὴν</strong></span> <span class='ocrx_word' id='word_1_241' title='bbox 3223 972 3280 1024; x_wconf 76' lang='grc' dir='ltr'><strong>δὲ</strong></span> <span class='ocrx_word' id='word_1_242' title='bbox 3316 970 3567 1041; x_wconf 75' lang='grc' dir='ltr'><strong>λάρνακα</strong></span> <span class='ocrx_word' id='word_1_243' title='bbox 3604 968 3700 1021; x_wconf 77' lang='grc' dir='ltr'><strong>τοῦ</strong></span> <span class='ocrx_word' id='word_1_244' title='bbox 3733 966 4038 1036; x_wconf 79' lang='grc' dir='ltr'>Κοπρωνύ-</span> 
     </span>
    </p>
   </div>
   <div class='ocr_carea' id='block_1_39' title="bbox 2450 1062 4039 1140">
    <p class='ocr_par' dir='ltr' id='par_1_39' title="bbox 2450 1062 4039 1140">
     <span class='ocr_line' id='line_1_39' title="bbox 2450 1062 4039 1140; baseline -0.008 -17"><span class='ocrx_word' id='word_1_245' title='bbox 2450 1088 2550 1140; x_wconf 85' lang='grc' dir='ltr'><strong>μου</strong></span> <span class='ocrx_word' id='word_1_246' title='bbox 2585 1070 2853 1140; x_wconf 74' lang='grc' dir='ltr'><strong>πράσινον</strong></span> <span class='ocrx_word' id='word_1_247' title='bbox 2874 1067 3044 1121; x_wconf 76' lang='grc' dir='ltr'>οὖσαν</span> <span class='ocrx_word' id='word_1_248' title='bbox 3069 1067 3162 1119; x_wconf 68' lang='grc' dir='ltr'><strong>καὶ</strong></span> <span class='ocrx_word' id='word_1_249' title='bbox 3186 1065 3511 1133; x_wconf 76' lang='grc' dir='ltr'>θαυμαστὴν</span> <span class='ocrx_word' id='word_1_250' title='bbox 3534 1062 3829 1132; x_wconf 79' lang='grc' dir='ltr'>διαπρίσας</span> <span class='ocrx_word' id='word_1_251' title='bbox 3855 1062 4039 1127; x_wconf 75' lang='grc' dir='ltr'>ἐποίη-</span> 
     </span>
    </p>
   </div>
   <div class='ocr_carea' id='block_1_40' title="bbox 2448 1153 4040 1233">
    <p class='ocr_par' dir='ltr' id='par_1_40' title="bbox 2448 1153 4040 1233">
     <span class='ocr_line' id='line_1_40' title="bbox 2448 1153 4040 1233; baseline -0.007 -18"><span class='ocrx_word' id='word_1_252' title='bbox 2448 1180 2508 1216; x_wconf 85' lang='grc' dir='ltr'><strong>σε</strong></span> <span class='ocrx_word' id='word_1_253' title='bbox 2565 1162 2767 1233; x_wconf 72' lang='grc' dir='ltr'>στήθεα</span> <span class='ocrx_word' id='word_1_254' title='bbox 2805 1162 2862 1214; x_wconf 86' lang='grc' dir='ltr'>ὲν</span> <span class='ocrx_word' id='word_1_255' title='bbox 2904 1162 2981 1230; x_wconf 84' lang='grc' dir='ltr'>τῷ</span> <span class='ocrx_word' id='word_1_256' title='bbox 3020 1158 3111 1212; x_wconf 77' lang='grc' dir='ltr'>ὑπ’</span> <span class='ocrx_word' id='word_1_257' title='bbox 3142 1159 3309 1211; x_wconf 78' lang='grc' dir='ltr'>αὑτοῦ</span> <span class='ocrx_word' id='word_1_258' title='bbox 3366 1157 3642 1209; x_wconf 80' lang='grc' dir='ltr'>κτισθέντι</span> <span class='ocrx_word' id='word_1_259' title='bbox 3677 1153 3792 1223; x_wconf 79' lang='grc' dir='ltr'>ναῷ</span> <span class='ocrx_word' id='word_1_260' title='bbox 3851 1154 3913 1205; x_wconf 85' lang='lat' dir='ltr'><strong>tv</strong></span> <span class='ocrx_word' id='word_1_261' title='bbox 3962 1154 4040 1223; x_wconf 71' lang='grc' dir='ltr'>τῷ</span> 
     </span>
    </p>
   </div>
   <div class='ocr_carea' id='block_1_41' title="bbox 2449 1254 3058 1325">
    <p class='ocr_par' dir='ltr' id='par_1_41' title="bbox 2449 1254 3058 1325">
     <span class='ocr_line' id='line_1_41' title="bbox 2449 1254 3058 1325; baseline -0.002 -18"><span class='ocrx_word' id='word_1_262' title='bbox 2449 1256 2699 1325; x_wconf 85' lang='grc' dir='ltr'>παλατίῳ</span> <span class='ocrx_word' id='word_1_263' title='bbox 2725 1254 2821 1307; x_wconf 72' lang='grc' dir='ltr'>τοῦ</span> <span class='ocrx_word' id='word_1_264' title='bbox 2855 1255 3058 1325; x_wconf 73' lang='grc' dir='ltr'>Φάρου.</span> 
     </span>
    </p>
   </div>
   <div class='ocr_carea' id='block_1_42' title="bbox 2528 1339 4043 1418">
    <p class='ocr_par' dir='ltr' id='par_1_42' title="bbox 2528 1339 4043 1418">
     <span class='ocr_line' id='line_1_42' title="bbox 2528 1339 4043 1418; baseline -0.007 -16"><span class='ocrx_word' id='word_1_265' title='bbox 2528 1347 2649 1418; x_wconf 82' lang='grc' dir='ltr'>μς’.</span> <span class='ocrx_word' id='word_1_266' title='bbox 2712 1348 2801 1417; x_wconf 79' lang='grc' dir='ltr'><strong>Τῷ</strong></span> <span class='ocrx_word' id='word_1_267' title='bbox 2836 1347 2892 1399; x_wconf 86' lang='grc' dir='ltr'><strong>δὲ</strong></span> <span class='ocrx_word' id='word_1_268' title='bbox 2936 1344 3299 1416; x_wconf 76' lang='grc' dir='ltr'>Σεπτεμϐρίῳ</span> <span class='ocrx_word' id='word_1_269' title='bbox 3355 1344 3486 1415; x_wconf 76' lang='grc' dir='ltr'>μηνὶ</span> <span class='ocrx_word' id='word_1_270' title='bbox 3534 1343 3633 1411; x_wconf 77' lang='grc' dir='ltr'><strong>τῆς</strong></span> <span class='ocrx_word' id='word_1_271' title='bbox 3680 1339 3740 1393; x_wconf 86' lang='grc' dir='ltr'><strong>ιε’</strong></span> <span class='ocrx_word' id='word_1_272' title='bbox 3773 1342 4043 1409; x_wconf 74' lang='grc' dir='ltr'>ἐπινεμή-</span> 
     </span>
    </p>
   </div>
   <div class='ocr_carea' id='block_1_43' title="bbox 2454 1432 4044 1509">
    <p class='ocr_par' dir='ltr' id='par_1_43' title="bbox 2454 1432 4044 1509">
     <span class='ocr_line' id='line_1_43' title="bbox 2454 1432 4044 1509; baseline -0.008 -15"><span class='ocrx_word' id='word_1_273' title='bbox 2454 1460 2594 1503; x_wconf 74' lang='lat' dir='ltr'><strong>caro;</strong></span> <span class='ocrx_word' id='word_1_274' title='bbox 2624 1440 2890 1509; x_wconf 76' lang='grc' dir='ltr'><strong>ἐγεννήθη</strong></span> <span class='ocrx_word' id='word_1_275' title='bbox 2919 1440 3329 1499; x_wconf 80' lang='grc' dir='ltr'>Κωνσταντῐνος</span> <span class='ocrx_word' id='word_1_276' title='bbox 3366 1438 3396 1486; x_wconf 86' lang='grc' dir='ltr'>ὁ</span> <span class='ocrx_word' id='word_1_277' title='bbox 3434 1434 3688 1503; x_wconf 76' lang='grc' dir='ltr'>βασιλεὺς</span> <span class='ocrx_word' id='word_1_278' title='bbox 3724 1434 3788 1483; x_wconf 81' lang='grc' dir='ltr'>ὲκ</span> <span class='ocrx_word' id='word_1_279' title='bbox 3817 1432 4044 1501; x_wconf 73' lang='grc' dir='ltr'>Μιχαὴλ</span> 
     </span>
    </p>
   </div>
   <div class='ocr_carea' id='block_1_44' title="bbox 2453 1520 4043 1597">
    <p class='ocr_par' dir='ltr' id='par_1_44' title="bbox 2453 1520 4043 1597">
     <span class='ocr_line' id='line_1_44' title="bbox 2453 1520 4043 1597; baseline -0.008 -14"><span class='ocrx_word' id='word_1_280' title='bbox 2453 1534 2549 1584; x_wconf 76' lang='grc' dir='ltr'>καὶ</span> <span class='ocrx_word' id='word_1_281' title='bbox 2578 1530 2842 1590; x_wconf 82' lang='grc' dir='ltr'>Εὑδοκίας</span> <span class='ocrx_word' id='word_1_282' title='bbox 2872 1530 2974 1593; x_wconf 82' lang='grc' dir='ltr'>τῆς</span> <span class='ocrx_word' id='word_1_283' title='bbox 3014 1528 3326 1597; x_wconf 76' lang='grc' dir='ltr'>Ἰγγηρίνης</span> <span class='ocrx_word' id='word_1_284' title='bbox 3354 1525 3438 1577; x_wconf 80' lang='grc' dir='ltr'><strong>ἐτι</strong></span> <span class='ocrx_word' id='word_1_285' title='bbox 3476 1523 3757 1595; x_wconf 75' lang='grc' dir='ltr'><strong>περιόντος</strong></span> <span class='ocrx_word' id='word_1_286' title='bbox 3798 1520 3899 1574; x_wconf 77' lang='grc' dir='ltr'>τοῦ</span> <span class='ocrx_word' id='word_1_287' title='bbox 3932 1525 4043 1573; x_wconf 74' lang='grc' dir='ltr'><strong>Μι-</strong></span> 
     </span>
    </p>
   </div>
   <div class='ocr_carea' id='block_1_45' title="bbox 2452 1613 4047 1691">
    <p class='ocr_par' dir='ltr' id='par_1_45' title="bbox 2452 1613 4047 1691">
     <span class='ocr_line' id='line_1_45' title="bbox 2452 1613 4047 1691; baseline -0.005 -18"><span class='ocrx_word' id='word_1_288' title='bbox 2452 1620 2593 1691; x_wconf 72' lang='grc' dir='ltr'>χαὴλ</span> <span class='ocrx_word' id='word_1_289' title='bbox 2614 1636 2627 1649; x_wconf 87' lang='grc'><strong>·</strong></span> <span class='ocrx_word' id='word_1_290' title='bbox 2662 1618 2752 1691; x_wconf 79' lang='grc' dir='ltr'><strong>[Ρ.</strong></span> <span class='ocrx_word' id='word_1_291' title='bbox 2784 1616 2913 1689; x_wconf 70' lang='grc'><strong>450]</strong></span> <span class='ocrx_word' id='word_1_292' title='bbox 2942 1619 3039 1670; x_wconf 73' lang='grc' dir='ltr'><strong>καὶ</strong></span> <span class='ocrx_word' id='word_1_293' title='bbox 3086 1617 3315 1669; x_wconf 73' lang='grc' dir='ltr'>ἱππικοῦ</span> <span class='ocrx_word' id='word_1_294' title='bbox 3355 1617 3651 1684; x_wconf 79' lang='grc' dir='ltr'>γενομένου</span> <span class='ocrx_word' id='word_1_295' title='bbox 3673 1616 3730 1666; x_wconf 83' lang='grc' dir='ltr'>ὲν</span> <span class='ocrx_word' id='word_1_296' title='bbox 3754 1613 3835 1685; x_wconf 83' lang='grc' dir='ltr'>τῷ</span> <span class='ocrx_word' id='word_1_297' title='bbox 3873 1615 4047 1681; x_wconf 78' lang='grc' dir='ltr'>Ἀγίφ</span> 
     </span>
    </p>
   </div>
   <div class='ocr_carea' id='block_1_46' title="bbox 2452 1708 4041 1781">
    <p class='ocr_par' dir='ltr' id='par_1_46' title="bbox 2452 1708 4041 1781">
     <span class='ocr_line' id='line_1_46' title="bbox 2452 1708 4041 1781; baseline -0.006 -14"><span class='ocrx_word' id='word_1_298' title='bbox 2452 1713 2713 1781; x_wconf 87' lang='grc' dir='ltr'>Μάμαντι</span> <span class='ocrx_word' id='word_1_299' title='bbox 2753 1712 3022 1764; x_wconf 84' lang='grc' dir='ltr'>ῖππευσεν</span> <span class='ocrx_word' id='word_1_300' title='bbox 3069 1712 3096 1762; x_wconf 99' lang='lat'><strong>6</strong></span> <span class='ocrx_word' id='word_1_301' title='bbox 3134 1708 3391 1780; x_wconf 83' lang='grc' dir='ltr'>βασιλεὺς</span> <span class='ocrx_word' id='word_1_302' title='bbox 3425 1708 3661 1778; x_wconf 85' lang='grc' dir='ltr'>βένετος,</span> <span class='ocrx_word' id='word_1_303' title='bbox 3686 1712 4041 1764; x_wconf 73' lang='grc' dir='ltr'>Κωνσταντῖ-</span> 
     </span>
    </p>
   </div>
   <div class='ocr_carea' id='block_1_47' title="bbox 2454 1801 4044 1872">
    <p class='ocr_par' dir='ltr' id='par_1_47' title="bbox 2454 1801 4044 1872">
     <span class='ocr_line' id='line_1_47' title="bbox 2454 1801 4044 1872; baseline -0.005 -16"><span class='ocrx_word' id='word_1_304' title='bbox 2454 1822 2542 1867; x_wconf 85' lang='grc' dir='ltr'><strong>νος</strong></span> <span class='ocrx_word' id='word_1_305' title='bbox 2573 1804 2629 1856; x_wconf 81' lang='grc' dir='ltr'>δὲ</span> <span class='ocrx_word' id='word_1_306' title='bbox 2680 1806 2709 1856; x_wconf 92' lang='lat'><strong>6</strong></span> <span class='ocrx_word' id='word_1_307' title='bbox 2750 1804 2809 1869; x_wconf 70' lang='grc' dir='ltr'><strong>ἐξ</strong></span> <span class='ocrx_word' id='word_1_308' title='bbox 2864 1802 3167 1872; x_wconf 81' lang='grc' dir='ltr'>’Δρμενίων</span> <span class='ocrx_word' id='word_1_309' title='bbox 3217 1804 3247 1855; x_wconf 88' lang='lat'><strong>6</strong></span> <span class='ocrx_word' id='word_1_310' title='bbox 3288 1801 3471 1870; x_wconf 86' lang='grc' dir='ltr'>πατὴρ</span> <span class='ocrx_word' id='word_1_311' title='bbox 3518 1802 3690 1872; x_wconf 87' lang='grc' dir='ltr'><strong>Θωμᾶ</strong></span> <span class='ocrx_word' id='word_1_312' title='bbox 3738 1801 4044 1870; x_wconf 63' lang='grc' dir='ltr'>πατρικξτν</span> 
     </span>
    </p>
   </div>
   <div class='ocr_carea' id='block_1_48' title="bbox 2457 1894 4043 1965">
    <p class='ocr_par' dir='ltr' id='par_1_48' title="bbox 2457 1894 4043 1965">
     <span class='ocr_line' id='line_1_48' title="bbox 2457 1894 4043 1965; baseline -0.002 -16"><span class='ocrx_word' id='word_1_313' title='bbox 2457 1897 2551 1949; x_wconf 74' lang='grc' dir='ltr'><strong>καὶ</strong></span> <span class='ocrx_word' id='word_1_314' title='bbox 2580 1896 2828 1949; x_wconf 79' lang='grc' dir='ltr'><strong>Γενεσίου</strong></span> <span class='ocrx_word' id='word_1_315' title='bbox 2862 1895 3230 1965; x_wconf 86' lang='grc' dir='ltr'>δρουγγαρίου</span> <span class='ocrx_word' id='word_1_316' title='bbox 3272 1895 3376 1965; x_wconf 77' lang='grc' dir='ltr'>τῆς</span> <span class='ocrx_word' id='word_1_317' title='bbox 3416 1895 3608 1965; x_wconf 81' lang='grc' dir='ltr'>βίγλας</span> <span class='ocrx_word' id='word_1_318' title='bbox 3647 1894 3863 1957; x_wconf 80' lang='grc' dir='ltr'>λευκὸς,</span> <span class='ocrx_word' id='word_1_319' title='bbox 3900 1895 4043 1962; x_wconf 83' lang='grc' dir='ltr'>πρά-</span> 
     </span>
    </p>
   </div>
   <div class='ocr_carea' id='block_1_49' title="bbox 2457 1984 4052 2058">
    <p class='ocr_par' dir='ltr' id='par_1_49' title="bbox 2457 1984 4052 2058">
     <span class='ocr_line' id='line_1_49' title="bbox 2457 1984 4052 2058; baseline -0.002 -19"><span class='ocrx_word' id='word_1_320' title='bbox 2457 2005 2599 2050; x_wconf 87' lang='grc' dir='ltr'>σινος</span> <span class='ocrx_word' id='word_1_321' title='bbox 2631 1987 2687 2040; x_wconf 87' lang='grc' dir='ltr'><strong>δὲ</strong></span> <span class='ocrx_word' id='word_1_322' title='bbox 2727 1986 3076 2054; x_wconf 84' lang='grc' dir='ltr'>Ἀγαλλιανὸς</span> <span class='ocrx_word' id='word_1_323' title='bbox 3106 1986 3203 2040; x_wconf 81' lang='grc' dir='ltr'>καὶ</span> <span class='ocrx_word' id='word_1_324' title='bbox 3237 1988 3454 2058; x_wconf 81' lang='grc' dir='ltr'>ρούσιος</span> <span class='ocrx_word' id='word_1_325' title='bbox 3502 1990 3531 2040; x_wconf 92' lang='lat'><strong>6</strong></span> <span class='ocrx_word' id='word_1_326' title='bbox 3579 1986 3855 2056; x_wconf 71' lang='grc' dir='ltr'>Κρασπός.</span> <span class='ocrx_word' id='word_1_327' title='bbox 3903 1984 4052 2055; x_wconf 80' lang='grc' dir='ltr'><strong>Νικᾷ</strong></span> 
     </span>
    </p>
   </div>
   <div class='ocr_carea' id='block_1_50' title="bbox 2454 2077 4051 2149">
    <p class='ocr_par' dir='ltr' id='par_1_50' title="bbox 2454 2077 4051 2149">
     <span class='ocr_line' id='line_1_50' title="bbox 2454 2077 4051 2149; baseline -0.003 -17"><span class='ocrx_word' id='word_1_328' title='bbox 2454 2080 2511 2132; x_wconf 78' lang='grc' dir='ltr'><strong>δὲ</strong></span> <span class='ocrx_word' id='word_1_329' title='bbox 2542 2080 2570 2130; x_wconf 90' lang='lat'><strong>6</strong></span> <span class='ocrx_word' id='word_1_330' title='bbox 2608 2078 2886 2149; x_wconf 88' lang='grc' dir='ltr'>βασιλεύς.</span> <span class='ocrx_word' id='word_1_331' title='bbox 2923 2079 3035 2133; x_wconf 75' lang='grc' dir='ltr'><strong>Καὶ</strong></span> <span class='ocrx_word' id='word_1_332' title='bbox 3062 2080 3117 2130; x_wconf 84' lang='grc' dir='ltr'><strong>τί</strong></span> <span class='ocrx_word' id='word_1_333' title='bbox 3150 2078 3442 2147; x_wconf 78' lang='grc' dir='ltr'>συμὸαίνει</span> <span class='ocrx_word' id='word_1_334' title='bbox 3476 2078 3759 2143; x_wconf 80' lang='grc' dir='ltr'>ὲντεῦθενς</span> <span class='ocrx_word' id='word_1_335' title='bbox 3788 2077 3888 2131; x_wconf 74' lang='grc' dir='ltr'>καὶ</span> <span class='ocrx_word' id='word_1_336' title='bbox 3920 2078 4051 2129; x_wconf 73' lang='grc' dir='ltr'><strong>τοῦ-</strong></span> 
     </span>
    </p>
   </div>
   <div class='ocr_carea' id='block_1_51' title="bbox 2454 2169 4053 2244">
    <p class='ocr_par' dir='ltr' id='par_1_51' title="bbox 2454 2169 4053 2244">
     <span class='ocr_line' id='line_1_51' title="bbox 2454 2169 4053 2244; baseline -0.002 -19"><span class='ocrx_word' id='word_1_337' title='bbox 2454 2191 2514 2225; x_wconf 79' lang='grc' dir='ltr'><strong>το</strong></span> <span class='ocrx_word' id='word_1_338' title='bbox 2546 2174 2655 2244; x_wconf 74' lang='grc' dir='ltr'>γὰρ</span> <span class='ocrx_word' id='word_1_339' title='bbox 2679 2173 2778 2239; x_wconf 84' lang='grc' dir='ltr'><strong>τῆς</strong></span> <span class='ocrx_word' id='word_1_340' title='bbox 2813 2170 2979 2223; x_wconf 84' lang='grc' dir='ltr'>αὐτοῦ</span> <span class='ocrx_word' id='word_1_341' title='bbox 3010 2170 3106 2225; x_wconf 76' lang='grc' dir='ltr'>τοῦ</span> <span class='ocrx_word' id='word_1_342' title='bbox 3136 2172 3405 2241; x_wconf 76' lang='grc' dir='ltr'>βασιλέως</span> <span class='ocrx_word' id='word_1_343' title='bbox 3452 2171 3546 2224; x_wconf 76' lang='grc' dir='ltr'>τοῦ</span> <span class='ocrx_word' id='word_1_344' title='bbox 3582 2170 3804 2241; x_wconf 79' lang='grc' dir='ltr'><strong>Μιχαὴλ</strong></span> <span class='ocrx_word' id='word_1_345' title='bbox 3846 2169 4053 2229; x_wconf 67' lang='grc' dir='ltr'>κακίας</span> 
     </span>
    </p>
   </div>
   <div class='ocr_carea' id='block_1_52' title="bbox 2455 2263 4053 2333">
    <p class='ocr_par' dir='ltr' id='par_1_52' title="bbox 2455 2263 4053 2333">
     <span class='ocr_line' id='line_1_52' title="bbox 2455 2263 4053 2333; baseline 0.001 -18"><span class='ocrx_word' id='word_1_346' title='bbox 2455 2265 2628 2327; x_wconf 72' lang='grc' dir='ltr'>ἐστὶν,</span> <span class='ocrx_word' id='word_1_347' title='bbox 2662 2264 2743 2326; x_wconf 83' lang='grc' dir='ltr'><strong>είς</strong></span> <span class='ocrx_word' id='word_1_348' title='bbox 2771 2264 2897 2316; x_wconf 85' lang='grc' dir='ltr'>ὅσον</span> <span class='ocrx_word' id='word_1_349' title='bbox 2932 2264 3032 2333; x_wconf 79' lang='grc' dir='ltr'>τὴν</span> <span class='ocrx_word' id='word_1_350' title='bbox 3056 2264 3165 2318; x_wconf 83' lang='grc' dir='ltr'>τῶν</span> <span class='ocrx_word' id='word_1_351' title='bbox 3201 2263 3490 2333; x_wconf 81' lang='grc' dir='ltr'>Ῥωμαίων</span> <span class='ocrx_word' id='word_1_352' title='bbox 3524 2265 3677 2332; x_wconf 79' lang='grc' dir='ltr'>ἰσχὺν</span> <span class='ocrx_word' id='word_1_353' title='bbox 3705 2264 4053 2333; x_wconf 68' lang='grc' dir='ltr'>ἠλάττωσεν.</span> 
     </span>
    </p>
   </div>
   <div class='ocr_carea' id='block_1_53' title="bbox 2466 2353 4055 2428">
    <p class='ocr_par' dir='ltr' id='par_1_53' title="bbox 2466 2353 4055 2428">
     <span class='ocr_line' id='line_1_53' title="bbox 2466 2353 4055 2428; baseline -0.001 -17"><span class='ocrx_word' id='word_1_354' title='bbox 2466 2360 2526 2411; x_wconf 89' lang='grc' dir='ltr'><strong>Ὀ</strong></span> <span class='ocrx_word' id='word_1_355' title='bbox 2554 2353 2847 2427; x_wconf 77' lang='grc' dir='ltr'>φιλόσοφος</span> <span class='ocrx_word' id='word_1_356' title='bbox 2890 2358 3042 2413; x_wconf 87' lang='grc' dir='ltr'>Λέων</span> <span class='ocrx_word' id='word_1_357' title='bbox 3079 2361 3107 2412; x_wconf 89' lang='lat'><strong>6</strong></span> <span class='ocrx_word' id='word_1_358' title='bbox 3145 2356 3551 2428; x_wconf 69' lang='grc' dir='ltr'><strong>Θεσσαλονίκης</strong></span> <span class='ocrx_word' id='word_1_359' title='bbox 3582 2357 3878 2427; x_wconf 83' lang='grc' dir='ltr'>γενόμενος</span> <span class='ocrx_word' id='word_1_360' title='bbox 3915 2356 4055 2424; x_wconf 79' lang='grc' dir='ltr'>πρό-</span> 
     </span>
    </p>
   </div>
   <div class='ocr_carea' id='block_1_54' title="bbox 2456 2449 4058 2522">
    <p class='ocr_par' dir='ltr' id='par_1_54' title="bbox 2456 2449 4058 2522">
     <span class='ocr_line' id='line_1_54' title="bbox 2456 2449 4058 2522; baseline -0.002 -19"><span class='ocrx_word' id='word_1_361' title='bbox 2456 2453 2630 2522; x_wconf 87' lang='grc' dir='ltr'>εδρος,</span> <span class='ocrx_word' id='word_1_362' title='bbox 2663 2452 2743 2522; x_wconf 81' lang='grc' dir='ltr'>τῷ</span> <span class='ocrx_word' id='word_1_363' title='bbox 2780 2452 2993 2521; x_wconf 82' lang='grc' dir='ltr'>βασιλεί</span> <span class='ocrx_word' id='word_1_364' title='bbox 3042 2451 3290 2522; x_wconf 76' lang='grc' dir='ltr'>Θεοφίλῳ</span> <span class='ocrx_word' id='word_1_365' title='bbox 3343 2450 3774 2520; x_wconf 65' lang='grc' dir='ltr'>συμϐουλεύσας,</span> <span class='ocrx_word' id='word_1_366' title='bbox 3809 2449 3887 2512; x_wconf 81' lang='grc' dir='ltr'>ὡς</span> <span class='ocrx_word' id='word_1_367' title='bbox 3916 2451 4058 2519; x_wconf 68' lang='lat' dir='ltr'><strong>dipo-</strong></span> 
     </span>
    </p>
   </div>
   <div class='ocr_carea' id='block_1_55' title="bbox 2456 2542 4057 2613">
    <p class='ocr_par' dir='ltr' id='par_1_55' title="bbox 2456 2542 4057 2613">
     <span class='ocr_line' id='line_1_55' title="bbox 2456 2542 4057 2613; baseline -0.001 -19"><span class='ocrx_word' id='word_1_368' title='bbox 2456 2544 2612 2611; x_wconf 80' lang='grc' dir='ltr'>λόγια</span> <span class='ocrx_word' id='word_1_369' title='bbox 2658 2545 2916 2613; x_wconf 78' lang='grc' dir='ltr'>ἐποίησεν</span> <span class='ocrx_word' id='word_1_370' title='bbox 2942 2543 3035 2598; x_wconf 83' lang='grc' dir='ltr'><strong>δύο</strong></span> <span class='ocrx_word' id='word_1_371' title='bbox 3076 2546 3134 2610; x_wconf 70' lang='grc' dir='ltr'>ἐξ</span> <span class='ocrx_word' id='word_1_372' title='bbox 3182 2546 3299 2596; x_wconf 81' lang='grc' dir='ltr'>ἴσου</span> <span class='ocrx_word' id='word_1_373' title='bbox 3353 2544 3657 2613; x_wconf 84' lang='grc' dir='ltr'>κάμνοντα’</span> <span class='ocrx_word' id='word_1_374' title='bbox 3706 2542 3805 2595; x_wconf 76' lang='grc' dir='ltr'>καὶ</span> <span class='ocrx_word' id='word_1_375' title='bbox 3852 2542 3917 2595; x_wconf 80' lang='grc' dir='ltr'>τὸ</span> <span class='ocrx_word' id='word_1_376' title='bbox 3954 2544 4057 2611; x_wconf 76' lang='grc' dir='ltr'><strong>μὲν</strong></span> 
     </span>
    </p>
   </div>
   <div class='ocr_carea' id='block_1_56' title="bbox 2454 2635 4059 2710">
    <p class='ocr_par' dir='ltr' id='par_1_56' title="bbox 2454 2635 4059 2710">
     <span class='ocr_line' id='line_1_56' title="bbox 2454 2635 4059 2710; baseline -0.002 -22"><span class='ocrx_word' id='word_1_377' title='bbox 2454 2637 2514 2688; x_wconf 85' lang='grc' dir='ltr'>ἓν</span> <span class='ocrx_word' id='word_1_378' title='bbox 2539 2637 2634 2689; x_wconf 78' lang='grc' dir='ltr'>ἐπὶ</span> <span class='ocrx_word' id='word_1_379' title='bbox 2662 2635 2743 2707; x_wconf 83' lang='grc' dir='ltr'>τῷ</span> <span class='ocrx_word' id='word_1_380' title='bbox 2771 2637 3019 2710; x_wconf 83' lang='grc' dir='ltr'>φρουρίῳ</span> <span class='ocrx_word' id='word_1_381' title='bbox 3040 2636 3118 2706; x_wconf 85' lang='grc' dir='ltr'>τῷ</span> <span class='ocrx_word' id='word_1_382' title='bbox 3147 2637 3289 2690; x_wconf 85' lang='grc' dir='ltr'>κατὰ</span> <span class='ocrx_word' id='word_1_383' title='bbox 3321 2636 3577 2689; x_wconf 80' lang='grc' dir='ltr'>Κιλικίαν</span> <span class='ocrx_word' id='word_1_384' title='bbox 3593 2638 3660 2706; x_wconf 77' lang='grc' dir='ltr'>τῇ</span> <span class='ocrx_word' id='word_1_385' title='bbox 3685 2636 3885 2705; x_wconf 83' lang='grc' dir='ltr'>Ταρσῷ</span> <span class='ocrx_word' id='word_1_386' title='bbox 3916 2636 4059 2704; x_wconf 63' lang='grc' dir='ltr'>πλη-</span> 
     </span>
    </p>
   </div>
   <div class='ocr_carea' id='block_1_57' title="bbox 2459 2729 4061 2802">
    <p class='ocr_par' dir='ltr' id='par_1_57' title="bbox 2459 2729 4061 2802">
     <span class='ocr_line' id='line_1_57' title="bbox 2459 2729 4061 2802; baseline -0.001 -20"><span class='ocrx_word' id='word_1_387' title='bbox 2459 2732 2645 2794; x_wconf 78' lang='grc' dir='ltr'>σιάζον</span> <span class='ocrx_word' id='word_1_388' title='bbox 2672 2732 2934 2795; x_wconf 67' lang='grc' dir='ltr'>ἀπέθετο,</span> <span class='ocrx_word' id='word_1_389' title='bbox 2962 2731 3022 2783; x_wconf 87' lang='grc' dir='ltr'><strong>τὸ</strong></span> <span class='ocrx_word' id='word_1_390' title='bbox 3045 2731 3102 2784; x_wconf 86' lang='grc' dir='ltr'><strong>δὲ</strong></span> <span class='ocrx_word' id='word_1_391' title='bbox 3124 2732 3311 2802; x_wconf 79' lang='grc' dir='ltr'>ἕτερον</span> <span class='ocrx_word' id='word_1_392' title='bbox 3342 2733 3399 2783; x_wconf 81' lang='grc' dir='ltr'>ἐν</span> <span class='ocrx_word' id='word_1_393' title='bbox 3428 2731 3505 2800; x_wconf 81' lang='grc' dir='ltr'>τῷ</span> <span class='ocrx_word' id='word_1_394' title='bbox 3530 2730 3777 2800; x_wconf 82' lang='grc' dir='ltr'>παλατίῳ</span> <span class='ocrx_word' id='word_1_395' title='bbox 3811 2729 4061 2798; x_wconf 69' lang='grc' dir='ltr'>ἐφυλάτ-</span> 
     </span>
    </p>
   </div>
   <div class='ocr_carea' id='block_1_58' title="bbox 2457 2819 4061 2895">
    <p class='ocr_par' dir='ltr' id='par_1_58' title="bbox 2457 2819 4061 2895">
     <span class='ocr_line' id='line_1_58' title="bbox 2457 2819 4061 2895; baseline -0.001 -21"><span class='ocrx_word' id='word_1_396' title='bbox 2457 2841 2607 2886; x_wconf 84' lang='grc' dir='ltr'>τετο,</span> <span class='ocrx_word' id='word_1_397' title='bbox 2637 2822 2785 2893; x_wconf 76' lang='grc' dir='ltr'>ἅπερ</span> <span class='ocrx_word' id='word_1_398' title='bbox 2831 2819 2979 2893; x_wconf 79' lang='grc' dir='ltr'>εἶχον</span> <span class='ocrx_word' id='word_1_399' title='bbox 3014 2823 3379 2895; x_wconf 79' lang='grc' dir='ltr'>γεγραμμένα</span> <span class='ocrx_word' id='word_1_400' title='bbox 3410 2826 3489 2885; x_wconf 79' lang='grc' dir='ltr'>εἰς</span> <span class='ocrx_word' id='word_1_401' title='bbox 3532 2823 3775 2891; x_wconf 76' lang='grc' dir='ltr'>ἑκάστην</span> <span class='ocrx_word' id='word_1_402' title='bbox 3804 2821 3959 2891; x_wconf 77' lang='grc' dir='ltr'>ὥραν</span> <span class='ocrx_word' id='word_1_403' title='bbox 3988 2821 4061 2873; x_wconf 69' lang='grc' dir='ltr'>τὰ</span> 
     </span>
    </p>
   </div>
   <div class='ocr_carea' id='block_1_59' title="bbox 2458 2910 4064 2987">
    <p class='ocr_par' dir='ltr' id='par_1_59' title="bbox 2458 2910 4064 2987">
     <span class='ocr_line' id='line_1_59' title="bbox 2458 2910 4064 2987; baseline 0.001 -21"><span class='ocrx_word' id='word_1_404' title='bbox 2458 2917 2515 2968; x_wconf 82' lang='grc' dir='ltr'>ἐν</span> <span class='ocrx_word' id='word_1_405' title='bbox 2565 2916 2736 2986; x_wconf 74' lang='grc' dir='ltr'>Συρίᾳ</span> <span class='ocrx_word' id='word_1_406' title='bbox 2761 2918 3051 2987; x_wconf 85' lang='grc' dir='ltr'>γενόμενα,</span> <span class='ocrx_word' id='word_1_407' title='bbox 3078 2910 3191 2970; x_wconf 73' lang='grc' dir='ltr'>οἷον</span> <span class='ocrx_word' id='word_1_408' title='bbox 3219 2916 3320 2985; x_wconf 83' lang='grc' dir='ltr'>τὴν</span> <span class='ocrx_word' id='word_1_409' title='bbox 3359 2916 3585 2987; x_wconf 83' lang='grc' dir='ltr'>πρώτην</span> <span class='ocrx_word' id='word_1_410' title='bbox 3612 2917 3767 2987; x_wconf 80' lang='grc' dir='ltr'>ὤραν</span> <span class='ocrx_word' id='word_1_411' title='bbox 3790 2916 3843 2967; x_wconf 83' lang='grc' dir='ltr'><strong>εί</strong></span> <span class='ocrx_word' id='word_1_412' title='bbox 3865 2914 4064 2986; x_wconf 74' lang='grc' dir='ltr'>ἐκδρο-</span> 
     </span>
    </p>
   </div>
   <div class='ocr_carea' id='block_1_60' title="bbox 2461 3006 4061 3081">
    <p class='ocr_par' dir='ltr' id='par_1_60' title="bbox 2461 3006 4061 3081">
     <span class='ocr_line' id='line_1_60' title="bbox 2461 3006 4061 3081; baseline -0.002 -21"><span class='ocrx_word' id='word_1_413' title='bbox 2461 3008 2537 3079; x_wconf 81' lang='grc' dir='ltr'>μὴ</span> <span class='ocrx_word' id='word_1_414' title='bbox 2595 3009 2704 3060; x_wconf 80' lang='grc' dir='ltr'><strong>τῶν</strong></span> <span class='ocrx_word' id='word_1_415' title='bbox 2756 3009 3091 3081; x_wconf 79' lang='grc' dir='ltr'>Σαρακηνῶν</span> <span class='ocrx_word' id='word_1_416' title='bbox 3119 3010 3334 3077; x_wconf 80' lang='grc' dir='ltr'>γέγονε,</span> <span class='ocrx_word' id='word_1_417' title='bbox 3364 3009 3464 3079; x_wconf 71' lang='grc' dir='ltr'><strong>τὴν</strong></span> <span class='ocrx_word' id='word_1_418' title='bbox 3501 3006 3545 3079; x_wconf 84' lang='grc' dir='ltr'><strong>β’</strong></span> <span class='ocrx_word' id='word_1_419' title='bbox 3574 3011 3622 3060; x_wconf 80' lang='grc' dir='ltr'><strong>εί</strong></span> <span class='ocrx_word' id='word_1_420' title='bbox 3665 3008 3930 3078; x_wconf 70' lang='grc' dir='ltr'>πόλεμος,</span> <span class='ocrx_word' id='word_1_421' title='bbox 3958 3008 4061 3077; x_wconf 78' lang='grc' dir='ltr'><strong>τὴν</strong></span> 
     </span>
    </p>
   </div>
   <div class='ocr_carea' id='block_1_61' title="bbox 2460 3098 4063 3173">
    <p class='ocr_par' dir='ltr' id='par_1_61' title="bbox 2460 3098 4063 3173">
     <span class='ocr_line' id='line_1_61' title="bbox 2460 3098 4063 3173; baseline -0.001 -22"><span class='ocrx_word' id='word_1_422' title='bbox 2460 3098 2506 3166; x_wconf 81' lang='grc' dir='ltr'>γ’</span> <span class='ocrx_word' id='word_1_423' title='bbox 2537 3103 2585 3151; x_wconf 83' lang='grc' dir='ltr'><strong>εί</strong></span> <span class='ocrx_word' id='word_1_424' title='bbox 2619 3102 2972 3171; x_wconf 79' lang='grc' dir='ltr'>ἐμπρησμὸς,</span> <span class='ocrx_word' id='word_1_425' title='bbox 3002 3102 3104 3173; x_wconf 82' lang='grc' dir='ltr'>τὴν</span> <span class='ocrx_word' id='word_1_426' title='bbox 3136 3102 3177 3153; x_wconf 83' lang='grc' dir='ltr'><strong>δ’</strong></span> <span class='ocrx_word' id='word_1_427' title='bbox 3222 3103 3271 3154; x_wconf 83' lang='grc' dir='ltr'><strong>εί</strong></span> <span class='ocrx_word' id='word_1_428' title='bbox 3307 3101 3435 3154; x_wconf 75' lang='grc' dir='ltr'>ἄλλο</span> <span class='ocrx_word' id='word_1_429' title='bbox 3467 3118 3541 3164; x_wconf 80' lang='grc' dir='ltr'>τι,</span> <span class='ocrx_word' id='word_1_430' title='bbox 3574 3102 3667 3155; x_wconf 81' lang='grc' dir='ltr'>καὶ</span> <span class='ocrx_word' id='word_1_431' title='bbox 3699 3101 3781 3163; x_wconf 75' lang='grc' dir='ltr'>εἰς</span> <span class='ocrx_word' id='word_1_432' title='bbox 3815 3100 3919 3161; x_wconf 75' lang='grc' dir='ltr'><strong>τὰς</strong></span> <span class='ocrx_word' id='word_1_433' title='bbox 3948 3100 4063 3151; x_wconf 76' lang='grc' dir='ltr'>λοι-</span> 
     </span>
    </p>
   </div>
   <div class='ocr_carea' id='block_1_62' title="bbox 762 3189 2355 3267">
    <p class='ocr_par' dir='ltr' id='par_1_62' title="bbox 762 3190 2354 3261">
     <span class='ocr_line' id='line_1_62' title="bbox 762 3190 2354 3261; baseline 0 -16"><span class='ocrx_word' id='word_1_434' title='bbox 762 3191 901 3261; x_wconf 88' lang='lat' dir='ltr'><strong>quid</strong></span> <span class='ocrx_word' id='word_1_435' title='bbox 946 3191 1141 3257; x_wconf 83' lang='lat' dir='ltr'><strong>aliud;</strong></span> <span class='ocrx_word' id='word_1_436' title='bbox 1185 3207 1251 3246; x_wconf 87' lang='lat' dir='ltr'><strong>ac</strong></span> <span class='ocrx_word' id='word_1_437' title='bbox 1284 3192 1546 3246; x_wconf 85' lang='lat' dir='ltr'><strong>similiter</strong></span> <span class='ocrx_word' id='word_1_438' title='bbox 1595 3192 1651 3245; x_wconf 89' lang='lat' dir='ltr'><strong>in</strong></span> <span class='ocrx_word' id='word_1_439' title='bbox 1698 3191 1953 3260; x_wconf 87' lang='lat' dir='ltr'><strong>reliquis.</strong></span> <span class='ocrx_word' id='word_1_440' title='bbox 2001 3191 2083 3245; x_wconf 84' lang='lat' dir='ltr'><strong>Ex</strong></span> <span class='ocrx_word' id='word_1_441' title='bbox 2131 3190 2354 3260; x_wconf 89' lang='lat' dir='ltr'><strong>scriptis</strong></span> 
     </span>
    </p>
   </div>
   <div class='ocr_carea' id='block_1_63' title="bbox 2461 3189 4065 3267">
    <p class='ocr_par' dir='ltr' id='par_1_63' title="bbox 2461 3189 4065 3263">
     <span class='ocr_line' id='line_1_63' title="bbox 2461 3189 4065 3263; baseline 0 -20"><span class='ocrx_word' id='word_1_442' title='bbox 2461 3192 2564 3256; x_wconf 69' lang='lat' dir='ltr'><strong>nit;</strong></span> <span class='ocrx_word' id='word_1_443' title='bbox 2594 3192 2816 3262; x_wconf 81' lang='grc' dir='ltr'>ὁμοίως.</span> <span class='ocrx_word' id='word_1_444' title='bbox 2858 3194 2953 3245; x_wconf 82' lang='grc' dir='ltr'>Ἐκ</span> <span class='ocrx_word' id='word_1_445' title='bbox 2985 3193 3093 3246; x_wconf 85' lang='grc' dir='ltr'><strong>τῶν</strong></span> <span class='ocrx_word' id='word_1_446' title='bbox 3121 3194 3525 3263; x_wconf 85' lang='grc' dir='ltr'>γεγραμμένων</span> <span class='ocrx_word' id='word_1_447' title='bbox 3558 3189 3650 3246; x_wconf 73' lang='grc' dir='ltr'><strong>οὖν</strong></span> <span class='ocrx_word' id='word_1_448' title='bbox 3681 3192 3898 3246; x_wconf 79' lang='grc' dir='ltr'>δώδεκα</span> <span class='ocrx_word' id='word_1_449' title='bbox 3924 3194 4065 3244; x_wconf 80' lang='grc' dir='ltr'>ὑπο-</span> 
     </span>
    </p>
   </div>
   <div class='ocr_carea' id='block_1_64' title="bbox 768 3283 2354 3355">
    <p class='ocr_par' dir='ltr' id='par_1_64' title="bbox 768 3283 2354 3355">
     <span class='ocr_line' id='line_1_64' title="bbox 768 3283 2354 3355; baseline -0.001 -16"><span class='ocrx_word' id='word_1_450' title='bbox 768 3286 937 3355; x_wconf 87' lang='lat' dir='ltr'><strong>igitur</strong></span> <span class='ocrx_word' id='word_1_451' title='bbox 966 3285 1262 3340; x_wconf 90' lang='lat' dir='ltr'><strong>duodecim</strong></span> <span class='ocrx_word' id='word_1_452' title='bbox 1304 3286 1553 3339; x_wconf 87' lang='lat' dir='ltr'><strong>numeris</strong></span> <span class='ocrx_word' id='word_1_453' title='bbox 1573 3294 1630 3338; x_wconf 91' lang='lat' dir='ltr'><strong>et</strong></span> <span class='ocrx_word' id='word_1_454' title='bbox 1656 3284 2018 3353; x_wconf 73' lang='lat' dir='ltr'><strong>argumentis,</strong></span> <span class='ocrx_word' id='word_1_455' title='bbox 2052 3284 2099 3337; x_wconf 90' lang='lat' dir='ltr'><strong>si</strong></span> <span class='ocrx_word' id='word_1_456' title='bbox 2132 3283 2262 3352; x_wconf 92' lang='lat' dir='ltr'><strong>quid</strong></span> <span class='ocrx_word' id='word_1_457' title='bbox 2298 3285 2354 3337; x_wconf 90' lang='lat' dir='ltr'><strong>in</strong></span> 
     </span>
    </p>
   </div>
   <div class='ocr_carea' id='block_1_65' title="bbox 767 3373 2358 3448">
    <p class='ocr_par' dir='ltr' id='par_1_65' title="bbox 767 3373 2358 3448">
     <span class='ocr_line' id='line_1_65' title="bbox 767 3373 2358 3448; baseline -0.003 -18"><span class='ocrx_word' id='word_1_458' title='bbox 767 3376 923 3448; x_wconf 76' lang='lat' dir='ltr'><strong>Syria</strong></span> <span class='ocrx_word' id='word_1_459' title='bbox 973 3375 1318 3446; x_wconf 76' lang='lat' dir='ltr'><strong>contigisset,</strong></span> <span class='ocrx_word' id='word_1_460' title='bbox 1366 3391 1475 3444; x_wconf 92' lang='lat' dir='ltr'><strong>qua</strong></span> <span class='ocrx_word' id='word_1_461' title='bbox 1532 3375 1670 3428; x_wconf 81' lang='lat' dir='ltr'><strong>hora</strong></span> <span class='ocrx_word' id='word_1_462' title='bbox 1721 3373 2104 3443; x_wconf 79' lang='lat' dir='ltr'><strong>consignatum</strong></span> <span class='ocrx_word' id='word_1_463' title='bbox 2145 3382 2285 3437; x_wconf 89' lang='lat' dir='ltr'><strong>erat,</strong></span> <span class='ocrx_word' id='word_1_464' title='bbox 2325 3386 2358 3425; x_wconf 86' lang='lat' dir='ltr'><strong>a</strong></span> 
     </span>
    </p>
   </div>
   <div class='ocr_carea' id='block_1_66' title="bbox 767 3467 2360 3540">
    <p class='ocr_par' dir='ltr' id='par_1_66' title="bbox 767 3467 2360 3540">
     <span class='ocr_line' id='line_1_66' title="bbox 767 3467 2360 3540; baseline -0.006 -14"><span class='ocrx_word' id='word_1_465' title='bbox 767 3471 875 3526; x_wconf 90' lang='lat' dir='ltr'><strong>loci</strong></span> <span class='ocrx_word' id='word_1_466' title='bbox 908 3469 1323 3540; x_wconf 52' lang='lat' dir='ltr'><strong>praesidiariise</strong></span> <span class='ocrx_word' id='word_1_467' title='bbox 1356 3470 1586 3523; x_wconf 82' lang='lat' dir='ltr'><strong>sublimi</strong></span> <span class='ocrx_word' id='word_1_468' title='bbox 1612 3472 1881 3523; x_wconf 80' lang='lat' dir='ltr'><strong>accensus</strong></span> <span class='ocrx_word' id='word_1_469' title='bbox 1919 3467 2060 3537; x_wconf 86' lang='lat' dir='ltr'><strong>ignis</strong></span> <span class='ocrx_word' id='word_1_470' title='bbox 2085 3473 2360 3520; x_wconf 86' lang='lat' dir='ltr'><strong>monstra-</strong></span> 
     </span>
    </p>
   </div>
   <div class='ocr_carea' id='block_1_67' title="bbox 767 3557 2360 3628">
    <p class='ocr_par' dir='ltr' id='par_1_67' title="bbox 767 3557 2360 3628">
     <span class='ocr_line' id='line_1_67' title="bbox 767 3557 2360 3628; baseline -0.003 -14"><span class='ocrx_word' id='word_1_471' title='bbox 767 3560 882 3616; x_wconf 85' lang='lat' dir='ltr'><strong>bat.</strong></span> <span class='ocrx_word' id='word_1_472' title='bbox 914 3559 1190 3615; x_wconf 87' lang='lat' dir='ltr'><strong>Custodes</strong></span> <span class='ocrx_word' id='word_1_473' title='bbox 1217 3560 1367 3613; x_wconf 90' lang='lat' dir='ltr'><strong>enim</strong></span> <span class='ocrx_word' id='word_1_474' title='bbox 1406 3569 1589 3623; x_wconf 87' lang='lat' dir='ltr'><strong>erant,</strong></span> <span class='ocrx_word' id='word_1_475' title='bbox 1619 3559 1713 3628; x_wconf 90' lang='lat' dir='ltr'><strong>qui</strong></span> <span class='ocrx_word' id='word_1_476' title='bbox 1747 3574 1865 3613; x_wconf 90' lang='lat' dir='ltr'><strong>rem</strong></span> <span class='ocrx_word' id='word_1_477' title='bbox 1895 3566 2103 3613; x_wconf 87' lang='lat' dir='ltr'><strong>attente</strong></span> <span class='ocrx_word' id='word_1_478' title='bbox 2138 3573 2205 3612; x_wconf 90' lang='lat' dir='ltr'><strong>ac</strong></span> <span class='ocrx_word' id='word_1_479' title='bbox 2233 3557 2360 3611; x_wconf 84' lang='lat' dir='ltr'><strong>dili-</strong></span> 
     </span>
    </p>
   </div>
   <div class='ocr_carea' id='block_1_68' title="bbox 768 3650 2359 3724">
    <p class='ocr_par' dir='ltr' id='par_1_68' title="bbox 768 3650 2359 3724">
     <span class='ocr_line' id='line_1_68' title="bbox 768 3650 2359 3724; baseline -0.004 -16"><span class='ocrx_word' id='word_1_480' title='bbox 768 3661 965 3724; x_wconf 78' lang='lat' dir='ltr'><strong>genter</strong></span> <span class='ocrx_word' id='word_1_481' title='bbox 985 3652 1345 3722; x_wconf 82' lang='lat' dir='ltr'><strong>dispicerent.</strong></span> <span class='ocrx_word' id='word_1_482' title='bbox 1376 3653 1661 3707; x_wconf 80' lang='lat' dir='ltr'><strong>Accensus</strong></span> <span class='ocrx_word' id='word_1_483' title='bbox 1695 3652 1837 3721; x_wconf 88' lang='lat' dir='ltr'><strong>ignis</strong></span> <span class='ocrx_word' id='word_1_484' title='bbox 1869 3667 1899 3705; x_wconf 87' lang='lat' dir='ltr'><strong>a</strong></span> <span class='ocrx_word' id='word_1_485' title='bbox 1924 3650 2181 3721; x_wconf 52' lang='lat' dir='ltr'><strong>praesidio</strong></span> <span class='ocrx_word' id='word_1_486' title='bbox 2210 3650 2359 3719; x_wconf 90' lang='lat' dir='ltr'><strong>quod</strong></span> 
     </span>
    </p>
   </div>
   <div class='ocr_carea' id='block_1_69' title="bbox 770 3742 2359 3815">
    <p class='ocr_par' dir='ltr' id='par_1_69' title="bbox 770 3742 2359 3815">
     <span class='ocr_line' id='line_1_69' title="bbox 770 3742 2359 3815; baseline -0.004 -15"><span class='ocrx_word' id='word_1_487' title='bbox 770 3745 969 3800; x_wconf 87' lang='lat' dir='ltr'><strong>Lulum</strong></span> <span class='ocrx_word' id='word_1_488' title='bbox 999 3755 1221 3809; x_wconf 82' lang='lat' dir='ltr'><strong>vocant,</strong></span> <span class='ocrx_word' id='word_1_489' title='bbox 1252 3745 1429 3815; x_wconf 70' lang='lat' dir='ltr'><strong>Argasi</strong></span> <span class='ocrx_word' id='word_1_490' title='bbox 1451 3744 1609 3799; x_wconf 78' lang='lat' dir='ltr'><strong>collis</strong></span> <span class='ocrx_word' id='word_1_491' title='bbox 1642 3743 1837 3798; x_wconf 85' lang='lat' dir='ltr'><strong>incolis</strong></span> <span class='ocrx_word' id='word_1_492' title='bbox 1866 3742 2359 3803; x_wconf 87' lang='lat' dir='ltr'><strong>commonstrabat,</strong></span> 
     </span>
    </p>
   </div>
   <div class='ocr_carea' id='block_1_70' title="bbox 774 3834 2363 3908">
    <p class='ocr_par' dir='ltr' id='par_1_70' title="bbox 774 3834 2363 3908">
     <span class='ocr_line' id='line_1_70' title="bbox 774 3834 2363 3908; baseline -0.003 -16"><span class='ocrx_word' id='word_1_493' title='bbox 774 3854 1079 3907; x_wconf 82' lang='lat' dir='ltr'><strong>rursusque</strong></span> <span class='ocrx_word' id='word_1_494' title='bbox 1103 3838 1173 3893; x_wconf 88' lang='lat' dir='ltr'><strong>iis</strong></span> <span class='ocrx_word' id='word_1_495' title='bbox 1204 3838 1299 3908; x_wconf 84' lang='lat' dir='ltr'><strong>qui</strong></span> <span class='ocrx_word' id='word_1_496' title='bbox 1336 3839 1390 3891; x_wconf 89' lang='lat' dir='ltr'><strong>in</strong></span> <span class='ocrx_word' id='word_1_497' title='bbox 1418 3838 1598 3892; x_wconf 88' lang='lat' dir='ltr'><strong>lsamo</strong></span> <span class='ocrx_word' id='word_1_498' title='bbox 1637 3846 1693 3890; x_wconf 89' lang='lat' dir='ltr'><strong>et</strong></span> <span class='ocrx_word' id='word_1_499' title='bbox 1718 3836 1806 3889; x_wconf 89' lang='lat' dir='ltr'><strong>bis</strong></span> <span class='ocrx_word' id='word_1_500' title='bbox 1828 3836 1924 3905; x_wconf 91' lang='lat' dir='ltr'><strong>qui</strong></span> <span class='ocrx_word' id='word_1_501' title='bbox 1950 3836 2005 3890; x_wconf 90' lang='lat' dir='ltr'><strong>in</strong></span> <span class='ocrx_word' id='word_1_502' title='bbox 2031 3834 2239 3907; x_wconf 64' lang='lat' dir='ltr'><strong>Egilo;</strong></span> <span class='ocrx_word' id='word_1_503' title='bbox 2276 3848 2363 3888; x_wconf 84' lang='lat' dir='ltr'><strong>se-</strong></span> 
     </span>
    </p>
   </div>
   <div class='ocr_carea' id='block_1_71' title="bbox 770 3923 2361 3998">
    <p class='ocr_par' dir='ltr' id='par_1_71' title="bbox 770 3923 2361 3998">
     <span class='ocr_line' id='line_1_71' title="bbox 770 3923 2361 3998; baseline -0.004 -14"><span class='ocrx_word' id='word_1_504' title='bbox 770 3930 1017 3984; x_wconf 84' lang='lat' dir='ltr'><strong>cundum</strong></span> <span class='ocrx_word' id='word_1_505' title='bbox 1035 3928 1141 3984; x_wconf 81' lang='lat' dir='ltr'><strong>hos</strong></span> <span class='ocrx_word' id='word_1_506' title='bbox 1161 3929 1243 3983; x_wconf 78' lang='lat' dir='ltr'><strong>iis</strong></span> <span class='ocrx_word' id='word_1_507' title='bbox 1258 3928 1352 3998; x_wconf 93' lang='lat' dir='ltr'><strong>qui</strong></span> <span class='ocrx_word' id='word_1_508' title='bbox 1371 3928 1521 3997; x_wconf 86' lang='lat' dir='ltr'><strong>apud</strong></span> <span class='ocrx_word' id='word_1_509' title='bbox 1544 3928 1871 3982; x_wconf 79' lang='lat' dir='ltr'><strong>Mamantem</strong></span> <span class='ocrx_word' id='word_1_510' title='bbox 1898 3926 2134 3991; x_wconf 84' lang='lat' dir='ltr'><strong>collem;</strong></span> <span class='ocrx_word' id='word_1_511' title='bbox 2160 3923 2361 3979; x_wconf 76' lang='lat' dir='ltr'><strong>exinde</strong></span> 
     </span>
    </p>
   </div>
   <div class='ocr_carea' id='block_1_72' title="bbox 765 4017 2362 4093">
    <p class='ocr_par' dir='ltr' id='par_1_72' title="bbox 765 4017 2362 4093">
     <span class='ocr_line' id='line_1_72' title="bbox 765 4017 2362 4093; baseline -0.004 -16"><span class='ocrx_word' id='word_1_512' title='bbox 765 4022 1025 4093; x_wconf 77' lang='lat' dir='ltr'><strong>Cyrizus,</strong></span> <span class='ocrx_word' id='word_1_513' title='bbox 1050 4030 1164 4076; x_wconf 84' lang='lat' dir='ltr'><strong>tum</strong></span> <span class='ocrx_word' id='word_1_514' title='bbox 1219 4022 1471 4085; x_wconf 76' lang='lat' dir='ltr'><strong>Moeilus,</strong></span> <span class='ocrx_word' id='word_1_515' title='bbox 1525 4021 1654 4074; x_wconf 88' lang='lat' dir='ltr'><strong>inde</strong></span> <span class='ocrx_word' id='word_1_516' title='bbox 1693 4020 1754 4075; x_wconf 89' lang='lat' dir='ltr'><strong>S.</strong></span> <span class='ocrx_word' id='word_1_517' title='bbox 1785 4018 2043 4074; x_wconf 81' lang='lat' dir='ltr'><strong>Auxentii</strong></span> <span class='ocrx_word' id='word_1_518' title='bbox 2085 4017 2244 4073; x_wconf 88' lang='lat' dir='ltr'><strong>collis</strong></span> <span class='ocrx_word' id='word_1_519' title='bbox 2273 4017 2362 4072; x_wconf 85' lang='lat' dir='ltr'><strong>his</strong></span> 
     </span>
    </p>
   </div>
   <div class='ocr_carea' id='block_1_73' title="bbox 770 4112 2362 4185">
    <p class='ocr_par' dir='ltr' id='par_1_73' title="bbox 770 4112 2362 4185">
     <span class='ocr_line' id='line_1_73' title="bbox 770 4112 2362 4185; baseline -0.002 -17"><span class='ocrx_word' id='word_1_520' title='bbox 770 4115 868 4184; x_wconf 89' lang='lat' dir='ltr'><strong>qui</strong></span> <span class='ocrx_word' id='word_1_521' title='bbox 900 4114 962 4169; x_wconf 86' lang='lat' dir='ltr'><strong>in</strong></span> <span class='ocrx_word' id='word_1_522' title='bbox 997 4115 1205 4185; x_wconf 83' lang='lat' dir='ltr'><strong>palatio</strong></span> <span class='ocrx_word' id='word_1_523' title='bbox 1235 4114 1302 4169; x_wconf 84' lang='lat' dir='ltr'><strong>ad</strong></span> <span class='ocrx_word' id='word_1_524' title='bbox 1329 4116 1508 4171; x_wconf 85' lang='lat' dir='ltr'><strong>solare</strong></span> <span class='ocrx_word' id='word_1_525' title='bbox 1539 4114 1702 4168; x_wconf 88' lang='lat' dir='ltr'><strong>Phari</strong></span> <span class='ocrx_word' id='word_1_526' title='bbox 1728 4112 2075 4183; x_wconf 87' lang='lat' dir='ltr'><strong>horologium</strong></span> <span class='ocrx_word' id='word_1_527' title='bbox 2108 4112 2362 4182; x_wconf 85' lang='lat' dir='ltr'><strong>perpetui</strong></span> 
     </span>
    </p>
   </div>
   <div class='ocr_carea' id='block_1_74' title="bbox 774 4203 2365 4275">
    <p class='ocr_par' dir='ltr' id='par_1_74' title="bbox 774 4203 2365 4275">
     <span class='ocr_line' id='line_1_74' title="bbox 774 4203 2365 4275; baseline -0.002 -16"><span class='ocrx_word' id='word_1_528' title='bbox 774 4207 968 4275; x_wconf 72' lang='lat' dir='ltr'><strong>vigiles</strong></span> <span class='ocrx_word' id='word_1_529' title='bbox 990 4207 1275 4261; x_wconf 83' lang='lat' dir='ltr'><strong>constituti</strong></span> <span class='ocrx_word' id='word_1_530' title='bbox 1306 4216 1487 4270; x_wconf 81' lang='lat' dir='ltr'><strong>erant,</strong></span> <span class='ocrx_word' id='word_1_531' title='bbox 1516 4222 1679 4275; x_wconf 83' lang='lat' dir='ltr'><strong>quam</strong></span> <span class='ocrx_word' id='word_1_532' title='bbox 1711 4206 1822 4259; x_wconf 89' lang='lat' dir='ltr'><strong>cito</strong></span> <span class='ocrx_word' id='word_1_533' title='bbox 1856 4206 2208 4259; x_wconf 79' lang='lat' dir='ltr'><strong>manifestum</strong></span> <span class='ocrx_word' id='word_1_534' title='bbox 2240 4203 2365 4257; x_wconf 87' lang='lat' dir='ltr'><strong>red-</strong></span> 
     </span>
    </p>
   </div>
   <div class='ocr_carea' id='block_1_75' title="bbox 772 4296 2363 4369">
    <p class='ocr_par' dir='ltr' id='par_1_75' title="bbox 772 4296 2363 4369">
     <span class='ocr_line' id='line_1_75' title="bbox 772 4296 2363 4369; baseline -0.003 -16"><span class='ocrx_word' id='word_1_535' title='bbox 772 4299 963 4354; x_wconf 72' lang='lat' dir='ltr'><strong>(lebat.</strong></span> <span class='ocrx_word' id='word_1_536' title='bbox 996 4298 1086 4355; x_wconf 90' lang='lat' dir='ltr'><strong>Sic</strong></span> <span class='ocrx_word' id='word_1_537' title='bbox 1117 4300 1305 4369; x_wconf 87' lang='lat' dir='ltr'><strong>itaque</strong></span> <span class='ocrx_word' id='word_1_538' title='bbox 1338 4299 1624 4362; x_wconf 76' lang='lat' dir='ltr'><strong>Michaele,</strong></span> <span class='ocrx_word' id='word_1_539' title='bbox 1657 4299 1734 4353; x_wconf 88' lang='lat' dir='ltr'><strong>uti</strong></span> <span class='ocrx_word' id='word_1_540' title='bbox 1769 4298 1978 4353; x_wconf 89' lang='lat' dir='ltr'><strong>dictum</strong></span> <span class='ocrx_word' id='word_1_541' title='bbox 2006 4307 2113 4359; x_wconf 90' lang='lat' dir='ltr'><strong>cst,</strong></span> <span class='ocrx_word' id='word_1_542' title='bbox 2140 4314 2207 4353; x_wconf 77' lang='lat' dir='ltr'><strong>ex</strong></span> <span class='ocrx_word' id='word_1_543' title='bbox 2236 4296 2363 4352; x_wconf 88' lang='lat' dir='ltr'><strong>Cir-</strong></span> 
     </span>
    </p>
   </div>
   <div class='ocr_carea' id='block_1_76' title="bbox 774 4390 2366 4461">
    <p class='ocr_par' dir='ltr' id='par_1_76' title="bbox 774 4390 2366 4461">
     <span class='ocr_line' id='line_1_76' title="bbox 774 4390 2366 4461; baseline -0.002 -15"><span class='ocrx_word' id='word_1_544' title='bbox 774 4393 1028 4449; x_wconf 87' lang='lat' dir='ltr'><strong>censium</strong></span> <span class='ocrx_word' id='word_1_545' title='bbox 1080 4393 1297 4446; x_wconf 89' lang='lat' dir='ltr'><strong>ratione</strong></span> <span class='ocrx_word' id='word_1_546' title='bbox 1345 4407 1520 4461; x_wconf 88' lang='lat' dir='ltr'><strong>equos</strong></span> <span class='ocrx_word' id='word_1_547' title='bbox 1578 4392 1857 4460; x_wconf 82' lang='lat' dir='ltr'><strong>agitante,</strong></span> <span class='ocrx_word' id='word_1_548' title='bbox 1911 4391 2163 4445; x_wconf 89' lang='lat' dir='ltr'><strong>sublatus</strong></span> <span class='ocrx_word' id='word_1_549' title='bbox 2221 4390 2366 4459; x_wconf 82' lang='lat' dir='ltr'><strong>ignis</strong></span> 
     </span>
    </p>
   </div>
   <div class='ocr_carea' id='block_1_77' title="bbox 775 4485 2361 4555">
    <p class='ocr_par' dir='ltr' id='par_1_77' title="bbox 775 4485 2361 4555">
     <span class='ocr_line' id='line_1_77' title="bbox 775 4485 2361 4555; baseline -0.002 -16"><span class='ocrx_word' id='word_1_550' title='bbox 775 4485 1186 4540; x_wconf 84' lang='lat' dir='ltr'><strong>Saracenorum</strong></span> <span class='ocrx_word' id='word_1_551' title='bbox 1220 4485 1564 4540; x_wconf 69' lang='lat' dir='ltr'><strong>excursiouis</strong></span> <span class='ocrx_word' id='word_1_552' title='bbox 1596 4489 1811 4555; x_wconf 90' lang='lat' dir='ltr'><strong>signum</strong></span> <span class='ocrx_word' id='word_1_553' title='bbox 1838 4485 2011 4539; x_wconf 88' lang='lat' dir='ltr'><strong>dedit.</strong></span> <span class='ocrx_word' id='word_1_554' title='bbox 2036 4486 2361 4553; x_wconf 86' lang='lat' dir='ltr'><strong>Imperator,</strong></span> 
     </span>
    </p>
   </div>
   <div class='ocr_carea' id='block_1_78' title="bbox 2466 3278 4066 3356">
    <p class='ocr_par' dir='ltr' id='par_1_78' title="bbox 2466 3278 4066 3356">
     <span class='ocr_line' id='line_1_78' title="bbox 2466 3278 4066 3356; baseline -0.003 -19"><span class='ocrx_word' id='word_1_555' title='bbox 2466 3285 2671 3337; x_wconf 79' lang='grc' dir='ltr'>Θέσεων</span> <span class='ocrx_word' id='word_1_556' title='bbox 2701 3286 2754 3337; x_wconf 83' lang='grc' dir='ltr'>εἰ</span> <span class='ocrx_word' id='word_1_557' title='bbox 2813 3302 2867 3339; x_wconf 85' lang='grc' dir='ltr'>τι</span> <span class='ocrx_word' id='word_1_558' title='bbox 2906 3285 3011 3338; x_wconf 82' lang='grc' dir='ltr'><strong>κᾶν</strong></span> <span class='ocrx_word' id='word_1_559' title='bbox 3056 3287 3255 3356; x_wconf 76' lang='grc' dir='ltr'>συνέϐη</span> <span class='ocrx_word' id='word_1_560' title='bbox 3288 3289 3345 3338; x_wconf 76' lang='grc' dir='ltr'>ἐν</span> <span class='ocrx_word' id='word_1_561' title='bbox 3371 3286 3565 3356; x_wconf 74' lang='grc' dir='ltr'>Συρίᾳ.</span> <span class='ocrx_word' id='word_1_562' title='bbox 3598 3288 3653 3336; x_wconf 87' lang='lat' dir='ltr'><strong>tv</strong></span> <span class='ocrx_word' id='word_1_563' title='bbox 3682 3287 3751 3354; x_wconf 80' lang='grc' dir='ltr'>τῇ</span> <span class='ocrx_word' id='word_1_564' title='bbox 3781 3284 3905 3355; x_wconf 76' lang='grc' dir='ltr'><strong>ὥρᾳ</strong></span> <span class='ocrx_word' id='word_1_565' title='bbox 3939 3286 4000 3336; x_wconf 81' lang='grc' dir='ltr'>ὲν</span> <span class='ocrx_word' id='word_1_566' title='bbox 4032 3278 4066 3356; x_wconf 73' lang='grc' dir='ltr'>ᾖ</span> 
     </span>
    </p>
   </div>
   <div class='ocr_carea' id='block_1_79' title="bbox 2465 3377 4065 3445">
    <p class='ocr_par' dir='ltr' id='par_1_79' title="bbox 2465 3377 4065 3445">
     <span class='ocr_line' id='line_1_79' title="bbox 2465 3377 4065 3445; baseline -0.001 -16"><span class='ocrx_word' id='word_1_567' title='bbox 2465 3377 2724 3440; x_wconf 82' lang='grc' dir='ltr'>ὑπόθεσις</span> <span class='ocrx_word' id='word_1_568' title='bbox 2753 3378 3003 3445; x_wconf 78' lang='grc' dir='ltr'>γέγονεν,</span> <span class='ocrx_word' id='word_1_569' title='bbox 3030 3379 3288 3431; x_wconf 78' lang='grc' dir='ltr'>ἀνάπτων</span> <span class='ocrx_word' id='word_1_570' title='bbox 3318 3378 3427 3431; x_wconf 86' lang='grc' dir='ltr'><strong>ἀπὸ</strong></span> <span class='ocrx_word' id='word_1_571' title='bbox 3479 3381 3589 3429; x_wconf 82' lang='grc' dir='ltr'>τῶν</span> <span class='ocrx_word' id='word_1_572' title='bbox 3638 3378 3822 3430; x_wconf 75' lang='grc' dir='ltr'>ἐκεῖσε</span> <span class='ocrx_word' id='word_1_573' title='bbox 3859 3380 4065 3445; x_wconf 69' lang='grc' dir='ltr'>φανὸς,</span> 
     </span>
    </p>
   </div>
   <div class='ocr_carea' id='block_1_80' title="bbox 2464 3469 4068 3539">
    <p class='ocr_par' dir='ltr' id='par_1_80' title="bbox 2464 3469 4068 3539">
     <span class='ocr_line' id='line_1_80' title="bbox 2464 3469 4068 3539; baseline 0 -18"><span class='ocrx_word' id='word_1_574' title='bbox 2464 3471 2586 3522; x_wconf 74' lang='grc' dir='ltr'>ἐπεὶ</span> <span class='ocrx_word' id='word_1_575' title='bbox 2622 3473 2718 3523; x_wconf 79' lang='grc' dir='ltr'>καὶ</span> <span class='ocrx_word' id='word_1_576' title='bbox 2776 3472 2825 3523; x_wconf 76' lang='lat' dir='ltr'><strong>et</strong></span> <span class='ocrx_word' id='word_1_577' title='bbox 2873 3471 3251 3539; x_wconf 79' lang='grc' dir='ltr'>φυλάσσοντες</span> <span class='ocrx_word' id='word_1_578' title='bbox 3302 3470 3397 3523; x_wconf 75' lang='grc' dir='ltr'><strong>καὶ</strong></span> <span class='ocrx_word' id='word_1_579' title='bbox 3444 3470 3650 3533; x_wconf 84' lang='grc' dir='ltr'>ἀτενῶς</span> <span class='ocrx_word' id='word_1_580' title='bbox 3680 3471 3776 3523; x_wconf 70' lang='grc' dir='ltr'><strong>καὶ</strong></span> <span class='ocrx_word' id='word_1_581' title='bbox 3811 3469 4068 3537; x_wconf 75' lang='grc' dir='ltr'>ἀκριϐῶς</span> 
     </span>
    </p>
   </div>
   <div class='ocr_carea' id='block_1_81' title="bbox 2467 3563 4068 3639">
    <p class='ocr_par' dir='ltr' id='par_1_81' title="bbox 2467 3563 4068 3639">
     <span class='ocr_line' id='line_1_81' title="bbox 2467 3563 4068 3639; baseline -0.001 -21"><span class='ocrx_word' id='word_1_582' title='bbox 2467 3568 2756 3639; x_wconf 75' lang='grc' dir='ltr'>βλέποντες</span> <span class='ocrx_word' id='word_1_583' title='bbox 2779 3569 2846 3621; x_wconf 84' lang='grc' dir='ltr'>τὰ</span> <span class='ocrx_word' id='word_1_584' title='bbox 2866 3569 3230 3638; x_wconf 79' lang='grc' dir='ltr'>τετυπωμένα</span> <span class='ocrx_word' id='word_1_585' title='bbox 3254 3570 3313 3620; x_wconf 89' lang='lat' dir='ltr'><strong>tv</strong></span> <span class='ocrx_word' id='word_1_586' title='bbox 3335 3568 3519 3629; x_wconf 75' lang='grc' dir='ltr'>αὐτοῖς</span> <span class='ocrx_word' id='word_1_587' title='bbox 3567 3563 3731 3635; x_wconf 75' lang='grc' dir='ltr'>ἦσαν,</span> <span class='ocrx_word' id='word_1_588' title='bbox 3751 3566 4068 3634; x_wconf 66' lang='grc' dir='ltr'>μετεδίδοτε</span> 
     </span>
    </p>
   </div>
   <div class='ocr_carea' id='block_1_82' title="bbox 2466 3654 4067 3730">
    <p class='ocr_par' dir='ltr' id='par_1_82' title="bbox 2466 3654 4067 3730">
     <span class='ocr_line' id='line_1_82' title="bbox 2466 3654 4067 3730; baseline -0.001 -19"><span class='ocrx_word' id='word_1_589' title='bbox 2466 3660 2629 3723; x_wconf 70' lang='grc' dir='ltr'>εὐθὺς</span> <span class='ocrx_word' id='word_1_590' title='bbox 2651 3662 2678 3713; x_wconf 89' lang='lat'><strong>6</strong></span> <span class='ocrx_word' id='word_1_591' title='bbox 2695 3661 2861 3729; x_wconf 78' lang='grc' dir='ltr'>φανὸς</span> <span class='ocrx_word' id='word_1_592' title='bbox 2877 3661 2985 3714; x_wconf 76' lang='grc' dir='ltr'>ἀπὸ</span> <span class='ocrx_word' id='word_1_593' title='bbox 3011 3660 3105 3713; x_wconf 83' lang='grc' dir='ltr'><strong>τοῦ</strong></span> <span class='ocrx_word' id='word_1_594' title='bbox 3131 3654 3395 3730; x_wconf 76' lang='grc' dir='ltr'>φρουρίου</span> <span class='ocrx_word' id='word_1_595' title='bbox 3416 3658 3508 3712; x_wconf 82' lang='grc' dir='ltr'>τοῦ</span> <span class='ocrx_word' id='word_1_596' title='bbox 3530 3659 3828 3728; x_wconf 79' lang='grc' dir='ltr'>λεγομένου</span> <span class='ocrx_word' id='word_1_597' title='bbox 3849 3659 4067 3713; x_wconf 68' lang='grc' dir='ltr'>Δούλου</span> 
     </span>
    </p>
   </div>
   <div class='ocr_carea' id='block_1_83' title="bbox 2466 3748 4071 3821">
    <p class='ocr_par' dir='ltr' id='par_1_83' title="bbox 2466 3748 4071 3821">
     <span class='ocr_line' id='line_1_83' title="bbox 2466 3748 4071 3821; baseline 0.002 -19"><span class='ocrx_word' id='word_1_598' title='bbox 2466 3755 2578 3815; x_wconf 80' lang='grc' dir='ltr'>τοῖς</span> <span class='ocrx_word' id='word_1_599' title='bbox 2603 3752 2744 3804; x_wconf 85' lang='grc' dir='ltr'><strong>κατά</strong></span> <span class='ocrx_word' id='word_1_600' title='bbox 2794 3753 2887 3805; x_wconf 76' lang='grc' dir='ltr'>τὸν</span> <span class='ocrx_word' id='word_1_601' title='bbox 2941 3755 2995 3807; x_wconf 79' lang='grc' dir='ltr'><strong>Ἀ</strong></span> <span class='ocrx_word' id='word_1_602' title='bbox 3008 3753 3207 3821; x_wconf 88' lang='grc' dir='ltr'>ργαίαν</span> <span class='ocrx_word' id='word_1_603' title='bbox 3238 3752 3428 3821; x_wconf 78' lang='grc' dir='ltr'>βουνὸν</span> <span class='ocrx_word' id='word_1_604' title='bbox 3461 3755 3554 3804; x_wconf 80' lang='grc' dir='ltr'><strong>καὶ</strong></span> <span class='ocrx_word' id='word_1_605' title='bbox 3590 3748 3749 3815; x_wconf 74' lang='grc' dir='ltr'>αὖθις</span> <span class='ocrx_word' id='word_1_606' title='bbox 3778 3755 3892 3816; x_wconf 86' lang='grc' dir='ltr'>τοῖς</span> <span class='ocrx_word' id='word_1_607' title='bbox 3922 3753 4071 3805; x_wconf 69' lang='grc' dir='ltr'>κατὰ</span> 
     </span>
    </p>
   </div>
   <div class='ocr_carea' id='block_1_84' title="bbox 2466 3840 4072 3915">
    <p class='ocr_par' dir='ltr' id='par_1_84' title="bbox 2466 3840 4072 3915">
     <span class='ocr_line' id='line_1_84' title="bbox 2466 3840 4072 3915; baseline -0.002 -17"><span class='ocrx_word' id='word_1_608' title='bbox 2466 3846 2565 3915; x_wconf 78' lang='grc' dir='ltr'>τὴν</span> <span class='ocrx_word' id='word_1_609' title='bbox 2596 3846 2775 3913; x_wconf 84' lang='grc' dir='ltr'>Σάμον</span> <span class='ocrx_word' id='word_1_610' title='bbox 2790 3845 2839 3875; x_wconf 75' lang='grc'><strong>⁸⁸</strong></span> <span class='ocrx_word' id='word_1_611' title='bbox 2854 3843 2953 3897; x_wconf 70' lang='grc' dir='ltr'>καὶ</span> <span class='ocrx_word' id='word_1_612' title='bbox 2978 3845 3089 3903; x_wconf 82' lang='grc' dir='ltr'>τοῖς</span> <span class='ocrx_word' id='word_1_613' title='bbox 3120 3844 3265 3896; x_wconf 79' lang='grc' dir='ltr'><strong>κατά</strong></span> <span class='ocrx_word' id='word_1_614' title='bbox 3282 3843 3341 3895; x_wconf 83' lang='grc' dir='ltr'>τὸ</span> <span class='ocrx_word' id='word_1_615' title='bbox 3356 3843 3595 3910; x_wconf 75' lang='grc' dir='ltr'>Δξγιλον,</span> <span class='ocrx_word' id='word_1_616' title='bbox 3617 3840 3739 3896; x_wconf 74' lang='grc' dir='ltr'>εἶτα</span> <span class='ocrx_word' id='word_1_617' title='bbox 3761 3847 3878 3906; x_wconf 82' lang='grc' dir='ltr'>τοῖς</span> <span class='ocrx_word' id='word_1_618' title='bbox 3925 3846 4072 3895; x_wconf 62' lang='grc' dir='ltr'>κατα</span> 
     </span>
    </p>
   </div>
   <div class='ocr_carea' id='block_1_85' title="bbox 2468 3925 4071 4002">
    <p class='ocr_par' dir='ltr' id='par_1_85' title="bbox 2468 3925 4071 4002">
     <span class='ocr_line' id='line_1_85' title="bbox 2468 3925 4071 4002; baseline -0.001 -14"><span class='ocrx_word' id='word_1_619' title='bbox 2468 3936 2558 3988; x_wconf 83' lang='grc' dir='ltr'><strong>τὸν</strong></span> <span class='ocrx_word' id='word_1_620' title='bbox 2603 3935 2882 4001; x_wconf 77' lang='grc' dir='ltr'>Μάμαντα.</span> <span class='ocrx_word' id='word_1_621' title='bbox 2928 3932 3091 3986; x_wconf 86' lang='grc' dir='ltr'>πάλιν</span> <span class='ocrx_word' id='word_1_622' title='bbox 3121 3933 3332 4002; x_wconf 72' lang='grc' dir='ltr'>βουνὸν,</span> <span class='ocrx_word' id='word_1_623' title='bbox 3362 3934 3454 4000; x_wconf 78' lang='grc' dir='ltr'>ἀφ’</span> <span class='ocrx_word' id='word_1_624' title='bbox 3479 3925 3544 3985; x_wconf 74' lang='grc' dir='ltr'>οὗ</span> <span class='ocrx_word' id='word_1_625' title='bbox 3570 3934 3598 3984; x_wconf 87' lang='lat'><strong>6</strong></span> <span class='ocrx_word' id='word_1_626' title='bbox 3638 3933 3908 4002; x_wconf 72' lang='grc' dir='ltr'>Κύριζος,</span> <span class='ocrx_word' id='word_1_627' title='bbox 3947 3931 4071 3986; x_wconf 71' lang='grc' dir='ltr'>εἶτα</span> 
     </span>
    </p>
   </div>
   <div class='ocr_carea' id='block_1_86' title="bbox 2466 4018 4072 4096">
    <p class='ocr_par' dir='ltr' id='par_1_86' title="bbox 2466 4018 4072 4096">
     <span class='ocr_line' id='line_1_86' title="bbox 2466 4018 4072 4096; baseline -0.002 -14"><span class='ocrx_word' id='word_1_628' title='bbox 2466 4032 2493 4082; x_wconf 91' lang='lat'><strong>6</strong></span> <span class='ocrx_word' id='word_1_629' title='bbox 2527 4028 2803 4093; x_wconf 81' lang='grc' dir='ltr'>Μώκιλος,</span> <span class='ocrx_word' id='word_1_630' title='bbox 2840 4027 2933 4095; x_wconf 82' lang='grc' dir='ltr'>ἀφ’</span> <span class='ocrx_word' id='word_1_631' title='bbox 2983 4018 3045 4078; x_wconf 68' lang='grc' dir='ltr'>οὗ</span> <span class='ocrx_word' id='word_1_632' title='bbox 3087 4028 3116 4079; x_wconf 91' lang='lat'><strong>6</strong></span> <span class='ocrx_word' id='word_1_633' title='bbox 3164 4026 3258 4078; x_wconf 78' lang='grc' dir='ltr'>τοῦ</span> <span class='ocrx_word' id='word_1_634' title='bbox 3300 4026 3485 4093; x_wconf 80' lang='grc' dir='ltr'>Ἀγίου</span> <span class='ocrx_word' id='word_1_635' title='bbox 3531 4026 3827 4090; x_wconf 77' lang='grc' dir='ltr'>Αὺξεντὶου</span> <span class='ocrx_word' id='word_1_636' title='bbox 3878 4026 4072 4096; x_wconf 77' lang='grc' dir='ltr'>βουνὸς</span> 
     </span>
    </p>
   </div>
   <div class='ocr_carea' id='block_1_87' title="bbox 2466 4117 4070 4190">
    <p class='ocr_par' dir='ltr' id='par_1_87' title="bbox 2466 4117 4070 4190">
     <span class='ocr_line' id='line_1_87' title="bbox 2466 4117 4070 4190; baseline -0.001 -17"><span class='ocrx_word' id='word_1_637' title='bbox 2466 4125 2576 4183; x_wconf 88' lang='grc' dir='ltr'>τοῖς</span> <span class='ocrx_word' id='word_1_638' title='bbox 2607 4123 2664 4173; x_wconf 90' lang='lat' dir='ltr'><strong>tv</strong></span> <span class='ocrx_word' id='word_1_639' title='bbox 2699 4119 2776 4190; x_wconf 84' lang='grc' dir='ltr'>τῷ</span> <span class='ocrx_word' id='word_1_640' title='bbox 2820 4118 3069 4187; x_wconf 85' lang='grc' dir='ltr'>παλατίῳ</span> <span class='ocrx_word' id='word_1_641' title='bbox 3121 4119 3262 4171; x_wconf 80' lang='grc' dir='ltr'>κατὰ</span> <span class='ocrx_word' id='word_1_642' title='bbox 3313 4120 3408 4171; x_wconf 85' lang='grc' dir='ltr'><strong>τὸν</strong></span> <span class='ocrx_word' id='word_1_643' title='bbox 3466 4117 3692 4187; x_wconf 73' lang='grc' dir='ltr'>ἡλιακὸν</span> <span class='ocrx_word' id='word_1_644' title='bbox 3745 4119 3845 4171; x_wconf 81' lang='grc' dir='ltr'><strong>τοῦ</strong></span> <span class='ocrx_word' id='word_1_645' title='bbox 3881 4121 4070 4189; x_wconf 67' lang='grc' dir='ltr'>Φάρου</span> 
     </span>
    </p>
   </div>
   <div class='ocr_carea' id='block_1_88' title="bbox 2471 4211 4070 4283">
    <p class='ocr_par' dir='ltr' id='par_1_88' title="bbox 2471 4211 4070 4283">
     <span class='ocr_line' id='line_1_88' title="bbox 2471 4211 4070 4283; baseline 0.001 -18"><span class='ocrx_word' id='word_1_646' title='bbox 2471 4214 2807 4282; x_wconf 64' lang='grc' dir='ltr'>διαιταρίοις</span> <span class='ocrx_word' id='word_1_647' title='bbox 2834 4214 3249 4283; x_wconf 79' lang='grc' dir='ltr'>ἀφωρισμένοις</span> <span class='ocrx_word' id='word_1_648' title='bbox 3279 4215 3337 4266; x_wconf 89' lang='lat' dir='ltr'><strong>tv</strong></span> <span class='ocrx_word' id='word_1_649' title='bbox 3373 4211 3567 4281; x_wconf 79' lang='grc' dir='ltr'>βραχεῖ</span> <span class='ocrx_word' id='word_1_650' title='bbox 3592 4214 3766 4265; x_wconf 79' lang='grc' dir='ltr'>ἐποίει</span> <span class='ocrx_word' id='word_1_651' title='bbox 3802 4216 4070 4283; x_wconf 65' lang='grc' dir='ltr'>φανερόν.</span> 
     </span>
    </p>
   </div>
   <div class='ocr_carea' id='block_1_89' title="bbox 2481 4300 4074 4375">
    <p class='ocr_par' dir='ltr' id='par_1_89' title="bbox 2481 4300 4074 4375">
     <span class='ocr_line' id='line_1_89' title="bbox 2481 4300 4074 4375; baseline 0.001 -18"><span class='ocrx_word' id='word_1_652' title='bbox 2481 4305 2855 4374; x_wconf 69' lang='grc' dir='ltr'>Ἱππευομένῳ</span> <span class='ocrx_word' id='word_1_653' title='bbox 2901 4300 2994 4357; x_wconf 85' lang='grc' dir='ltr'>οὖν</span> <span class='ocrx_word' id='word_1_654' title='bbox 3024 4304 3104 4375; x_wconf 79' lang='grc' dir='ltr'>τῷ</span> <span class='ocrx_word' id='word_1_655' title='bbox 3128 4304 3349 4374; x_wconf 80' lang='grc' dir='ltr'>βασιλεῖ</span> <span class='ocrx_word' id='word_1_656' title='bbox 3370 4304 3610 4374; x_wconf 77' lang='grc' dir='ltr'>Μιχαὴλ,</span> <span class='ocrx_word' id='word_1_657' title='bbox 3639 4303 3718 4367; x_wconf 80' lang='grc' dir='ltr'>ὼς</span> <span class='ocrx_word' id='word_1_658' title='bbox 3755 4306 4008 4375; x_wconf 76' lang='grc' dir='ltr'>εἴρηται,</span> <span class='ocrx_word' id='word_1_659' title='bbox 4047 4309 4074 4359; x_wconf 76' lang='grc' dir='ltr'><strong>ὁ</strong></span> 
     </span>
    </p>
   </div>
   <div class='ocr_carea' id='block_1_90' title="bbox 2473 4398 4075 4468">
    <p class='ocr_par' dir='ltr' id='par_1_90' title="bbox 2473 4398 4075 4468">
     <span class='ocr_line' id='line_1_90' title="bbox 2473 4398 4075 4468; baseline 0 -17"><span class='ocrx_word' id='word_1_660' title='bbox 2473 4398 2640 4467; x_wconf 75' lang='grc' dir='ltr'>φανὸς</span> <span class='ocrx_word' id='word_1_661' title='bbox 2684 4399 2964 4467; x_wconf 81' lang='grc' dir='ltr'>ἐσήμανεν</span> <span class='ocrx_word' id='word_1_662' title='bbox 3022 4399 3301 4468; x_wconf 78' lang='grc' dir='ltr'>ἐκδρομὴν</span> <span class='ocrx_word' id='word_1_663' title='bbox 3352 4398 3463 4451; x_wconf 82' lang='grc' dir='ltr'>τῶν</span> <span class='ocrx_word' id='word_1_664' title='bbox 3494 4398 3857 4468; x_wconf 75' lang='grc' dir='ltr'>Σαρακηνῶν.</span> <span class='ocrx_word' id='word_1_665' title='bbox 3893 4402 4075 4462; x_wconf 46' lang='lat' dir='ltr'><strong>Afri;</strong></span> 
     </span>
    </p>
   </div>
   <div class='ocr_carea' id='block_1_91' title="bbox 2476 4484 4077 4564">
    <p class='ocr_par' dir='ltr' id='par_1_91' title="bbox 2476 4484 4077 4564">
     <span class='ocr_line' id='line_1_91' title="bbox 2476 4484 4077 4564; baseline -0.001 -19"><span class='ocrx_word' id='word_1_666' title='bbox 2476 4495 2609 4564; x_wconf 72' lang='grc' dir='ltr'>πρὸς</span> <span class='ocrx_word' id='word_1_667' title='bbox 2639 4494 2700 4545; x_wconf 73' lang='grc' dir='ltr'>τὸ</span> <span class='ocrx_word' id='word_1_668' title='bbox 2741 4495 2814 4563; x_wconf 81' lang='grc' dir='ltr'>μὴ</span> <span class='ocrx_word' id='word_1_669' title='bbox 2848 4494 2974 4555; x_wconf 77' lang='grc' dir='ltr'>τοὺς</span> <span class='ocrx_word' id='word_1_670' title='bbox 3009 4492 3207 4553; x_wconf 84' lang='grc' dir='ltr'>θεατὰς</span> <span class='ocrx_word' id='word_1_671' title='bbox 3235 4490 3331 4543; x_wconf 84' lang='grc' dir='ltr'>τοῦ</span> <span class='ocrx_word' id='word_1_672' title='bbox 3360 4484 3715 4559; x_wconf 77' lang='grc' dir='ltr'>ἱπποδρόμου</span> <span class='ocrx_word' id='word_1_673' title='bbox 3748 4490 4077 4562; x_wconf 78' lang='grc' dir='ltr'>χαλαρωτέ-</span> 
     </span>
    </p>
   </div>
   <div class='ocr_carea' id='block_1_92' title="bbox 774 4553 2355 4657">
    <p class='ocr_par' dir='ltr' id='par_1_92' title="bbox 774 4553 2355 4648">
     <span class='ocr_line' id='line_1_92' title="bbox 774 4553 2355 4648; baseline -0.001 -17"><span class='ocrx_word' id='word_1_674' title='bbox 774 4593 847 4632; x_wconf 79' lang='lat' dir='ltr'><strong>ne</strong></span> <span class='ocrx_word' id='word_1_675' title='bbox 868 4579 920 4632; x_wconf 86' lang='lat' dir='ltr'><strong>in</strong></span> <span class='ocrx_word' id='word_1_676' title='bbox 942 4588 1221 4647; x_wconf 84' lang='lat' dir='ltr'><strong>posterum</strong></span> <span class='ocrx_word' id='word_1_677' title='bbox 1237 4578 1511 4648; x_wconf 82' lang='lat' dir='ltr'><strong>ejusmodi</strong></span> <span class='ocrx_word' id='word_1_678' title='bbox 1536 4553 1689 4647; x_wconf 72' lang='lat' dir='ltr'><strong>ignes</strong></span> <span class='ocrx_word' id='word_1_679' title='bbox 1720 4577 2005 4631; x_wconf 86' lang='lat' dir='ltr'><strong>molestius</strong></span> <span class='ocrx_word' id='word_1_680' title='bbox 2026 4586 2355 4646; x_wconf 74' lang='lat' dir='ltr'><strong>spectatores</strong></span> 
     </span>
    </p>
   </div>
   <div class='ocr_carea' id='block_1_93' title="bbox 2461 4553 4078 4657">
    <p class='ocr_par' dir='ltr' id='par_1_93' title="bbox 2471 4553 4078 4657">
     <span class='ocr_line' id='line_1_93' title="bbox 2471 4553 4078 4657; baseline -0.001 -18"><span class='ocrx_word' id='word_1_681' title='bbox 2471 4553 2604 4657; x_wconf 59' lang='grc' dir='ltr'><strong>ρὲυζ</strong></span> <span class='ocrx_word' id='word_1_682' title='bbox 2628 4589 2694 4655; x_wconf 79' lang='grc' dir='ltr'>τῇ</span> <span class='ocrx_word' id='word_1_683' title='bbox 2730 4553 2920 4654; x_wconf 73' lang='grc' dir='ltr'>αὔριον</span> <span class='ocrx_word' id='word_1_684' title='bbox 2955 4553 3231 4652; x_wconf 80' lang='grc' dir='ltr'>γενέσθαι,</span> <span class='ocrx_word' id='word_1_685' title='bbox 3266 4553 3611 4652; x_wconf 30' lang='grc' dir='ltr'>προσέταξεν.</span> <span class='ocrx_word' id='word_1_686' title='bbox 3638 4553 3845 4653; x_wconf 64' lang='grc' dir='ltr'>μηκέτι</span> <span class='ocrx_word' id='word_1_687' title='bbox 3894 4553 4078 4637; x_wconf 70' lang='grc' dir='ltr'>τοιού-</span> 
     </span>
    </p>
   </div>
   <div class='ocr_carea' id='block_1_94' title="bbox 775 4668 2360 4739">
    <p class='ocr_par' dir='ltr' id='par_1_94' title="bbox 775 4668 2360 4739">
     <span class='ocr_line' id='line_1_94' title="bbox 775 4668 2360 4739; baseline -0.002 -14"><span class='ocrx_word' id='word_1_688' title='bbox 775 4670 1067 4734; x_wconf 81' lang='lat' dir='ltr'><strong>haberent,</strong></span> <span class='ocrx_word' id='word_1_689' title='bbox 1100 4686 1135 4725; x_wconf 89' lang='lat' dir='ltr'><strong>e</strong></span> <span class='ocrx_word' id='word_1_690' title='bbox 1166 4670 1365 4726; x_wconf 82' lang='lat' dir='ltr'><strong>vicinis</strong></span> <span class='ocrx_word' id='word_1_691' title='bbox 1389 4668 1514 4723; x_wconf 86' lang='lat' dir='ltr'><strong>urbi</strong></span> <span class='ocrx_word' id='word_1_692' title='bbox 1555 4671 1799 4739; x_wconf 81' lang='lat' dir='ltr'><strong>speculis</strong></span> <span class='ocrx_word' id='word_1_693' title='bbox 1829 4670 2095 4739; x_wconf 88' lang='lat' dir='ltr'><strong>deinceps</strong></span> <span class='ocrx_word' id='word_1_694' title='bbox 2131 4670 2360 4724; x_wconf 86' lang='lat' dir='ltr'><strong>accendi</strong></span> 
     </span>
    </p>
   </div>
   <div class='ocr_carea' id='block_1_95' title="bbox 776 4762 977 4816">
    <p class='ocr_par' dir='ltr' id='par_1_95' title="bbox 776 4762 977 4816">
     <span class='ocr_line' id='line_1_95' title="bbox 776 4762 977 4816; baseline -0.015 0"><span class='ocrx_word' id='word_1_695' title='bbox 776 4762 977 4816; x_wconf 74' lang='lat' dir='ltr'><strong>vetuit.</strong></span> 
     </span>
    </p>
   </div>
   <div class='ocr_carea' id='block_1_96' title="bbox 850 4852 2364 4925">
    <p class='ocr_par' dir='ltr' id='par_1_96' title="bbox 850 4852 2364 4925">
     <span class='ocr_line' id='line_1_96' title="bbox 850 4852 2364 4925; baseline 0.001 -17"><span class='ocrx_word' id='word_1_696' title='bbox 850 4854 939 4908; x_wconf 65' lang='grc' dir='ltr'><strong>ιγ.</strong></span> <span class='ocrx_word' id='word_1_697' title='bbox 986 4853 1128 4911; x_wconf 84' lang='lat' dir='ltr'><strong>Cum</strong></span> <span class='ocrx_word' id='word_1_698' title='bbox 1178 4854 1349 4925; x_wconf 83' lang='lat' dir='ltr'><strong>igitur</strong></span> <span class='ocrx_word' id='word_1_699' title='bbox 1407 4854 1709 4925; x_wconf 82' lang='lat' dir='ltr'><strong>imperator</strong></span> <span class='ocrx_word' id='word_1_700' title='bbox 1755 4852 2002 4923; x_wconf 85' lang='lat' dir='ltr'><strong>equestri</strong></span> <span class='ocrx_word' id='word_1_701' title='bbox 2062 4853 2364 4909; x_wconf 83' lang='lat' dir='ltr'><strong>certamine</strong></span> 
     </span>
    </p>
   </div>
   <div class='ocr_carea' id='block_1_97' title="bbox 778 4944 2362 5015">
    <p class='ocr_par' dir='ltr' id='par_1_97' title="bbox 778 4944 2362 5015">
     <span class='ocr_line' id='line_1_97' title="bbox 778 4944 2362 5015; baseline 0.001 -17"><span class='ocrx_word' id='word_1_702' title='bbox 778 4945 957 4999; x_wconf 81' lang='lat' dir='ltr'><strong>victor</strong></span> <span class='ocrx_word' id='word_1_703' title='bbox 1000 4961 1108 5001; x_wconf 85' lang='lat' dir='ltr'><strong>una</strong></span> <span class='ocrx_word' id='word_1_704' title='bbox 1140 4944 1256 5015; x_wconf 82' lang='lat' dir='ltr'><strong>ipse</strong></span> <span class='ocrx_word' id='word_1_705' title='bbox 1279 4960 1405 5000; x_wconf 90' lang='lat' dir='ltr'><strong>cum</strong></span> <span class='ocrx_word' id='word_1_706' title='bbox 1446 4945 1649 5000; x_wconf 86' lang='lat' dir='ltr'><strong>Basilio</strong></span> <span class='ocrx_word' id='word_1_707' title='bbox 1686 4954 1743 5000; x_wconf 89' lang='lat' dir='ltr'><strong>et</strong></span> <span class='ocrx_word' id='word_1_708' title='bbox 1778 4944 2021 5000; x_wconf 87' lang='lat' dir='ltr'><strong>Eudocia</strong></span> <span class='ocrx_word' id='word_1_709' title='bbox 2054 4944 2121 4999; x_wconf 91' lang='lat' dir='ltr'><strong>ad</strong></span> <span class='ocrx_word' id='word_1_710' title='bbox 2149 4962 2362 5000; x_wconf 62' lang='lat' dir='ltr'><strong>cenam</strong></span> 
     </span>
    </p>
   </div>
   <div class='ocr_carea' id='block_1_98' title="bbox 780 5038 2363 5109">
    <p class='ocr_par' dir='ltr' id='par_1_98' title="bbox 780 5038 2363 5109">
     <span class='ocr_line' id='line_1_98' title="bbox 780 5038 2363 5109; baseline -0.001 -14"><span class='ocrx_word' id='word_1_711' title='bbox 780 5038 1021 5103; x_wconf 83' lang='lat' dir='ltr'><strong>sederet,</strong></span> <span class='ocrx_word' id='word_1_712' title='bbox 1057 5039 1447 5095; x_wconf 82' lang='lat' dir='ltr'><strong>Basiliscianus</strong></span> <span class='ocrx_word' id='word_1_713' title='bbox 1490 5039 1757 5109; x_wconf 87' lang='lat' dir='ltr'><strong>patricius</strong></span> <span class='ocrx_word' id='word_1_714' title='bbox 1807 5039 2198 5108; x_wconf 88' lang='lat' dir='ltr'><strong>imperatorem</strong></span> <span class='ocrx_word' id='word_1_715' title='bbox 2244 5040 2363 5093; x_wconf 91' lang='lat' dir='ltr'><strong>lau-</strong></span> 
     </span>
    </p>
   </div>
   <div class='ocr_carea' id='block_1_99' title="bbox 778 5133 2367 5202">
    <p class='ocr_par' dir='ltr' id='par_1_99' title="bbox 778 5133 2367 5202">
     <span class='ocr_line' id='line_1_99' title="bbox 778 5133 2367 5202; baseline 0 -15"><span class='ocrx_word' id='word_1_716' title='bbox 778 5133 951 5189; x_wconf 86' lang='lat' dir='ltr'><strong>dabat</strong></span> <span class='ocrx_word' id='word_1_717' title='bbox 983 5133 1158 5202; x_wconf 91' lang='lat' dir='ltr'><strong>utqui</strong></span> <span class='ocrx_word' id='word_1_718' title='bbox 1188 5133 1323 5187; x_wconf 87' lang='lat' dir='ltr'><strong>scite</strong></span> <span class='ocrx_word' id='word_1_719' title='bbox 1353 5149 1418 5187; x_wconf 83' lang='lat' dir='ltr'><strong>ac</strong></span> <span class='ocrx_word' id='word_1_720' title='bbox 1438 5133 1677 5187; x_wconf 84' lang='lat' dir='ltr'><strong>solerter</strong></span> <span class='ocrx_word' id='word_1_721' title='bbox 1706 5148 1930 5187; x_wconf 89' lang='lat' dir='ltr'><strong>currum</strong></span> <span class='ocrx_word' id='word_1_722' title='bbox 1956 5133 2208 5187; x_wconf 81' lang='lat' dir='ltr'><strong>rexisset.</strong></span> <span class='ocrx_word' id='word_1_723' title='bbox 2244 5133 2367 5187; x_wconf 80' lang='lat' dir='ltr'><strong>Mox</strong></span> 
     </span>
    </p>
   </div>
   <div class='ocr_carea' id='block_1_100' title="bbox 780 5224 2367 5296">
    <p class='ocr_par' dir='ltr' id='par_1_100' title="bbox 780 5224 2367 5296">
     <span class='ocr_line' id='line_1_100' title="bbox 780 5224 2367 5296; baseline 0.003 -19"><span class='ocrx_word' id='word_1_724' title='bbox 780 5225 949 5295; x_wconf 90' lang='lat' dir='ltr'><strong>igitur</strong></span> <span class='ocrx_word' id='word_1_725' title='bbox 984 5224 1145 5295; x_wconf 82' lang='lat' dir='ltr'><strong>jubet</strong></span> <span class='ocrx_word' id='word_1_726' title='bbox 1175 5225 1475 5295; x_wconf 81' lang='lat' dir='ltr'><strong>imperator</strong></span> <span class='ocrx_word' id='word_1_727' title='bbox 1506 5241 1634 5281; x_wconf 90' lang='lat' dir='ltr'><strong>eum</strong></span> <span class='ocrx_word' id='word_1_728' title='bbox 1669 5240 1897 5295; x_wconf 84' lang='lat' dir='ltr'><strong>surgere</strong></span> <span class='ocrx_word' id='word_1_729' title='bbox 1922 5265 1937 5290; x_wconf 95' lang='lat'><strong>,</strong></span> <span class='ocrx_word' id='word_1_730' title='bbox 1990 5224 2367 5296; x_wconf 89' lang='lat' dir='ltr'><strong>detractisque</strong></span> 
     </span>
    </p>
   </div>
   <div class='ocr_carea' id='block_1_101' title="bbox 776 5318 2370 5390">
    <p class='ocr_par' dir='ltr' id='par_1_101' title="bbox 776 5318 2370 5390">
     <span class='ocr_line' id='line_1_101' title="bbox 776 5318 2370 5390; baseline 0.003 -19"><span class='ocrx_word' id='word_1_731' title='bbox 776 5318 900 5387; x_wconf 86' lang='lat' dir='ltr'><strong>ejus</strong></span> <span class='ocrx_word' id='word_1_732' title='bbox 928 5318 1117 5372; x_wconf 83' lang='lat' dir='ltr'><strong>rubeis</strong></span> <span class='ocrx_word' id='word_1_733' title='bbox 1155 5319 1357 5374; x_wconf 86' lang='lat' dir='ltr'><strong>calceis</strong></span> <span class='ocrx_word' id='word_1_734' title='bbox 1384 5319 1492 5373; x_wconf 84' lang='lat' dir='ltr'><strong>sibi</strong></span> <span class='ocrx_word' id='word_1_735' title='bbox 1525 5334 1624 5374; x_wconf 85' lang='lat' dir='ltr'><strong>eos</strong></span> <span class='ocrx_word' id='word_1_736' title='bbox 1665 5318 1922 5373; x_wconf 79' lang='lat' dir='ltr'><strong>induere.</strong></span> <span class='ocrx_word' id='word_1_737' title='bbox 1954 5320 2118 5390; x_wconf 73' lang='lat'><strong>683</strong></span> <span class='ocrx_word' id='word_1_738' title='bbox 2148 5321 2370 5375; x_wconf 86' lang='lat' dir='ltr'><strong>Renue-</strong></span> 
     </span>
    </p>
   </div>
   <div class='ocr_carea' id='block_1_102' title="bbox 780 5409 2367 5482">
    <p class='ocr_par' dir='ltr' id='par_1_102' title="bbox 780 5409 2367 5482">
     <span class='ocr_line' id='line_1_102' title="bbox 780 5409 2367 5482; baseline 0.003 -19"><span class='ocrx_word' id='word_1_739' title='bbox 780 5409 876 5464; x_wconf 89' lang='lat' dir='ltr'><strong>bat</strong></span> <span class='ocrx_word' id='word_1_740' title='bbox 931 5410 1023 5465; x_wconf 86' lang='lat' dir='ltr'><strong>ille</strong></span> <span class='ocrx_word' id='word_1_741' title='bbox 1053 5411 1321 5482; x_wconf 85' lang='lat' dir='ltr'><strong>conjectis</strong></span> <span class='ocrx_word' id='word_1_742' title='bbox 1354 5412 1409 5465; x_wconf 88' lang='lat' dir='ltr'><strong>in</strong></span> <span class='ocrx_word' id='word_1_743' title='bbox 1452 5411 1715 5466; x_wconf 86' lang='lat' dir='ltr'><strong>Basilium</strong></span> <span class='ocrx_word' id='word_1_744' title='bbox 1746 5412 1944 5466; x_wconf 91' lang='lat' dir='ltr'><strong>oculis.</strong></span> <span class='ocrx_word' id='word_1_745' title='bbox 1993 5412 2150 5478; x_wconf 82' lang='lat' dir='ltr'><strong>Quod</strong></span> <span class='ocrx_word' id='word_1_746' title='bbox 2185 5422 2367 5468; x_wconf 88' lang='lat' dir='ltr'><strong>tamen</strong></span> 
     </span>
    </p>
   </div>
   <div class='ocr_carea' id='block_1_103' title="bbox 783 5503 2363 5574">
    <p class='ocr_par' dir='ltr' id='par_1_103' title="bbox 783 5503 2363 5574">
     <span class='ocr_line' id='line_1_103' title="bbox 783 5503 2363 5574; baseline 0.002 -18"><span class='ocrx_word' id='word_1_747' title='bbox 783 5503 1087 5572; x_wconf 82' lang='lat' dir='ltr'><strong>imperator</strong></span> <span class='ocrx_word' id='word_1_748' title='bbox 1107 5503 1188 5557; x_wconf 87' lang='lat' dir='ltr'><strong>ira</strong></span> <span class='ocrx_word' id='word_1_749' title='bbox 1217 5504 1465 5573; x_wconf 84' lang='lat' dir='ltr'><strong>percitus</strong></span> <span class='ocrx_word' id='word_1_750' title='bbox 1490 5504 1751 5573; x_wconf 77' lang='lat' dir='ltr'><strong>iusserat,</strong></span> <span class='ocrx_word' id='word_1_751' title='bbox 1782 5506 2086 5574; x_wconf 87' lang='lat' dir='ltr'><strong>annuitque</strong></span> <span class='ocrx_word' id='word_1_752' title='bbox 2107 5505 2363 5567; x_wconf 85' lang='lat' dir='ltr'><strong>Basilius,</strong></span> 
     </span>
    </p>
   </div>
   <div class='ocr_carea' id='block_1_104' title="bbox 782 5596 2365 5669">
    <p class='ocr_par' dir='ltr' id='par_1_104' title="bbox 782 5596 2365 5669">
     <span class='ocr_line' id='line_1_104' title="bbox 782 5596 2365 5669; baseline 0.001 -18"><span class='ocrx_word' id='word_1_753' title='bbox 782 5596 1170 5667; x_wconf 86' lang='lat' dir='ltr'><strong>imperatorias</strong></span> <span class='ocrx_word' id='word_1_754' title='bbox 1194 5612 1388 5652; x_wconf 88' lang='lat' dir='ltr'><strong>ocreas</strong></span> <span class='ocrx_word' id='word_1_755' title='bbox 1403 5597 1509 5652; x_wconf 89' lang='lat' dir='ltr'><strong>sibi</strong></span> <span class='ocrx_word' id='word_1_756' title='bbox 1536 5598 1819 5668; x_wconf 92' lang='lat' dir='ltr'><strong>imposuit.</strong></span> <span class='ocrx_word' id='word_1_757' title='bbox 1839 5600 2040 5667; x_wconf 77' lang='lat' dir='ltr'><strong>Aitque</strong></span> <span class='ocrx_word' id='word_1_758' title='bbox 2064 5599 2365 5669; x_wconf 85' lang='lat' dir='ltr'><strong>imperator</strong></span> 
     </span>
    </p>
   </div>
   <div class='ocr_carea' id='block_1_105' title="bbox 781 5688 2366 5760">
    <p class='ocr_par' dir='ltr' id='par_1_105' title="bbox 781 5688 2366 5760">
     <span class='ocr_line' id='line_1_105' title="bbox 781 5688 2366 5760; baseline 0.003 -17"><span class='ocrx_word' id='word_1_759' title='bbox 781 5688 1004 5757; x_wconf 85' lang='lat' dir='ltr'><strong>Basilio,</strong></span> <span class='ocrx_word' id='word_1_760' title='bbox 1034 5690 1206 5746; x_wconf 90' lang='lat' dir='ltr'><strong>Deum</strong></span> <span class='ocrx_word' id='word_1_761' title='bbox 1251 5690 1557 5757; x_wconf 86' lang='lat' dir='ltr'><strong>obtestans,</strong></span> <span class='ocrx_word' id='word_1_762' title='bbox 1596 5691 1766 5760; x_wconf 76' lang='lat' dir='ltr'><strong>Magis</strong></span> <span class='ocrx_word' id='word_1_763' title='bbox 1799 5692 1880 5746; x_wconf 70' lang='lat' dir='ltr'><strong>iui</strong></span> <span class='ocrx_word' id='word_1_764' title='bbox 1911 5695 2247 5748; x_wconf 77' lang='lat' dir='ltr'><strong>conveniunt.</strong></span> <span class='ocrx_word' id='word_1_765' title='bbox 2286 5694 2366 5749; x_wconf 80' lang='lat' dir='ltr'><strong>An</strong></span> 
     </span>
    </p>
   </div>
   <div class='ocr_carea' id='block_1_106' title="bbox 2467 4678 3131 4747">
    <p class='ocr_par' dir='ltr' id='par_1_106' title="bbox 2467 4678 3131 4747">
     <span class='ocr_line' id='line_1_106' title="bbox 2467 4678 3131 4747; baseline -0.005 -15"><span class='ocrx_word' id='word_1_766' title='bbox 2467 4699 2495 4732; x_wconf 86' lang='grc' dir='ltr'><strong>τ</strong></span> <span class='ocrx_word' id='word_1_767' title='bbox 2514 4698 2589 4741; x_wconf 79' lang='grc' dir='ltr'>,υς</span> <span class='ocrx_word' id='word_1_768' title='bbox 2625 4678 2827 4747; x_wconf 67' lang='grc' dir='ltr'>φανοὺς</span> <span class='ocrx_word' id='word_1_769' title='bbox 2861 4679 2945 4728; x_wconf 76' lang='grc' dir='ltr'><strong>ὲνε</strong></span> <span class='ocrx_word' id='word_1_770' title='bbox 2957 4678 3131 4746; x_wconf 86' lang='grc' dir='ltr'>ργείν.</span> 
     </span>
    </p>
   </div>
   <div class='ocr_carea' id='block_1_107' title="bbox 2541 4852 4076 4928">
    <p class='ocr_par' dir='ltr' id='par_1_107' title="bbox 2541 4852 4076 4928">
     <span class='ocr_line' id='line_1_107' title="bbox 2541 4852 4076 4928; baseline -0.005 -16"><span class='ocrx_word' id='word_1_771' title='bbox 2541 4856 2647 4928; x_wconf 64' lang='grc' dir='ltr'>μζῖ</span> <span class='ocrx_word' id='word_1_772' title='bbox 2691 4858 2781 4921; x_wconf 86' lang='grc' dir='ltr'>Ὠς</span> <span class='ocrx_word' id='word_1_773' title='bbox 2825 4856 2923 4910; x_wconf 75' lang='grc' dir='ltr'>οὖν</span> <span class='ocrx_word' id='word_1_774' title='bbox 2976 4856 3217 4927; x_wconf 71' lang='grc' dir='ltr'>εἴρηται,</span> <span class='ocrx_word' id='word_1_775' title='bbox 3269 4856 3595 4926; x_wconf 79' lang='grc' dir='ltr'>νικήσαντος</span> <span class='ocrx_word' id='word_1_776' title='bbox 3648 4852 3744 4907; x_wconf 79' lang='grc' dir='ltr'>τοῦ</span> <span class='ocrx_word' id='word_1_777' title='bbox 3787 4854 4076 4924; x_wconf 77' lang='grc' dir='ltr'>βασιλέως</span> 
     </span>
    </p>
   </div>
   <div class='ocr_carea' id='block_1_108' title="bbox 2468 4948 4077 5020">
    <p class='ocr_par' dir='ltr' id='par_1_108' title="bbox 2468 4948 4077 5020">
     <span class='ocr_line' id='line_1_108' title="bbox 2468 4948 4077 5020; baseline -0.002 -16"><span class='ocrx_word' id='word_1_778' title='bbox 2468 4952 2563 5004; x_wconf 75' lang='grc' dir='ltr'><strong>ἐπὶ</strong></span> <span class='ocrx_word' id='word_1_779' title='bbox 2595 4952 2812 5004; x_wconf 86' lang='grc' dir='ltr'>δεῖπνον</span> <span class='ocrx_word' id='word_1_780' title='bbox 2844 4948 3086 5020; x_wconf 87' lang='grc' dir='ltr'>καοέστη</span> <span class='ocrx_word' id='word_1_781' title='bbox 3140 4948 3259 5017; x_wconf 76' lang='grc' dir='ltr'><strong>ἅμα</strong></span> <span class='ocrx_word' id='word_1_782' title='bbox 3318 4948 3589 5018; x_wconf 79' lang='grc' dir='ltr'>Βασιλείῳ</span> <span class='ocrx_word' id='word_1_783' title='bbox 3652 4948 3750 5001; x_wconf 58' lang='grc' dir='ltr'><strong>καὶ⁵</strong></span> <span class='ocrx_word' id='word_1_784' title='bbox 3802 4948 4077 5019; x_wconf 67' lang='grc' dir='ltr'><strong>Εὺδοκίᾳ,</strong></span> 
     </span>
    </p>
   </div>
   <div class='ocr_carea' id='block_1_109' title="bbox 2476 5038 4079 5112">
    <p class='ocr_par' dir='ltr' id='par_1_109' title="bbox 2476 5038 4079 5112">
     <span class='ocr_line' id='line_1_109' title="bbox 2476 5038 4079 5112; baseline -0.002 -15"><span class='ocrx_word' id='word_1_785' title='bbox 2476 5042 2887 5105; x_wconf 78' lang='grc' dir='ltr'>Βασιλισκιανὺς</span> <span class='ocrx_word' id='word_1_786' title='bbox 2947 5044 2975 5094; x_wconf 88' lang='grc' dir='ltr'>ὁ</span> <span class='ocrx_word' id='word_1_787' title='bbox 3024 5040 3317 5112; x_wconf 80' lang='grc' dir='ltr'>πατρίκιος</span> <span class='ocrx_word' id='word_1_788' title='bbox 3374 5041 3567 5111; x_wconf 71' lang='grc' dir='ltr'>ἐπῄνει</span> <span class='ocrx_word' id='word_1_789' title='bbox 3595 5039 3688 5093; x_wconf 74' lang='grc' dir='ltr'>τὸν</span> <span class='ocrx_word' id='word_1_790' title='bbox 3722 5038 3963 5109; x_wconf 81' lang='grc' dir='ltr'>βασιλέα</span> <span class='ocrx_word' id='word_1_791' title='bbox 3999 5041 4079 5102; x_wconf 80' lang='grc' dir='ltr'>ὡς</span> 
     </span>
    </p>
   </div>
   <div class='ocr_carea' id='block_1_110' title="bbox 2473 5128 4079 5205">
    <p class='ocr_par' dir='ltr' id='par_1_110' title="bbox 2473 5128 4079 5205">
     <span class='ocr_line' id='line_1_110' title="bbox 2473 5128 4079 5205; baseline -0.003 -14"><span class='ocrx_word' id='word_1_792' title='bbox 2473 5136 2692 5205; x_wconf 75' lang='grc' dir='ltr'>εὐφυῶς</span> <span class='ocrx_word' id='word_1_793' title='bbox 2725 5136 2998 5188; x_wconf 70' lang='grc' dir='ltr'>ἐλάσαντα</span> <span class='ocrx_word' id='word_1_794' title='bbox 3054 5136 3138 5197; x_wconf 82' lang='grc' dir='ltr'><strong>εἰς</strong></span> <span class='ocrx_word' id='word_1_795' title='bbox 3182 5134 3245 5186; x_wconf 82' lang='grc' dir='ltr'>τὸ</span> <span class='ocrx_word' id='word_1_796' title='bbox 3294 5133 3469 5204; x_wconf 78' lang='grc' dir='ltr'>ἅρμα.</span> <span class='ocrx_word' id='word_1_797' title='bbox 3502 5132 3684 5195; x_wconf 80' lang='grc' dir='ltr'>Εὐθὺς</span> <span class='ocrx_word' id='word_1_798' title='bbox 3723 5128 3819 5187; x_wconf 80' lang='grc' dir='ltr'><strong>οὖν</strong></span> <span class='ocrx_word' id='word_1_799' title='bbox 3853 5134 4079 5187; x_wconf 72' lang='grc' dir='ltr'>κελεύει</span> 
     </span>
    </p>
   </div>
   <div class='ocr_carea' id='block_1_111' title="bbox 2474 5224 4079 5297">
    <p class='ocr_par' dir='ltr' id='par_1_111' title="bbox 2474 5224 4079 5297">
     <span class='ocr_line' id='line_1_111' title="bbox 2474 5224 4079 5297; baseline -0.001 -15"><span class='ocrx_word' id='word_1_800' title='bbox 2474 5229 2663 5283; x_wconf 78' lang='grc' dir='ltr'>τοῦτον</span> <span class='ocrx_word' id='word_1_801' title='bbox 2702 5230 2730 5281; x_wconf 92' lang='lat'><strong>6</strong></span> <span class='ocrx_word' id='word_1_802' title='bbox 2771 5226 3025 5297; x_wconf 73' lang='grc' dir='ltr'>βασιλεὺς</span> <span class='ocrx_word' id='word_1_803' title='bbox 3074 5228 3397 5297; x_wconf 77' lang='grc' dir='ltr'>ἀναστῆναι,</span> <span class='ocrx_word' id='word_1_804' title='bbox 3448 5225 3519 5279; x_wconf 78' lang='grc' dir='ltr'><strong>τά</strong></span> <span class='ocrx_word' id='word_1_805' title='bbox 3546 5224 3783 5294; x_wconf 78' lang='grc' dir='ltr'>τζάγγια</span> <span class='ocrx_word' id='word_1_806' title='bbox 3810 5226 3872 5279; x_wconf 81' lang='grc' dir='ltr'><strong>δὲ</strong></span> <span class='ocrx_word' id='word_1_807' title='bbox 3900 5228 4079 5281; x_wconf 71' lang='grc' dir='ltr'>αὐτοῦ</span> 
     </span>
    </p>
   </div>
   <div class='ocr_carea' id='block_1_112' title="bbox 2477 5320 4081 5391">
    <p class='ocr_par' dir='ltr' id='par_1_112' title="bbox 2477 5320 4081 5391">
     <span class='ocr_line' id='line_1_112' title="bbox 2477 5320 4081 5391; baseline -0.001 -15"><span class='ocrx_word' id='word_1_808' title='bbox 2477 5323 2639 5391; x_wconf 84' lang='grc' dir='ltr'>σῦραι</span> <span class='ocrx_word' id='word_1_809' title='bbox 2685 5324 2781 5375; x_wconf 72' lang='grc' dir='ltr'>καὶ</span> <span class='ocrx_word' id='word_1_810' title='bbox 2830 5320 3009 5391; x_wconf 78' lang='grc' dir='ltr'>ἑαυτῷ</span> <span class='ocrx_word' id='word_1_811' title='bbox 3033 5321 3302 5390; x_wconf 82' lang='grc' dir='ltr'>ὐποδῆσαι</span> <span class='ocrx_word' id='word_1_812' title='bbox 3335 5320 3401 5373; x_wconf 87' lang='grc'><strong>⁸³.</strong></span> <span class='ocrx_word' id='word_1_813' title='bbox 3434 5320 3544 5373; x_wconf 75' lang='grc' dir='ltr'>Τοῦ</span> <span class='ocrx_word' id='word_1_814' title='bbox 3597 5321 3656 5373; x_wconf 80' lang='grc' dir='ltr'><strong>δὲ</strong></span> <span class='ocrx_word' id='word_1_815' title='bbox 3697 5321 4081 5382; x_wconf 79' lang='grc' dir='ltr'>ἀνανεύοντος</span> 
     </span>
    </p>
   </div>
   <div class='ocr_carea' id='block_1_113' title="bbox 2477 5410 4081 5485">
    <p class='ocr_par' dir='ltr' id='par_1_113' title="bbox 2477 5410 4081 5485">
     <span class='ocr_line' id='line_1_113' title="bbox 2477 5410 4081 5485; baseline -0.004 -15"><span class='ocrx_word' id='word_1_816' title='bbox 2477 5418 2569 5470; x_wconf 75' lang='grc' dir='ltr'>καὶ</span> <span class='ocrx_word' id='word_1_817' title='bbox 2598 5414 2734 5485; x_wconf 76' lang='grc' dir='ltr'>πρὸς</span> <span class='ocrx_word' id='word_1_818' title='bbox 2760 5414 3044 5467; x_wconf 85' lang='grc' dir='ltr'>Βασίλειον</span> <span class='ocrx_word' id='word_1_819' title='bbox 3071 5413 3386 5482; x_wconf 80' lang='grc' dir='ltr'>βλέποντος,</span> <span class='ocrx_word' id='word_1_820' title='bbox 3418 5412 3542 5465; x_wconf 72' lang='grc' dir='ltr'>ἐπεὶ</span> <span class='ocrx_word' id='word_1_821' title='bbox 3569 5414 3598 5464; x_wconf 85' lang='grc' dir='ltr'>ὁ</span> <span class='ocrx_word' id='word_1_822' title='bbox 3628 5410 3893 5482; x_wconf 80' lang='grc' dir='ltr'>βασιλεὺς</span> <span class='ocrx_word' id='word_1_823' title='bbox 3930 5413 4081 5485; x_wconf 77' lang='grc' dir='ltr'><strong>μετά</strong></span> 
     </span>
    </p>
   </div>
   <div class='ocr_carea' id='block_1_114' title="bbox 2475 5505 4081 5579">
    <p class='ocr_par' dir='ltr' id='par_1_114' title="bbox 2475 5505 4081 5579">
     <span class='ocr_line' id='line_1_114' title="bbox 2475 5505 4081 5579; baseline -0.001 -18"><span class='ocrx_word' id='word_1_824' title='bbox 2475 5508 2650 5578; x_wconf 83' lang='grc' dir='ltr'>θυμοῦ</span> <span class='ocrx_word' id='word_1_825' title='bbox 2704 5505 3043 5579; x_wconf 78' lang='grc' dir='ltr'>προσέταξεν</span> <span class='ocrx_word' id='word_1_826' title='bbox 3081 5506 3176 5559; x_wconf 75' lang='grc' dir='ltr'>καὶ</span> <span class='ocrx_word' id='word_1_827' title='bbox 3213 5507 3241 5558; x_wconf 88' lang='grc' dir='ltr'>ὁ</span> <span class='ocrx_word' id='word_1_828' title='bbox 3292 5505 3573 5569; x_wconf 84' lang='grc' dir='ltr'>Βασίλειος</span> <span class='ocrx_word' id='word_1_829' title='bbox 3606 5505 3933 5570; x_wconf 77' lang='grc' dir='ltr'>ἐπένευσεν,</span> <span class='ocrx_word' id='word_1_830' title='bbox 3971 5507 4081 5560; x_wconf 77' lang='grc' dir='ltr'><strong>ὑπ-</strong></span> 
     </span>
    </p>
   </div>
   <div class='ocr_carea' id='block_1_115' title="bbox 2474 5583 4079 5671">
    <p class='ocr_par' dir='ltr' id='par_1_115' title="bbox 2474 5583 4079 5671">
     <span class='ocr_line' id='line_1_115' title="bbox 2474 5583 4079 5671; baseline -0.001 -16"><span class='ocrx_word' id='word_1_831' title='bbox 2474 5601 2663 5671; x_wconf 82' lang='grc' dir='ltr'>έδησεν</span> <span class='ocrx_word' id='word_1_832' title='bbox 2695 5599 2741 5630; x_wconf 69' lang='grc'>⁸⁸</span> <span class='ocrx_word' id='word_1_833' title='bbox 2782 5599 2849 5653; x_wconf 81' lang='grc' dir='ltr'>τὰ</span> <span class='ocrx_word' id='word_1_834' title='bbox 2874 5583 3035 5654; x_wconf 78' lang='grc' dir='ltr'>αὑτά.</span> <span class='ocrx_word' id='word_1_835' title='bbox 3069 5599 3182 5653; x_wconf 80' lang='grc' dir='ltr'><strong>Καὶ</strong></span> <span class='ocrx_word' id='word_1_836' title='bbox 3216 5598 3366 5667; x_wconf 82' lang='grc' dir='ltr'>λέγει</span> <span class='ocrx_word' id='word_1_837' title='bbox 3390 5600 3418 5652; x_wconf 90' lang='grc' dir='ltr'>ὁ</span> <span class='ocrx_word' id='word_1_838' title='bbox 3453 5598 3710 5669; x_wconf 86' lang='grc' dir='ltr'>βασιλεὺς</span> <span class='ocrx_word' id='word_1_839' title='bbox 3745 5599 3877 5669; x_wconf 77' lang='grc' dir='ltr'>μεθ’</span> <span class='ocrx_word' id='word_1_840' title='bbox 3902 5600 4079 5671; x_wconf 82' lang='grc' dir='ltr'>ὅρκον</span> 
     </span>
    </p>
   </div>
   <div class='ocr_carea' id='block_1_116' title="bbox 2476 5691 4081 5763">
    <p class='ocr_par' dir='ltr' id='par_1_116' title="bbox 2476 5691 4081 5763">
     <span class='ocr_line' id='line_1_116' title="bbox 2476 5691 4081 5763; baseline -0.001 -17"><span class='ocrx_word' id='word_1_841' title='bbox 2476 5694 2613 5763; x_wconf 76' lang='grc' dir='ltr'>πρὸς</span> <span class='ocrx_word' id='word_1_842' title='bbox 2665 5691 2967 5745; x_wconf 78' lang='grc' dir='ltr'>Βασίλειον·</span> <span class='ocrx_word' id='word_1_843' title='bbox 3028 5692 3297 5747; x_wconf 58' lang='grc' dir='ltr'>Κάλλιον</span> <span class='ocrx_word' id='word_1_844' title='bbox 3357 5692 3519 5759; x_wconf 79' lang='grc' dir='ltr'>αὐτῷ</span> <span class='ocrx_word' id='word_1_845' title='bbox 3552 5692 3928 5759; x_wconf 73' lang='grc' dir='ltr'>πρέπουσιν.</span> <span class='ocrx_word' id='word_1_846' title='bbox 3964 5695 4081 5747; x_wconf 75' lang='lat' dir='ltr'><strong>Kal</strong></span> 
     </span>
    </p>
   </div>
   <div class='ocr_carea' id='block_1_117' title="bbox 2078 5790 2745 5847">
    <p class='ocr_par' dir='ltr' id='par_1_117' title="bbox 2078 5790 2745 5847">
     <span class='ocr_line' id='line_1_117' title="bbox 2078 5790 2745 5847; baseline 0.003 -4"><span class='ocrx_word' id='word_1_847' title='bbox 2078 5791 2312 5846; x_wconf 61' lang='grc' dir='ltr'><strong>ΥΛΙΗᾸΞ</strong></span> <span class='ocrx_word' id='word_1_848' title='bbox 2342 5790 2745 5847; x_wconf 69' lang='lat' dir='ltr'><strong>LECTIONES.</strong></span> 
     </span>
    </p>
   </div>
   <div class='ocr_carea' id='block_1_118' title="bbox 850 5879 2205 5957">
    <p class='ocr_par' dir='ltr' id='par_1_118' title="bbox 850 5879 2205 5957">
     <span class='ocr_line' id='line_1_118' title="bbox 850 5879 2205 5957; baseline 0.003 -24"><span class='ocrx_word' id='word_1_849' title='bbox 850 5879 899 5911; x_wconf 83' lang='grc'><strong>⁶²</strong></span> <span class='ocrx_word' id='word_1_850' title='bbox 926 5879 1150 5949; x_wconf 74' lang='grc' dir='ltr'>Ἰσαμον</span> <span class='ocrx_word' id='word_1_851' title='bbox 1184 5896 1369 5950; x_wconf 80' lang='lat' dir='ltr'><strong>margo</strong></span> <span class='ocrx_word' id='word_1_852' title='bbox 1394 5881 1452 5935; x_wconf 79' lang='lat' dir='ltr'><strong>l’.</strong></span> <span class='ocrx_word' id='word_1_853' title='bbox 1528 5882 1571 5912; x_wconf 76' lang='grc'><strong>⁸³</strong></span> <span class='ocrx_word' id='word_1_854' title='bbox 1597 5883 1970 5954; x_wconf 73' lang='grc' dir='ltr'>ὑποδήσασθαι</span> <span class='ocrx_word' id='word_1_855' title='bbox 2006 5886 2205 5957; x_wconf 76' lang='lat' dir='ltr'><strong>Georg.</strong></span> 
     </span>
    </p>
   </div>
   <div class='ocr_carea' id='block_1_119' title="bbox 2284 5884 2879 5954">
    <p class='ocr_par' dir='ltr' id='par_1_119' title="bbox 2284 5884 2879 5954">
     <span class='ocr_line' id='line_1_119' title="bbox 2284 5884 2879 5954; baseline -0.002 -17"><span class='ocrx_word' id='word_1_856' title='bbox 2284 5885 2329 5916; x_wconf 77' lang='lat'><strong>“</strong></span> <span class='ocrx_word' id='word_1_857' title='bbox 2371 5885 2681 5954; x_wconf 73' lang='grc' dir='ltr'>ὑπεδήσατο</span> <span class='ocrx_word' id='word_1_858' title='bbox 2715 5884 2879 5939; x_wconf 87' lang='lat' dir='ltr'><strong>Idem.</strong></span> 
     </span>
    </p>
   </div>
  </div>
