4174 6442
711 371 815 440 ’151

1949 366 2329 427 SYMEONIS
2368 364 2733 424 MAGISTRI

3859 368 3975 432 752

718 489 1032 552 pertexens,
1067 477 1222 547 quasi
1248 493 1276 529 a
1307 475 1563 530 Teridate
1598 490 1808 544 magum
1841 476 2112 527 Armenia:
2142 475 2289 542 prin-

2412 474 2612 532 ιίλειον,
2649 473 2722 536 ὡς
2755 472 2863 524 ἀπὸ
2919 471 3220 540 ἰ’τιριδάτου
3255 471 3350 540 τῆς
3384 473 3627 542 μεγάλης
3679 477 3978 544 Ἀρμενιατ

717 576 837 641 cipe
874 576 918 623 is
958 568 1225 638 originem
1261 568 1525 630 traheret,
1559 566 1758 620 librum
1807 566 1861 619 in
1894 566 2040 635 regia
2090 564 2289 618 biblio-

721 665 876 715 theca
909 659 1100 729 reponi
1131 669 1311 723 curat,
1345 657 1699 726 TheOpbanis
1723 664 2089 725 cognomento
2115 655 2288 725 Spbe-

721 754 1056 808 nodaamonis
1078 768 1264 822 opera,
1293 762 1420 805 tunc
1449 749 1673 819 palatini
1703 749 1908 813 clerici,
1943 749 2043 802 viri
2073 747 2289 817 sapien-

719 849 806 900 tiae
839 862 903 902 ac
932 845 1264 900 eruditionis
1292 842 1512 897 nomine
1544 842 1746 896 Basilio
1777 843 1948 896 chari.
2007 839 2292 908 Exeerptis

718 954 955 1008 namque
973 937 1272 990 initialibus
1285 934 1572 987 nominum
1594 933 1792 986 litteris
1809 932 1862 986 in
1881 933 2026 985 hunc
2046 931 2288 992 modum,

723 1029 904 1083 Basilii
939 1027 1199 1082 Eudociae
1226 1026 1574 1082 Constantini
1611 1025 1812 1079 Leonis
1844 1024 2137 1077 Alexandri
2172 1024 2292 1077 Ste-

718 1120 908 1188 phani,
957 1134 1023 1173 ex
1059 1119 1261 1188 quibus
1295 1118 1527 1188 legendo
1580 1131 1683 1170 vox
1719 1115 1909 1170 Beelas
1959 1115 2289 1179 coniicitur;

721 1211 1013 1280 Basiliique
1036 1226 1067 1264 a
1098 1210 1371 1279 principio
1395 1208 1768 1279 genealogiam
1796 1207 2013 1270 doctus,
2042 1207 2158 1260 sive
2207 1220 2292 1260 re-

719 1304 959 1372 gionem,
999 1303 1113 1356 sive
1141 1317 1227 1356 res
1256 1302 1333 1354 illi
1369 1309 1552 1371 gestas
1578 1309 1814 1370 spectes,
1849 1315 2022 1369 eaque
2057 1300 2112 1353 in
2147 1315 2294 1353 com-

724 1394 1023 1446 mentarios
1064 1392 1304 1454 redacta,
1334 1393 1524 1461 sicque
1556 1391 1743 1445 subtili
1784 1399 1902 1445 arte
1937 1391 2122 1444 libello
2146 1405 2295 1443 com-

723 1484 904 1552 posito
965 1491 1024 1535 ut
1086 1482 1258 1551 probe
1315 1481 1601 1550 antiquum
1665 1480 1909 1534 codicem
1951 1479 2198 1542 referret,
2236 1479 2291 1531 in

723 1573 893 1642 regia,
956 1573 1035 1626 uti
1070 1571 1279 1626 dictum
1344 1580 1450 1632 est.
1505 1570 1839 1624 bibliotheca
1897 1570 2136 1639 reponit,
2175 1571 2297 1640 ejus

724 1677 886 1731 quem
914 1662 1162 1716 dicebam
1201 1659 1552 1729 TheOphanis
1594 1658 2081 1730 Sphenodaemonis
2107 1674 2292 1728 opera.

727 1753 977 1822 Dumque
1010 1754 1056 1807 is
1089 1751 1388 1821 aliquando
1450 1750 1806 1820 imperatoris
1829 1751 1985 1822 jussu
2017 1752 2070 1805 in
2101 1752 2293 1805 eadem

2393 565 2651 633 ἄρχοντος
2691 563 2790 632 τὴν
2844 563 3037 628 γενεάν
3097 562 3450 627 κατάγοντος,
3509 564 3602 614 καὶ
3636 565 3696 616 τὸ
3760 567 3976 633 βιϐλίον

2394 656 2647 726 βασιλικῇ
2678 654 2997 724 βιῦλιοθήκῃ
3026 654 3262 706 ἐνθεῖναι
3297 654 3384 704 διὰ
3413 655 3722 722 Θεοφάνους
3751 659 3843 709 τοῦ
3881 660 3974 711 λε.

2391 749 2626 816 γομένου
2681 745 3136 815 Σφηνοδαίμονος,
3193 743 3474 814 βισιλικοῦ
3532 747 3797 814 κληρικοῦ
3848 752 3974 800 τοτε

2391 839 2754 908 τυγχάνοντος
2782 838 2876 891 καὶ
2904 835 2981 906 τῷ
3017 836 3278 904 Βασιλείας)
3318 837 3721 904 προσκειμένου
3757 840 3846 891 διὰ
3880 859 3974 892 σο-

2392 931 2518 998 φίαν
2549 932 2642 983 καὶ
2705 929 3070 997 πολυμαθίαν.
3115 927 3508 996 Ἑκλαῦόμενος
3563 930 3618 981 δὲ
3652 932 3717 981 τὰ
3776 931 3968 998 πρῶτα

2394 1024 2634 1089 στοιχεῖα
2666 1021 2772 1072 τῶν
2817 1020 3096 1088 ὀνομάτων
3148 1018 3342 1080 οὕτως,
3399 1018 3675 1071 Βασιλείου
3708 1022 3976 1081 Εὖδοκίας

2397 1113 2811 1165 Κωνσταντίνου
2843 1111 3067 1171 Λέοντος
3112 1109 3460 1179 Ἀλεξάνῖρου
3488 1111 3580 1162 καὶ
3611 1111 3910 1178 Στεφάνου,
3945 1113 3977 1164 5

2395 1205 2485 1255 καὶ
2509 1204 2990 1271 ἀναγινωσκόμενα
3020 1202 3223 1260 Βεκλάς
3257 1202 3606 1270 ὀνομάζεται.
3637 1203 3842 1255 Τούτου
3874 1204 3978 1272 τὴν

2394 1297 2491 1348 ἀπ’
2509 1295 2683 1364 ἀρχῆς
2713 1295 3069 1362 γενεαλογίαν
3093 1294 3232 1346 κατά
3260 1310 3318 1345 τε
3343 1293 3531 1362 χώραν
3553 1295 3646 1346 καὶ
3665 1295 3976 1363 πράγματι

2393 1385 2711 1455 ἀναμαθὼν,
2750 1389 2844 1438 καὶ
2872 1386 3359 1454 καταγραψάμενος
3382 1386 3441 1436 τὸ
3475 1385 3703 1452 βιῦλίον,
3731 1387 3824 1439 καὶ
3846 1389 3982 1438 τού-

2395 1496 2486 1530 του
2520 1481 2562 1511 τι
2607 1478 3002 1546 ἐπιτηδεύμασι
3041 1478 3401 1530 παλαιότατον
3430 1477 3516 1548 μ).
3551 1478 3680 1548 455]
3717 1481 3981 1548 ποιήσα·,

2395 1573 2459 1639 τῇ
2517 1570 2772 1641 βασιλικῇ
2806 1569 3149 1640 βιϐλιοθήκῃ,
3205 1568 3280 1630 ὡς
3328 1571 3568 1639 εἴρηται,
3621 1572 3982 1622 κατατίθεται

2395 1659 2483 1714 διὰ
2515 1663 2950 1731 Σφηνοδαίμονος
2981 1660 3311 1728 Θεοφάνους.
3369 1662 3476 1711 Καί
3510 1677 3640 1713 ποτε
3683 1660 3844 1712 αὑτοῦ
3883 1662 3983 1713 τοῦ

2399 1753 2828 1822 Σφηνοδαίμονος
2846 1752 3137 1820 προστάξει
3157 1751 3406 1821 βασιλικῇ
3435 1751 3637 1820 βιϐλίον
3664 1770 3716 1805 τι
3742 1753 3984 1820 ζητοῦν-

728 1843 1060 1897 bibliotheca
1101 1843 1300 1910 librum
1329 1843 1550 1926 quaerit,
1584 1843 1798 1912 istoque
1844 1844 2069 1898 invento
2110 1844 2294 1898 curio-

2412 1863 2509 1907 τος,
2553 1843 2627 1904 ὡς
2667 1839 2822 1912 εὗρεν
2851 1842 2982 1894 αὐτὸ
3011 1842 3108 1894 καὶ
3147 1843 3621 1912 πολυπραγ;;ον‹ἷ›ν
3645 1845 3865 1908 ἠπόρει,
3905 1845 3989 1912 τῷ

726 1936 842 1990 sius
868 1936 1156 2005 inquirens
1179 1936 1348 1990 animi
1369 1934 1590 1988 anxium
1619 1935 1747 2005 agit.
1775 1936 2094 2003 imperatori
2115 1945 2296 1989 osten-

726 2029 842 2093 dit,
889 2031 1075 2097 aitque
1100 2070 1114 2093 ,
1151 2036 1363 2096 excepto
1394 2029 1662 2079 duntaxat
1693 2024 1878 2079 Photio
1906 2028 2168 2078 neminem
2190 2042 2298 2080 esse

725 2121 815 2189 qui
853 2119 906 2170 in
937 2118 1030 2171 illo
1079 2119 1276 2186 scripta
1308 2116 1598 2185 intelligere
1653 2123 1842 2185 posset.
1888 2114 2194 2182 Statimque
2254 2115 2299 2169 is

724 2212 842 2281 ipse
888 2212 956 2264 ad
998 2211 1254 2264 Photium
1293 2209 1550 2264 mittitur.
1607 2208 1913 2277 Facilisque
1963 2216 2295 2276 praetextus:

724 2303 864 2364 Nisi.
899 2303 1098 2372 inquit.
1126 2304 1499 2372 imperatorem
1529 2301 1728 2364 videro,
1758 2317 1863 2353 non
1893 2300 2063 2353 dicam
2091 2299 2206 2368 quis
2233 2301 2301 2352 sit

728 2391 858 2446 liber
881 2392 1046 2463 690
1074 2392 1246 2461 ejusve
1271 2391 1560 2459 inscriptio.
1583 2390 1865 2460 Ingressus
1893 2391 2074 2459 itaque
2098 2390 2300 2442 librum

727 2485 876 2557 legit,
914 2500 977 2538 ac
1008 2483 1164 2554 quasi
1197 2483 1264 2537 ab
1292 2483 1485 2553 angelo
1512 2483 1815 2545 didicisset,
1855 2482 2144 2551 percurrit.
2167 2481 2304 2537 Hinc

730 2588 923 2628 rursus
953 2571 1135 2626 Pliotii
1171 2586 1294 2625 cum
1322 2571 1519 2625 Basilio
1549 2571 1901 2624 necessitudo
1934 2571 2160 2627 coaluit.

801 2663 854 2718 8.
886 2665 1020 2734 Ejus
1050 2663 1266 2733 imperii
1298 2678 1444 2716 anno
1496 2661 1712 2732 quinto.
1748 2663 1952 2716 mensis
1975 2662 2306 2719 Novembris

731 2754 821 2809 die
845 2753 1105 2824 vigesima
1147 2753 1329 2816 tertia,
1361 2762 1524 2806 natus
1557 2759 1642 2806 est
1671 2753 1982 2806 Alexander
2010 2751 2306 2822 imperator

731 2861 801 2900 ex
830 2845 1076 2900 Eudocia
1107 2845 1377 2914 lngerlna,
1408 2843 1590 2898 Basilii
1613 2844 1854 2912 legitima
1889 2845 2088 2914 proles.
2133 2845 2305 2913 Impe-

734 2947 885 2993 rator
907 2937 1262 3006 expeditione
1297 2946 1554 3006 suscepta
1593 2936 1861 2990 adversus
1894 2940 2171 3007 Agarenos
2200 2938 2308 2992 Te-

734 3029 1076 3100 phricenses,
1117 3030 1413 3097 multisque
1455 3029 1730 3082 consertis
1760 3028 1987 3098 praeliis,
2034 3030 2088 3083 in
2125 3031 2309 3082 omni-

735 3123 841 3177 bus
883 3122 1062 3176 vietus
1090 3134 1172 3175 est
1209 3122 1518 3189 multosque
1567 3121 1938 3176 Romanorum
1984 3123 2186 3177 amisit.
2232 3124 2308 3179 Ac
2333 3161 2378 3224 ϐ

736 3228 862 3266 eum
925 3212 1040 3281 ipse
1097 3212 1207 3281 jam
1273 3212 1570 3280 imperator
1635 3211 1932 3280 capiendus
1991 3212 2305 3274 videretur,

740 3304 1183 3374 Theophylactus
1233 3303 1560 3356 Abastactus
1600 3319 1726 3355 eum
1764 3303 2023 3368 servavit,
2078 3304 2310 3358 Romani

743 3403 923 3464 pater,
951 3394 1072 3463 ejus
1103 3393 1197 3462 qui
1229 3400 1416 3459 postea
1454 3391 1744 3460 imperium
1781 3394 1976 3445 tenuit.
2009 3395 2311 3448 Reversus-

739 3500 849 3553 que
891 3493 947 3537 tn
1003 3483 1194 3537 urbem
1229 3481 1526 3551 imperator
1555 3479 2016 3550 Christophorum
2045 3498 2309 3552 generum

741 3592 903 3632 suum
929 3578 982 3629 in
1012 3574 1338 3645 Tephricam
1369 3573 1538 3638 misit,
1576 3583 1840 3642 partaque
1875 3575 2106 3630 victoria
2133 3576 2313 3631 locum

742 3668 978 3722 vastavit
1004 3681 1066 3719 ac
1091 3666 1209 3719 solo
1239 3673 1400 3718 tenus
1428 3665 1647 3718 evertit.

811 3761 868 3814 9.
908 3758 1124 3828 Imperii
1160 3755 1345 3811 Basilii
1377 3771 1520 3809 anno
1548 3765 1702 3809 sexto
1733 3755 1976 3826 lgnatius
2002 3757 2316 3826 patriarcha

744 3847 923 3918 Satyri
995 3848 1283 3902 ecclesiam
1347 3847 1449 3900 sub
1507 3848 1729 3902 nomine
1796 3848 2037 3903 ccclestis
2109 3850 2317 3904 militia:

745 3939 1012 4010 principis
1045 3937 1289 3994 Orientis
1341 3937 1673 4003 aediﬁcavit,
1729 3949 2024 4010 posteaque
2073 3943 2317 3996 virorum

746 4035 1142 4090 monasterium
1177 4034 1323 4097 fecit,
1364 4033 1456 4088 ubi
1495 4043 1552 4088 et
1582 4035 1829 4103 sepultus
1856 4034 1977 4089 fuit.
2006 4036 2072 4091 Et
2095 4037 2317 4106 quidem

748 4125 928 4197 Satyri
962 4139 1158 4178 nomen
1193 4133 1296 4188 est,
1329 4123 1476 4193 quod
1530 4140 1638 4178 non
1673 4125 1863 4194 procul
1917 4125 1986 4178 ab
2020 4141 2086 4180 eo
2134 4142 2321 4180 mona-

748 4214 919 4268 sterio
969 4213 1231 4282 antiquus
1291 4212 1517 4283 Satyrus
1565 4212 1870 4278 dicebatur,
1906 4213 1996 4267 ubi
2057 4216 2320 4284 templum

750 4304 1198 4361 eratGrazcorum
1231 4305 1622 4374 superstitione
1654 4305 1834 4359 eidem
1881 4305 2074 4376 Satyro
2100 4317 2319 4361 exstru-

751 4407 937 4462 ctum;
968 4413 1034 4450 ex
1082 4397 1241 4466 cujus
1270 4396 1474 4450 vicinia
1511 4397 1740 4466 contigit
1770 4414 1868 4466 per
1919 4399 2321 4469 homonymiam

2403 1935 2614 2004 βασιλεῖ
2643 1934 2984 1986 ὑποδείκνυσι
3019 1932 3111 1985 καί
3137 1948 3267 2002 φησι
3289 1948 3305 1961 °
3344 1934 3562 1985 Τούτου
3598 1933 3786 1996 ἄλλος
3833 1932 3985 2000 νοῆ-

2399 2044 2503 2081 σαι
2536 2031 2606 2080 οὺ
2645 2027 2893 2080 δύναται
2928 2027 2998 2078 τὰ
3029 2024 3399 2094 γεγραμμένα
3420 2029 3473 2078 ει
3487 2025 3579 2093 μὴ
3602 2026 3843 2087 ⁶Ιιώτιος.
3874 2027 3988 2077 Καὶ

2400 2120 2560 2182 εὐθὺς
2615 2121 2642 2172 6
2716 2119 2875 2180 αὐτὸς
2914 2118 3335 2172 ἀποστέλλεται·
3382 2119 3476 2169 καὶ
3509 2120 3542 2186 ή
3591 2119 3867 2187 πρόφαςις
3909 2120 3991 2170 εὖ-

2402 2212 2587 2282 χερής,
2639 2211 2712 2272 ὡς
2764 2213 2831 2263 El
2888 2209 2972 2277 μὴ
3031 2209 3135 2260 ῐόω
3174 2209 3281 2261 τὸν
3319 2208 3608 2271 βασιλέα,
3645 2211 3716 2262 οὐ
3743 2207 3904 2276 ,λέγω
3935 2211 3992 2260 ti

2402 2304 2531 2356 ἐστι
2572 2303 2902 2365 τὸβιϐλίον
2928 2303 2964 2367 ἢ
2997 2301 3032 2366 ἡ
3067 2301 3282 2353 τούτου
3311 2300 3634 2368 ἐπιγραφή.
3668 2301 3779 2352 Καὶ
3807 2301 3990 2352 εἰσελ-

2404 2391 2512 2443 θὼν
2543 2393 2700 2443 τοῦτο
2727 2391 3114 2458 ἀναγινώσκει,
3140 2390 3232 2443 καὶ
3260 2392 3336 2452 ὡς
3361 2389 3426 2441 δι’
3457 2390 3692 2456 ἀγγέλου
3707 2389 3868 2441 τοῦτο
3897 2408 3990 2457 με-

2409 2485 2676 2554 μάθηκεν.
2722 2483 2892 2536 Τοῦτο
2923 2485 3088 2537 πάλιν
3149 2486 3182 2554 ή
3211 2484 3349 2554 πρὸς
3383 2483 3472 2536 τὸν
3514 2481 3736 2553 βασιλέα
3779 2484 3992 2534 Φωτίου

2405 2578 2675 2639 οἰκείωσις
2710 2577 2938 2644 γίνεται.

2476 2667 2546 2732 η’.
2583 2666 2734 2736 Ἰ’ᾠ.ε’
2775 2668 2940 2720 αὑτοῦ
2976 2668 3085 2720 ἔτει
3114 2667 3214 2737 τῆς
3247 2664 3330 2733 κγ’
3357 2665 3451 2719 τοῦ
3477 2665 3789 2736 Νοεμϐρίου
3820 2669 3994 2734 μηνὸς

2406 2761 2669 2830 ἐγεννήθη
2715 2760 3067 2828 Ἀλέξανδρος
3117 2758 3371 2828 βασιλεὺς
3415 2758 3525 2810 άπδ
3577 2758 3676 2826 τῆς
3729 2761 3994 2829 Ἰγγηρος

2410 2851 2694 2912 Εὑδοκίας,
2727 2852 2949 2919 γνήσιος
2982 2853 3111 2912 παῖς
3132 2849 3226 2902 τοῦ
3255 2851 3559 2903 Βασιλείου.
3597 2851 3996 2920 Ἐκστριτεύει

2410 2942 2468 2994 δὲ
2492 2943 2521 2993 6
2548 2941 2797 3010 βασιλεὺς
2831 2942 2970 2993 κατὰ
3018 2940 3127 2991 τῶν
3165 2940 3484 3009 Ἀγαρηνῶν
3511 2939 3620 2991 τῶν
3671 2941 3750 3000 είς
3792 2941 3993 3010 Ἀφριο

2410 3031 2534 3092 κὴν,
2561 3032 2658 3083 καὶ
2691 3031 2958 3099 πολέμους
2987 3029 3229 3095 συνάψας
3272 3029 3500 3090 πολλοὺς
3527 3031 3609 3091 είς
3655 3031 3870 3092 πάντας
3896 3033 3996 3099 ir:-

2409 3124 2545 3193 τήθη
2569 3123 2663 3175 καὶ
2693 3123 2919 3182 πολλοὺς
2941 3120 3051 3172 τῶν
3079 3120 3364 3188 Ῥωμαίων
3396 3121 3717 3173 άττεϐάλετο.
3751 3122 4000 3175 Μέλλον-

2413 3231 2478 3266 τα
2507 3212 2562 3266 δὲ
2598 3211 2940 3282 κρατηθῆναι
2983 3212 3075 3264 καλ
3109 3212 3270 3263 αὐτὸν
3300 3212 3391 3264 τὸν
3442 3211 3671 3279 βασιλέα
3709 3214 3999 3281 6509;31:1-

2412 3322 2536 3367 κτος
2555 3307 2583 3357 6
2619 3304 2985 3367 Ἀὁάστακτος
3007 3305 3286 3367 διέσωσεν,
3308 3307 3336 3356 6
3367 3306 3550 3374 πατὴρ
3588 3304 3876 3374 Ῥωμαεωῦ
3906 3307 4004 3359 τοῦ

2418 3397 2556 3465 μετὰ
2601 3396 2774 3449 ταῦτα
2816 3396 3257 3463 βασιλεύσαντος.
3291 3397 3766 3466 ’Υποστρέψαντος
3818 3399 3876 3450 es
3906 3397 4002 3450 τοῦ

2417 3485 2679 3554 βασιλέως
2709 3489 2765 3537 ἐν
2797 3489 2863 3556 τῇ
2901 3487 3074 3546 πόλει,
3110 3488 3400 3540 ἀπέστειλε
3431 3490 3811 3558 Χριστοφόρον
3861 3507 4006 3557 γαμ-

2417 3579 2545 3650 ϐρὸν
2569 3579 2733 3630 αὑτοῦ
2760 3580 2814 3629 ὲν
2830 3581 2896 3646 τῇ
2935 3578 3190 3648 ’Δφρικῇ,
3225 3578 3322 3630 καὶ
3359 3579 3515 3645 νίκην
3550 3582 3783 3649 ποιήσας
3827 3582 4003 3649 ἐπορ-

2419 3669 2551 3738 θησε
2592 3669 2795 3738 ταύτην
2831 3669 3215 3738 καταστρέψας
3240 3669 3348 3732 ἕως
3378 3670 3632 3732 ἐδάφους.

2491 3759 2556 3812 θ’.
2589 3760 2679 3829 Τῷ
2721 3766 2771 3824 ς’
2811 3759 2920 3812 ἔτει
2949 3758 3114 3811 αὑτοῦ
3163 3759 3422 3822 Ἰγνάτιος
3455 3763 3484 3812 6
3524 3759 3876 3829 πατριάρχης
3904 3762 4006 3828 τὴν

2419 3851 2511 3905 τοῦ
2540 3852 2784 3920 Σατύρου
2812 3849 3111 3920 ἐκκλησίαν
3133 3851 3212 3913 είς
3236 3849 3408 3917 ὄνομα
3428 3849 3523 3901 τοῦ
3553 3851 4006 3919 ἀρχιστρατήγου

2421 3944 2512 3997 τοῦ
2561 3943 2967 4004 Ἀνατέλλοντος
3005 3941 3294 4009 ἐποίησενο
3331 3937 3451 3993 εἶτα
3488 3942 3583 3994 καὶ
3626 3943 3804 4008 μονὴν
3832 3942 4008 4008 αὐτὴν

2425 4035 2673 4106 ἀνδρῲιν
2711 4034 3025 4104 εἰργάσατο,
3061 4033 3190 4086 ἔνθα
3235 4035 3328 4086 καὶ
3373 4033 3571 4102 ἐτάφη.
3609 4033 3717 4087 Καὶ
3763 4034 4010 4102 Σάτυρος

2429 4127 2526 4195 μὲν
2558 4126 2910 4195 ὀνομάζεται,
2935 4126 3016 4177 ὅτι
3072 4125 3130 4176 ὲν
3166 4125 3347 4194 μικρῷ
3375 4124 3710 4194 διαστήματι
3764 4126 3866 4193 τῆς
3896 4141 4010 4174 τοι·

2425 4222 2592 4289 αὑτης
2627 4220 2794 4289 μονῆς
2821 4221 2848 4273 6
2874 4217 3102 4281 παλαιὸς
3127 4218 3454 4286 ὀνομάζεται
3490 4218 3755 4285 Σάτυρος,
3793 4219 3850 4268 ὲν
3945 4213 4014 4285 ἦν

2427 4313 2571 4382 ίερὶιν
2609 4313 2738 4381 παρ’
2781 4311 3049 4381 Ἐλλήνων
3079 4310 3435 4378 οἰκοδομηθὲν
3461 4310 3538 4378 τῷ
3573 4310 3724 4379 αὑτῴ
3755 4312 4012 4382 Σατύρῳ,

2427 4398 2487 4455 οὗ
2521 4403 2638 4456 καθ’
2672 4403 2993 4472 ὁμωνυμίαν
3015 4401 3105 4455 διὰ
3132 4401 3198 4454 τὸ
3226 4401 3453 4469 πλησίον
3479 4399 3618 4454 εἶναι
3647 4401 3750 4469 τὴν
3787 4405 4017 4470 είρημέ-

756 4500 814 4540 ιιι
861 4496 916 4540 ει
968 4486 1360 4540 monasterium
1412 4485 1610 4541 eodem
1656 4489 1923 4543 vocabulo
1976 4501 2308 4546 censeretur

2428 4513 2525 4564 νην
2571 4495 2735 4564 μονήν
2777 4494 2854 4563 τῷ
2885 4492 3110 4562 τοιούτῳ
3148 4493 3396 4545 καλεῖται
3432 4493 3656 4560 ὰνόματι
3681 4511 3694 4524 ·
3723 4497 3788 4559 ἐξ
3823 4490 3882 4546 οὗ
3923 4497 4018 4545 καὶ

757 4577 1096 4647 Theophilus
1136 4593 1269 4630 vero
1314 4578 1610 4646 imperator
1635 4588 1858 4649 accepta
1917 4581 2044 4636 inde
2095 4584 2322 4637 materia

757 4669 1008 4738 Dryantis
1066 4668 1243 4738 regias
1312 4669 1457 4722 :edes
1521 4671 1850 4727 construxit.
1909 4673 2064 4739 Quod
2140 4685 2322 4729 autem

756 4761 950 4816 Oriens
971 4761 1297 4829 appelletur,
1313 4775 1376 4814 ea
1395 4760 1708 4832 691ratio
1730 4771 1845 4817 est:
1868 4761 2003 4817 Cum
2028 4763 2324 4832 aliquando

757 4854 1099 4922 Nicephorus
1132 4853 1433 4922 imperator
1459 4853 1525 4906 iis
1554 4855 1607 4908 in
1650 4854 1785 4908 locis
1824 4851 2170 4909 venationem
2201 4870 2326 4926 age-

759 4959 844 5002 ret
881 4948 935 5001 in
960 4947 1162 5017 quibus
1191 4945 1358 5001 modo
1382 4945 1547 4998 situm
1597 4945 1994 5000 monasterium
2023 4955 2127 5010 est,
2167 4947 2221 5000 in
2259 4963 2326 5001 eo

759 5041 879 5109 ipso
907 5040 1027 5092 loco
1061 5038 1156 5093 ubi
1190 5050 1337 5092 nunc
1368 5037 1608 5091 basilicae
1637 5038 1802 5092 situm
1827 5038 2000 5092 altare
2029 5048 2134 5102 est,
2167 5049 2326 5108 capto

761 5148 926 5188 cervo
949 5139 1104 5184 vetus
1127 5144 1317 5183 mensa
1342 5137 1684 5183 sustentante
1710 5129 1966 5182 columna
1989 5129 2207 5182 inventa
2229 5137 2335 5194 est,

765 5225 866 5278 hac
929 5221 1326 5291 inscriptione:
1382 5219 1637 5275 Sanctum
1671 5221 1938 5276 Michaelis
1986 5221 2203 5276 cwlestis
2239 5223 2337 5274 mi-

2430 4586 2488 4637 τὸ
2519 4586 2776 4640 παλάτιον
2793 4584 2888 4638 τοῦ
2912 4583 3185 4653 Βρύαντος
3205 4584 3394 4644 κτίσας
3422 4584 3678 4650 Θεόφιλος
3700 4587 3734 4637 6
3758 4586 4017 4654 βασιλεὺς

2431 4676 2530 4742 τὴν
2561 4675 2694 4744 ὓλην
2720 4674 3054 4745 άςελόμενος
3094 4673 3299 4742 ταύτην
3353 4673 3627 4742 ἐδείματο.
3674 4677 4016 4728 ’Λνατέλλων

2433 4765 2487 4816 δὲ
2521 4767 2761 4818 καλεῖται
2796 4764 2862 4816 δι’
2910 4765 3091 4816 αἰτίαν
3120 4763 3379 4831 τοιαύτην
3401 4779 3418 4791 ·
3481 4765 3830 4832 κυνηγοῦντί
3881 4783 4018 4818 ποτε

2435 4857 2729 4928 Νικηφόρῳ
2761 4856 2839 4928 τῷ
2875 4855 3085 4927 βασιλεί
3134 4856 3191 4908 ὲν
3238 4851 3320 4919 οἷς
3346 4855 3551 4925 ἀρτίως
3608 4857 3761 4908 ἐστὶν
3793 4861 3825 4926 ή
3875 4858 4022 4926 μονὴ

2439 4949 2685 5018 μέρεσιν,
2711 4950 2769 5005 ἐν
2804 4948 2951 5017 αὑτῷ
2973 4947 3048 5016 τῷ
3076 4947 3224 5016 τόπῳ
3249 4946 3607 5016 χειρωθεὶσης
3635 4948 3843 5015 ὲλάςου
3891 4951 3952 5002 ἐν
3979 4943 4022 5013 ᾧ

2438 5041 2532 5094 νῦν
2557 5042 2616 5092 τὸ
2645 5043 2741 5110 τῆς
2772 5041 2938 5111 μονῆς
2962 5040 3348 5109 θυσιαστήριον
3380 5039 3612 5108 ἵδρυται,
3644 5043 3846 5108 εὑρέθη
3883 5042 4020 5110 τρά-

2443 5135 2586 5197 πεζα
2623 5133 2828 5186 παλαιά
2862 5133 2966 5183 ὑπὸ
2994 5131 3170 5192 κίονος
3199 5129 3576 5200 βασταζομένη
3607 5134 3898 5200 γράφουσα.
3933 5133 4026 5183 οὖ-

2438 5217 2582 5287 ’τωςο
2634 5224 2814 5279 Τοῦτό
2872 5224 3045 5276 ἐστιν
3093 5223 3159 5276 τὸ
3198 5222 3369 5291 ἅγιον
3417 5223 3857 5289 θυσιαστήριον·
3922 5225 4029 5277 τοῦ

767 5315 895 5370 titice
935 5316 1183 5384 principis
1207 5312 1435 5368 Orientis
1465 5313 1665 5379 altare,
1696 5315 1832 5384 quod
1856 5323 2070 5368 sanctus
2093 5315 2308 5369 Andrea

2442 5313 2919 5383 ἀρχιστρατήγου
2943 5311 3183 5382 Μιχαὴλ
3213 5313 3320 5366 τοῦ
3359 5315 3840 5379 Ἀνατέλλοντος,
3875 5316 4027 5382 ὅπερ

766 5407 1032 5481 apostolus
1061 5407 1253 5477 posuit.

842 5503 925 5555 iO.
958 5501 1178 5570 Imperii
1205 5502 1362 5555 annis
1388 5500 1622 5570 septimo
1649 5509 1704 5553 et
1737 5498 1933 5554 Octavo
1960 5498 2199 5568 baptizat
2228 5499 2332 5553 Ba-

772 5592 931 5647 silius
960 5591 1218 5649 Hebraeos
1253 5608 1444 5648 omnes
1469 5592 1571 5647 sub
1603 5591 1810 5646 ditioue
1849 5590 2078 5662 positos,
2105 5590 2337 5662 dignita-

2441 5406 2825 5474 ἐνεθρόνισεν
2858 5409 2888 5458 ό
2919 5405 3088 5472 ἅγιος
3120 5405 3466 5470 ἀπόστολος
3505 5404 3798 5472 Ἀνδρέας.

2520 5499 2570 5554 ι’.
2600 5499 2688 5568 Τῷ
2715 5497 2761 5564 ζ’
2783 5501 2874 5552 καὶ
2903 5498 2979 5569 τῷ
3005 5504 3053 5568 η’
3083 5497 3249 5552 αὑτοῦ
3275 5498 3386 5552 ἔτει
3414 5498 3667 5567 βαπτίζει
3688 5501 3716 5551 ὁ
3744 5500 4028 5558 Basilus;

2447 5594 2653 5655 πάντας
2676 5594 2804 5657 τοὺς
2839 5593 2943 5646 ὑπὸ
2964 5596 3119 5663 χεῖρα
3163 5591 3325 5648 αὑτοῦ
3371 5591 3679 5662 Ἐϐραίους,
3711 5592 3887 5654 διδοὺς
3929 5595 4033 5645 αυ-

2043 5681 2274 5736 νιειλε
2315 5681 2712 5738 LECTIONES.

846 5778 890 5809 "
926 5777 1118 5832 τοῦτοῖ
1215 5779 1262 5813 ⁷³
1289 5780 1401 5832 imo
1439 5777 1742 5848 ἰ”εφρικήν,
1771 5793 1896 5832 cum
1935 5777 2180 5848 margine
2208 5773 2268 5830 Ρ.
2300 5785 2356 5834 ct
2391 5793 2513 5835 mox
2551 5779 2822 5848 Τεφρικῇ.
