4174 6442
153 378 257 442 753
1188 385 1558 446 ANNALES.
1594 386 2018 448 --BASILIUS
2051 388 2375 453 MACEDO.
3303 386 3413 452 756

155 498 261 556 τοῖς
284 488 441 560 ἀξίας
467 494 561 548 καὶ
593 495 741 564 δῶρα
774 497 961 551 πολλά.
1008 500 1139 553 Τότε
1192 500 1250 554 δὲ
1296 500 1391 555 καὶ
1420 500 1513 552 τὸν
1545 517 1733 570 προει·
1764 551 1768 562 ,

1873 502 1985 557 ;bus
2008 518 2217 572 augens
2273 521 2337 559 ac
2395 504 2551 574 plura
2610 500 2721 557 illis
2756 502 2898 558 dona
2953 502 3227 559 tribuens.
3261 501 3416 558 Tunc

156 584 393 652 ρημένον
436 583 524 653 μ’.
569 585 695 655 656]
754 587 1020 642 Νικόλαον
1055 590 1147 642 τὸν
1203 590 1609 661 προσμονάριον
1637 590 1732 643 τοῦ

1873 610 1970 648 ero
2022 595 2215 659 etiam,
2276 598 2432 665 cujus
2492 611 2657 665 supra
2716 595 3089 657 meminimus.
3132 594 3417 652 Nicolaum

153 675 312 742 ἁγίου
348 678 646 747 Διομήδους
671 680 927 750 ἐποίησεν
955 683 1243 752 οἰκονόμον
1282 682 1377 737 καὶ
1419 682 1735 751 σύγκελλον,

1873 684 2009 737 aucti
2062 684 2343 738 Diomedis
2376 685 2834 746 mansionarium,
2879 685 3154 739 oeconomi
3190 700 3254 740 ac
3286 700 3416 757 syn-

154 770 244 819 τὸν
272 769 330 821 δέ
357 769 588 838 ἀδελφὸν
616 770 781 824 αὑτοῦ
827 772 1083 844 Ἰωάννην
1131 774 1494 845 δρουγγάριον
1531 774 1631 842 τῆς
1661 775 1737 842 βί-

1873 776 1964 830 elli
2022 777 2288 847 dignitate
2350 777 2817 847 decoravit;ejus
2873 776 3097 832 fratrem
3149 778 3417 832 Joannem

153 862 310 925 γλας,
334 860 429 914 τὸν
470 861 528 914 δὲ
560 862 747 933 ἕτερον
774 863 1003 931 ἀδελφὸν
1031 864 1242 918 Παῦλον
1276 866 1368 918 ἐπὶ
1394 868 1493 935 τῆς
1531 866 1739 934 βασιλι-

1876 870 2193 924 xenbiarum
2222 869 2583 941 drungarium
2614 869 2856 939 praefecit
2882 886 2897 935 ;
2930 868 3153 924 fratrem
3184 868 3415 924 alterum

154 952 255 1018 κῆς
296 954 589 1022 σακέλ).ης,
626 957 717 1009 τὸν
742 956 797 1011 δὲ
822 958 1011 1027 ἕτερον
1038 958 1272 1028 ἀδελφὸν
1326 962 1741 1013 Κωνσταντίνον

1873 960 2070 1013 ’aulum
2120 961 2271 1030 regio
2308 960 2512 1016 sacello
2560 960 2843 1030 praefecit:
2895 960 3118 1015 tertium
3178 959 3417 1028 denique

154 1044 373 1110 γενικὸν
402 1046 716 1115 λογοθέτην.

1873 1050 2258 1105 ionstantinum
2310 1053 2492 1108 aerarii
2528 1052 2734 1122 publici
2807 1052 3145 1123 logothetam
3187 1052 3417 1106 creavit.

228 1133 322 1190 ια’.
362 1136 455 1207 Τῷ
490 1138 535 1191 θ’
565 1139 731 1193 αὑτοῦ
760 1140 876 1195 ετει
926 1143 1131 1213 ἤρξατο
1168 1142 1376 1209 κτίζειν
1426 1147 1455 1197 6
1489 1145 1745 1214 βασιλεὺς

1922 1143 2003 1195 11.
2056 1141 2242 1198 Basilii
2276 1144 2492 1214 imperii
2532 1159 2679 1198 anno
2717 1160 2865 1197 nono
2906 1143 3073 1213 capit
3121 1143 3420 1213 imperator

151 1228 257 1298 τὴν
290 1228 441 1283 Νέαν
495 1230 829 1303 ἐκκλησίαν.
887 1234 981 1287 καὶ
1015 1237 1049 1305 ἠ
1089 1237 1418 1305 Συράκουσα
1469 1237 1743 1309 παρεδόθη

1873 1233 2116 1289 adificare
2184 1235 2391 1290 Novam
2447 1238 2738 1293 ecclesiam
2785 1254 2802 1303 ;
2854 1237 3093 1305 urbsque
3153 1235 3423 1306 Syracusa

154 1321 271 1382 τοῖς
304 1321 664 1391 Σαρακηνοῑς.

228 1410 324 1481 ιβ’.
355 1414 447 1484 Τῷ
478 1415 507 1467 ι’
548 1417 716 1471 αὐτοῦ
765 1417 877 1473 ἐτει
916 1421 1162 1492 Νικήτας
1208 1423 1239 1476 6
1288 1423 1595 1495 Ξυληνίτης
1656 1432 1748 1482 καὶ

155 1503 252 1554 ἐπὶ
287 1503 389 1571 τῆς
422 1505 702 1578 τραπέζης
728 1498 1086 1582 κατηγορήθη
1116 1513 1192 1574 ὡς
1236 1513 1563 1585 φιλούμενος
1596 1522 1748 1589 παρὰ

155 1593 259 1661 τῆς
288 1596 633 1668 Δύγούστηςο
664 1600 723 1663 ὃς
748 1602 846 1654 καὶ
884 1603 1357 1675 ἀποκείρεταικαὶ
1392 1609 1623 1679 μοναχὸς
1663 1611 1749 1678 γί-

154 1703 335 1743 νεται.
364 1688 541 1742 Πολλά
573 1691 630 1743 δὲ
652 1692 1120 1765 χαλκουργήματα
1146 1697 1408 1762 κατέαξεν
1439 1702 1466 1753 6
1498 1700 1749 1769 βασιλεὺς

156 1780 315 1851 λόγῳ
348 1786 446 1853 τῆς
478 1786 624 1851 Νέας
671 1788 969 1858 ἐκκλησίας
993 1806 1008 1821 ⁸
1048 1790 1187 1845 ἀλλὰ
1214 1794 1307 1846 καὶ
1341 1795 1605 1867 μάρμαρα
1656 1799 1750 1851 καὶ

1847 1325 2061 1395 prodita
2088 1336 2171 1380 est
2197 1327 2505 1382 Saracenis.

1926 1417 2008 1471 12.
2047 1417 2231 1473 Basilii
2264 1418 2480 1489 imperii
2507 1433 2653 1473 anno
2682 1418 2977 1473 undecimo
3006 1418 3231 1472 Nicetas
3261 1416 3428 1486 Xyle-

1849 1507 1994 1563 nites
2029 1524 2094 1563 ac
2124 1524 2328 1563 mensae
2357 1509 2706 1579 praepositus,
2751 1509 3011 1578 Augustae
3039 1523 3290 1562 amorum
3338 1522 3424 1560 ac-

1851 1609 2097 1663 cusatus,
2151 1599 2327 1669 posita
2361 1615 2517 1654 coma
2546 1600 2600 1654 in
2658 1599 3056 1655 monasterium
3086 1609 3273 1654 trusus
3322 1608 3429 1654 est.

1855 1688 2020 1743 Multa
2048 1703 2175 1741 vasa
2202 1702 2354 1742 amca
2382 1687 2507 1742 coni
2515 1688 2653 1757 regit
2682 1690 3000 1757 imperator,
3038 1689 3092 1741 in
3121 1703 3278 1741 usum
3313 1704 3433 1742 ver—

1860 1782 2023 1834 tenda
2062 1779 2225 1835 Nova:
2268 1781 2538 1835 ecclesiae.
2570 1781 2836 1835 Marmora
2864 1796 3085 1850 quoque
3118 1789 3173 1834 et
3223 1780 3433 1835 musiva

154 1874 405 1943 ψηφῖδας
429 1880 521 1931 καὶ
544 1880 730 1943 κίονας
764 1882 828 1934 ἐκ
856 1883 1066 1936 πολλῶν
1090 1885 1400 1955 ἐκκλησιῶν
1453 1890 1547 1943 καὶ
1586 1892 1752 1944 οίκων

1873 1883 1910 1928 ξι
1942 1874 2208 1928 columna:
2252 1890 2319 1929 ex
2373 1874 2563 1928 multis
2586 1874 2835 1928 ecclesiis
2866 1874 3187 1943 aedibusque
3217 1873 3431 1928 sublata

156 1966 311 2037 λόγῳ
342 1970 544 2041 ταύτης
569 1972 882 2029 ἀνελάϐετο.
919 1975 1007 2028 Ἐν
1024 1970 1106 2038 οἷς
1140 1978 1312 2049 στήλη
1342 1980 1752 2053 ἴσταταιχαλκῆ

157 2062 221 2113 ἐν
246 2061 332 2130 τῷ
357 2065 567 2133 σενάτῳ
603 2066 790 2136 σχῆμα
813 2068 1118 2122 ἐπισκόπου
1140 2072 1382 2142 φέρουσα
1402 2091 1417 2107 ο
1450 2076 1674 2145 ἐκράτει
1697 2074 1755 2128 δέ

157 2155 317 2224 ἐντῇ
375 2156 522 2227 χειρὶ
558 2158 755 2227 ῥάϐδον
804 2159 931 2229 ὅφιν
985 2161 1434 2234 ἐντετυλισμένον
1497 2166 1753 2237 ἔχουσαν.

154 2247 389 2316 ταύτην
423 2250 633 2319 ἧγαγον
662 2253 721 2305 ἐν
749 2253 828 2324 τῷ
852 2254 1151 2327 βεστιαρίῳ
1170 2276 1184 2289 ·
1218 2259 1316 2313 καὶ
1343 2258 1514 2313 ἐλθὼν
1539 2264 1568 2315 6
1599 2261 1756 2331 βασι-

156 2339 293 2402 λεὺς
351 2341 514 2396 ἔϐαλε
550 2345 642 2398 τὸν
696 2344 961 2401 δάκτυλον
995 2350 1165 2404 αὑτοῦ
1204 2354 1287 2415 εἰς
1315 2352 1377 2406 τὸ
1436 2355 1612 2423 στόμα
1662 2356 1755 2410 τοῦ

159 2435 351 2500 ken);
375 2452 391 2466 ·
434 2438 529 2491 καὶ
548 2432 618 2506 ἦν
642 2436 845 2492 ἔσωθεν
876 2439 1035 2504 ἄλλος
1057 2441 1183 2511 ὄφις
1212 2443 1344 2508 ζῶν,
1373 2444 1431 2507 ὃς
1476 2447 1572 2500 καὶ
1597 2446 1756 2502 ἔδακε

156 2526 257 2581 τὸν
278 2528 547 2581 δάκτυλον
564 2530 659 2584 τοῦ
687 2531 955 2601 βασιλέως
973 2548 990 2565 ’
1023 2535 1114 2587 καὶ
1148 2536 1301 2604 μόλις
1317 2537 1384 2590 δι’
1406 2539 1758 2610 άντιφαρμά-

158 2635 280 2672 κων
318 2620 472 2690 ίάθη.
511 2623 617 2675 Καὶ
646 2622 743 2690 τὴν
776 2624 980 2694 στήλην
1000 2624 1057 2678 δέ
1080 2625 1428 2695 Σολομῶντος
1468 2631 1527 2681 ἐν
1555 2633 1621 2699 τῇ
1661 2629 1759 2698 βα-

156 2715 361 2783 σιλικῇ
408 2711 576 2767 οὖσαν
606 2718 686 2776 είς
737 2716 908 2786 θνομα
945 2718 1112 2772 αὑτοῦ
1146 2719 1493 2786 ἐκτυπὼσας,
1527 2726 1640 2783 τοίς
1671 2723 1758 2776 θε-

165 2808 387 2873 μελίοις
435 2808 537 2875 τῆς
580 2809 728 2873 Νέας
789 2810 1088 2880 ἐκκλησίας
1115 2812 1192 2877 ὡς
1221 2813 1412 2867 θυσίαν
1465 2815 1656 2869 ἐαυτὸν
1682 2817 1761 2887 τῷ

159 2900 291 2968 Θεῷ
322 2901 619 2970 προσῆξεν.

265 2990 342 3057 γ’.
376 2992 469 3061 Τῷ
517 2993 586 3047 ια’
630 2994 796 3048 αὐτοῦ
830 2994 941 3049 ἔτει
992 2996 1346 3067 ἐκστρατεύει
1407 2998 1569 3050 πάλιν
1621 2999 1763 3052 κατὰ

163 3084 526 3155 Μελιτηνῶν,
557 3087 656 3140 καὶ
697 3087 927 3150 πολλοὺς
972 3088 1249 3159 πολέμους
1280 3090 1637 3161 κατορθώσας
1667 3095 1762 3145 καὶ

163 3179 559 3248 αἰχμαλωσίαν
584 3181 788 3251 πολλὴν
812 3181 996 3235 λαϐὼν
1033 3182 1399 3253 ὑπέστρεψεν.

245 3357 335 3411 ιδ’.
371 3357 465 3428 Τῷ
486 3358 552 3427 ιβ’
581 3358 748 3412 αὑτοῦ
772 3360 883 3414 ἔτει
904 3361 1137 3432 τελευτᾷ
1155 3364 1182 3416 6
1203 3365 1553 3436 πατριάρχης
1594 3367 1769 3435 Ἰγνά-

164 3468 313 3515 τιος.
354 3452 449 3505 καὶ
478 3452 639 3507 πάλιν
658 3453 865 3518 οώτιος
886 3453 1306 3520 ἀναϐιϐάζεται.

253 3639 342 3687 ιε’.
369 3632 462 3702 Τῷ
493 3639 562 3702 ιγ’
589 3632 754 3687 αὑτοῦ
778 3632 889 3687 Etet
909 3635 1271 3705 ἐκστρατεύει
1302 3638 1331 3691 6
1357 3638 1611 3708 βασιλεὺς
1629 3640 1772 3693 κατὰ

170 3724 576 3794 Γερμανικίαν,
620 3725 714 3776 καὶ
745 3724 953 3794 ταύτην
1011 3727 1470 3796 αἰχμαλωτεύσας
1504 3730 1772 3800 ὑπέστρε-

168 3818 297 3886 ψεν.
337 3816 580 3885 Τελευτᾷ
606 3815 659 3868 δὲ
685 3817 1097 3881 Κωνσταντῖνος
1128 3819 1237 3881 υίὸς
1271 3820 1489 3889 Μιχαὴλ
1520 3823 1549 3874 6
1575 3821 1634 3888 ἐξ
1669 3822 1770 3873 Εὐ-

170 3910 395 3971 ὁοκίας,
428 3909 503 3972 ὠς
528 3890 585 3960 δὲ
615 3908 792 3975 λόγος,
830 3909 946 3971 υίὸς
991 3909 1276 3963 Βασιλείου
1297 3928 1309 3941 ·
1344 3911 1404 3964 ὃν
1438 3912 1611 3965 πολλὰ
1635 3912 1766 3984 θρη-

172 4006 361 4074 νὴσας
382 4002 616 4055 ἀπέθετο
644 4006 702 4055 ἐν
738 4005 847 4066 τοίς
876 4004 1070 4071 τάφοις
1102 4002 1214 4055 τῶν
1257 4004 1552 4074 βασιλέων.

254 4269 360 4338 ις’.
393 4270 487 4339 Τῷ
516 4271 577 4323 ιδ’
630 4268 797 4322 αὐτοῦ
823 4266 955 4329 ἔτει,
992 4268 1124 4337 μην)⁸
1154 4266 1317 4339 Μαΐῳ
1374 4266 1422 4320 α’
1464 4268 1773 4336 ἐγκαινίζε-

175 4384 276 4421 ται
302 4367 404 4420 καὶ
427 4362 795 4433 ἐνθρονίζεται
828 4363 859 4429 η
900 4359 1019 4415 Nlo.
1058 4359 1327 4428 ἐκκλησία
1372 4364 1524 4430 παρὰ
1572 4361 1776 4415 Φωτίου

179 4459 536 4530 πατριάρχου
547 4498 560 4510 .

262 4550 354 4615 ιζ’.
380 4548 473 4620 Τῷ
508 4546 567 4601 ,ε’
598 4547 764 4602 αὑτοῦ
797 4548 906 4601 ἔτει
936 4546 1086 4601 Λέων
1108 4548 1137 4600 6
1166 4545 1472 4617 Σαλιόαρᾶς
1504 4547 1778 4617 συνοψίζει

1853 1966 1974 2036 ejus
1999 1965 2349 2021 exstruenda:
2376 1981 2559 2020 causa.
2593 1965 2742 2018 luter
2768 1965 2883 2018 lucc
2909 1976 3232 2018 ornamenta
3255 1971 3435 2019 statua

1852 2074 2005 2113 aenea
2058 2058 2112 2112 in
2165 2066 2359 2112 senatu
2403 2066 2525 2110 erat
2564 2057 2805 2126 episcopi
2848 2056 3063 2119 habitu,
3120 2056 3436 2127 virgamque

1855 2171 2020 2210 manu
2056 2152 2462 2223 tenens,,692
2492 2153 2579 2206 cui
2632 2167 2859 2220 serpens
2908 2152 3057 2222 gyris
3106 2150 3440 2205 convolutos

1854 2256 1995 2302 erat.
2030 2246 2219 2301 Statua
2248 2246 2301 2298 in
2333 2245 2654 2299 vestiarium
2687 2245 2857 2308 illata,
2887 2243 3116 2298 veniens
3143 2243 3440 2312 imperator

1860 2340 1914 2394 in
1956 2339 2232 2409 serpentis
2261 2354 2325 2393 os
2368 2338 2616 2393 immisso
2642 2337 2837 2408 digito,
2866 2337 2994 2391 vivo
3027 2336 3135 2390 alio
3182 2345 3441 2406 serpente

1860 2433 2010 2487 intus
2041 2431 2318 2486 residente
2349 2445 2594 2486 morsum
2644 2429 2926 2501 inﬁgente,
2958 2430 3038 2484 sic
3066 2428 3228 2483 lassus
3261 2437 3346 2483 est
3382 2438 3443 2484 ut

1860 2528 1949 2583 vix
1982 2528 2108 2583 ullis
2136 2527 2397 2581 remediis
2423 2525 2602 2581 curari
2634 2524 3018 2596 potuerit.Sed
3046 2534 3101 2578 ct
3133 2524 3443 2579 Salomonis

1860 2633 2099 2678 statuam
2129 2623 2183 2677 in
2214 2622 2439 2677 basilica
2480 2621 2860 2679 constitutam,
2888 2635 2954 2673 ex
2981 2635 3082 2673 suo
3101 2618 3443 2674 cﬂ'ormatam

1862 2717 2106 2776 nomine,
2159 2732 2217 2771 se
2278 2716 2457 2783 ipsum
2493 2714 2599 2768 deo
2631 2714 2778 2768 velut
2813 2713 3046 2767 hostiam
3078 2711 3340 2777 otl‘erens,
3387 2709 3443 2766 in

1863 2814 2026 2869 Nova:
2057 2813 2304 2869 ecclesiae
2347 2812 2701 2867 tundamenta
2723 2813 2876 2882 jecit.

1940 2990 2025 3042 l3.
2060 2989 2220 3042 Anno
2250 2987 2431 3042 Basilii
2456 2988 2671 3057 imperii
2695 2987 3005 3049 υιιιιειίιῐιο,
3040 2994 3291 3054 suscepta
3325 3000 3447 3037 ror-

1863 3096 1959 3135 sus
1989 3081 2289 3150 imperator
2321 3080 2586 3135 adversus
2627 3081 3013 3134 Meliteneuses
3070 3078 3445 3146 expeditione.

1866 3171 2163 3240 multisque
2191 3171 2394 3241 pneliis
2425 3173 2603 3227 victor
2632 3171 2953 3241 ingentique
2984 3180 3217 3224 onustus
3243 3168 3444 3239 praeda,

1790 3271 1832 3327 ο
1867 3277 1931 3315 ac
1957 3262 2187 3330 captivis
2212 3262 2487 3325 adductis,
2523 3278 2781 3317 reversus
2813 3273 2917 3317 est.

1946 3355 2029 3409 14.
2065 3355 2224 3409 Anno
2249 3354 2431 3410 Basilii
2467 3356 2682 3426 imperii
2720 3357 3071 3420 duodecimo,
3121 3359 3328 3427 lguatio
3353 3375 3444 3426 pa-

1874 3446 2113 3501 triarcha
2139 3446 2276 3501 vivis
2292 3456 2568 3516 exempto.
2592 3447 2820 3504 Photius
2846 3449 3007 3518 regiae
3026 3448 3178 3503 urbis
3196 3450 3451 3504 sacerdos

1874 3541 2074 3595 iterum
2113 3552 2407 3610 provectus
2432 3550 2536 3596 est.

1948 3634 2033 3688 15.
2086 3636 2248 3689 Anno
2302 3635 2486 3689 Basilii
2537 3635 2754 3705 imperii
2794 3636 2960 3690 tertio
2989 3636 3206 3691 decimo
3240 3637 3455 3691 eductis

1876 3723 2178 3793 imperator
2210 3725 2476 3779 adversus
2504 3725 2910 3780 Germaniciam
2938 3726 3131 3793 copiis,
3160 3741 3335 3796 eaque
3369 3725 3453 3779 di-

1877 3822 2032 3881 repta
2076 3823 2241 3884 atque
2295 3824 2525 3878 vastata,
2586 3831 2843 3870 reversus
2892 3828 2995 3871 est.
3051 3817 3279 3871 Moritur
3325 3833 3457 3872 vero

1874 3907 2267 3963 Constantinus
2298 3910 2580 3965 Michaelis
2606 3910 2749 3965 lilius
2770 3927 2834 3964 ex
2876 3910 3137 3975 Eudocia,
3174 3912 3457 3966 hominum

1876 4007 2061 4052 autem
2108 4001 2365 4070 vulgique
2429 4001 2689 4070 Opinione
2738 4002 2923 4057 Basilii
2958 4002 3119 4058 filius.
3180 4004 3315 4057 Eum
3366 4004 3456 4058 ille

1878 4090 2085 4160 ingenti
2116 4092 2264 4146 luctu
2292 4102 2622 4161 prosecutus
2652 4095 2826 4165 ipsius
2853 4095 2903 4149 in
2933 4096 3324 4167 imperatorum
3371 4116 3461 4153 sc-

1878 4180 2087 4251 pulcris
2126 4183 2289 4238 [unus
2314 4183 2589 4253 deposuit.

1962 4275 2049 4331 16.
2087 4274 2244 4330 Anno
2264 4276 2449 4330 Basilii
2481 4277 2699 4348 imperii
2722 4291 2920 4349 quarto
2941 4280 3177 4341 decimo,
3202 4279 3461 4335 Kalendis

1881 4367 2026 4432 Maii,
2057 4367 2350 4423 dedicatur
2377 4369 2689 4440 divinisque
2712 4370 2906 4427 ciliciis
2938 4373 3157 4442 publice
3181 4374 3464 4429 celebran-

1882 4461 1967 4514 dis
1992 4463 2239 4530 aperitur
2271 4479 2301 4516 a
2330 4463 2525 4517 Photio
2561 4464 2873 4533 patriarcha
2901 4464 3048 4519 Nom
3080 4465 3336 4521 ecclesia.

1962 4555 2046 4607 t7.
2083 4554 2242 4609 Anno
2269 4555 2453 4610 Basilii
2485 4556 2701 4622 imperii
2735 4557 2929 4626 quinto
2962 4557 3179 4612 decimo
3223 4558 3332 4613 Leo
3366 4559 3465 4613 Sa-

180 4646 381 4714 Oz-niq:
435 4640 752 4711 πατριάρχῃ
785 4637 1059 4708 Θεόδωρον
1093 4637 1327 4707 μοναχὸν
1368 4637 1461 4689 τὸν
1497 4638 1768 4692 Σανταόα-

1883 4647 2090 4701 libaras
2125 4647 2479 4701 Theodorum
2509 4650 2841 4703 monachum
2864 4649 3302 4707 Santabarenum
3326 4651 3467 4707 Pho-

185 4738 383 4809 ρηνὸν,
415 4735 473 4793 ὃς
506 4731 836 4786 61r6¢totiou
892 4730 1032 4801 μετὰ
1084 4730 1245 4783 τοῦτο
1283 4731 1507 4799 γέγονεν
1532 4730 1619 4793 [Ρ.
1651 4731 1776 4805 «15η

185 4828 637 4901 αρχιεπίσκοπος
671 4823 975 4894 Εὑχαϊτων,
1034 4822 1110 4885 ὼς
1142 4822 1345 4893 εὐλαϐῆ
1391 4823 1486 4875 καὶ
1524 4823 1780 4877 ποιοῦντα

184 4923 459 4993 τεράστια
493 4918 588 4971 καὶ
618 4915 1004 4987 προορατικόν.
1041 4914 1246 4973 Φώτιος
1296 4914 1353 4967 δέ
1400 4914 1591 4968 τοῦτον
1621 4915 1782 4968 Βασι-

186 5017 320 5087 λείῳ
364 5013 580 5083 {iactitat
614 5008 922 5082 μεσιτεύειο
957 5009 1036 5070 εἰς
1065 5007 1126 5060 ὃν
1178 5008 1207 5059 6
1239 5007 1493 5077 βασιλεὺς
1525 5008 1784 5075 ἀρεσθεὶς

190 5108 357 5179 (πρδς
390 5108 502 5177 γὰρ
546 5103 646 5166 τὰς
688 5099 989 5171 ἐπιθυμίας
1032 5098 1198 5153 αὑτοῦ
1248 5100 1501 5170 διέκειτο)
1549 5097 1694 5171 εἶχεν
1726 5104 1786 5153 ἐν

192 5204 331 5272 τιμῇ
393 5198 586 5269 πολλῇ.
627 5197 724 5259 Ὃς
763 5194 1083 5266 ἀθυμοῦντα
1136 5193 1227 5245 τὸν
1260 5191 1488 5262 βασιλέα
1532 5193 1784 5263 περὶτοῦ

193 5294 627 5361 τελευτήσαντος
658 5287 775 5342 υἱοῦ
805 5287 972 5340 αὐτοῦ
1004 5287 1438 5349 Κωνσταντίνου,
1467 5287 1553 5340 διὰ
1578 5290 1635 5339 τὸ
1670 5289 1786 5354 φίλ-

1888 4738 1964 4790 tio
1995 4738 2321 4807 patriarchae
2368 4740 2422 4793 in
2459 4741 2794 4811 colloquium
2836 4740 3063 4796 adducit
3114 4744 3182 4810 (is
3220 4753 3406 4811 postea
3437 4760 3466 4796 a

1889 4830 2085 4883 Pbotio
2114 4840 2338 4885 creatus
2392 4832 2785 4887 Euchaitarum
2838 4835 3313 4904 archiepisc0pus)
3345 4844 3464 4888 tau-

1888 4940 2053 4995 quam
2087 4925 2261 4978 virum
2292 4926 2455 4997 693
2493 4927 2809 4996 religiosum
2839 4928 3329 4997 prodigiorumque
3364 4944 3459 4997 pa-

1894 5026 2156 5071 tratorem
2184 5019 2477 5072 miriﬁcum
2504 5035 2567 5073 ac
2584 5019 2769 5073 futura
2790 5010 3170 5088 praenoscendi
3195 5028 3309 5073 arte
3331 5036 3467 5088 pric-

1888 5110 2084 5164 ditum.
2119 5112 2345 5165 Photius
2384 5111 2582 5164 Basilio
2620 5110 2940 5180 imperatori
2972 5111 3153 5164 virum
3186 5110 3465 5171 insinuat;

1889 5217 1999 5271 quo
2027 5201 2334 5256 delectatus
2392 5203 2689 5270 imperator
2722 5200 2946 5271 (quippe
2995 5202 3114 5269 ejus
3151 5208 3471 5255 assentautc

1888 5292 2204 5359 desideriis)
2237 5308 2365 5346 cum
2417 5307 2614 5362 magno
2647 5292 2701 5344 in
2744 5292 2922 5361 pretio
2950 5291 3163 5345 habuit.
3196 5291 3249 5344 ls
3301 5291 3471 5359 impe-

197 5404 326 5457 τρον
359 5386 500 5454 ὅπερ
533 5384 614 5444 εἰς
650 5381 812 5435 αὐτὸν
843 5375 1011 5449 εἶχεν,
1037 5379 1269 5443 ἐπλάνα,
1291 5378 1389 5431 καὶ
1417 5380 1768 5449 ἐπηγγέλλετι

1892 5394 2127 5437 ratorcm
2162 5384 2232 5437 ob
2265 5382 2609 5438 Constantini
2643 5381 2739 5435 filii
2773 5395 3027 5441 mortem.
3051 5397 3160 5451 qua
3186 5382 3389 5434 amoris
3420 5381 3471 5434 vi

196 5479 370 5545 δεῖξαι
400 5476 601 5540 ζῶντα.
638 5474 705 5527 '0
739 5474 834 5525 καὶ
884 5471 1171 5543 ἐποίησεν·
1202 5473 1260 5524 ἐν
1295 5470 1408 5541 γὰρ
1456 5470 1633 5543 λόχμῃ
1682 5476 1790 5524 τινὶ

200 5570 538 5641 διερχομένῳ
578 5565 655 5635 τῷ
690 5564 903 5635 βασιλεῖ
934 5563 1227 5631 φάντασμα
1284 5563 1592 5632 συνηπήΘη
1625 5563 1790 5631 gem.

1894 5476 1948 5529 in
1976 5491 2101 5529 eum
2129 5474 2434 5534 ferebatur,
2469 5489 2589 5528 sese
2620 5472 2812 5526 dolore
2841 5471 3229 5525 conﬁcientem
3256 5471 3473 5533 videns,

1897 5567 2082 5620 vivum
2124 5581 2183 5621 se
2230 5566 2307 5620 illi
2337 5576 2689 5620 ostensurum
2747 5563 3018 5631 impostor
3050 5561 3328 5629 pollicitus
3348 5571 3434 5614 est
3461 5581 3475 5617 .

204 5683 327 5729 πον,
366 5662 784 5733 χρυσοΰφαντον
832 5657 1201 5726 ἐνδεδυμένον,
1266 5657 1325 5707 ἐν
1385 5655 1463 5727 τῷ
1508 5655 1638 5708 είδει
1695 5657 1768 5707 τοί

1897 5669 1955 5715 et
1988 5676 2118 5712 vero
2166 5674 2281 5712 rem
2313 5656 2585 5727 praestitit.
2623 5654 2703 5709 Ad
2761 5653 3056 5723 quemdam
3086 5652 3236 5705 enim
3278 5652 3476 5706 saltum

206 5756 623 5813 Κωπτα-νλνου
648 5773 657 5782 ·
687 5754 715 5805 ὃ
759 5753 849 5805 καὶ
882 5749 1179 5818 ὀφθαλμοῖς
1216 5747 1338 5801 ἰδὼν
1369 5753 1461 5801 καὶ
1517 5748 1789 5819 περιπλα-

209 5850 322 5914 κεὶς
385 5846 773 5916 κατεφίλησεν.
835 5843 941 5896 Καὶ
1000 5841 1282 5911 γεγονότος
1333 5842 1595 5912 ἀφανοῦς,
1631 5841 1794 5894 αὐτὸν

1902 5748 2278 5804 obambulanti
2316 5744 2634 5816 imperatori
2680 5756 2959 5813 spectrum
3008 5742 3283 5812 quoddam
3337 5741 3479 5794 Con.

1906 5842 2130 5897 stantini
2173 5842 2351 5909 sprric
2379 5856 2520 5907 (‘qtm
2556 5837 2822 5899 insidens,
2856 5838 3104 5893 vestibus
3134 5852 3269 5890 auro
3307 5836 3480 5888 intex-
