4174 6442
770 374 875 437 759
1989 381 2351 442 ςγλιΕοΝιε

2455 385 2789 444 IAGISTRI
3912 386 4019 446 760

769 487 923 540 vario
948 487 1096 540 cultu
1148 487 1453 556 elegantem
1503 490 1802 546 fabricatus
1833 492 2003 547 Leoni
2038 496 2225 557 tradit,
2259 498 2342 549 di—

2455 498 2607 559 ιιίλως
2634 497 3002 561 ἐπισκευάσας
3034 498 3217 549 δίδωσι
3247 497 3324 567 τῷ
3365 499 3573 564 Λέοντι,
3607 498 3779 552 είπών
3800 517 3816 531 ⁸
3869 497 4019 553 οἶδα

768 589 939 629 cens:
970 574 1081 629 Scis
1113 576 1256 629 haud
1286 593 1410 631 raro
1440 580 1579 633 inter
1611 582 1910 635 venandum
1955 584 2009 637 in
2039 584 2255 639 bestiam
2288 595 2336 639 te

766 664 937 718 solum
962 667 1209 731 incidere,
1241 685 1461 738 cumque
1486 671 1616 724 desit
1641 672 1847 741 gladius
1867 675 1937 727 ad
1957 676 2335 746 jugulandum,

767 756 859 808 tibi
889 773 1005 809 eam
1029 759 1223 826 perire.
1256 758 1421 827 Hunc.
1441 777 1564 829 ergo
1592 771 1795 830 gestata
1826 778 1844 816 :
1875 764 2009 833 forte
2037 766 2196 817 etiam
2234 766 2337 817 im-

764 859 976 914 perator
997 856 1152 918 pater
1168 857 1291 904 tuus
1312 852 1591 907 consilium
1621 854 1881 908 laudabit.
1918 854 2191 910 Credulus
2208 869 2339 924 ergo

764 939 1139 994 scelestissimi
1174 942 1372 1010 capitis
1395 943 1581 998 verbis
1602 944 1713 999 Leo
1735 944 1976 1014 gladium
2007 946 2194 1000 sumit.
2212 946 2341 1003 Abit

762 1044 894 1098 ergo
922 1030 1065 1085 dolis
1094 1042 1362 1087 consutus
1400 1032 1832 1099 Santabarenns,
1866 1035 2028 1105 eique
2069 1036 2214 1103 apud
2248 1053 2340 1106 pa-

765 1128 904 1174 trem
928 1123 1138 1176 crimen
1162 1123 1443 1200 intentans
1481 1124 1649 1189 :Leo,
1693 1125 1889 1195 inquit,
1923 1126 2067 1193 ﬁlius
2109 1137 2228 1180 tuus
2258 1130 2335 1179 si-

764 1229 881 1265 cam
912 1222 1102 1283 gestat,
1132 1232 1194 1267 ac
1219 1231 1336 1268 cum
1365 1216 1507 1270 solus
1552 1226 1722 1269 tecum
1760 1218 2073 1282 versabitur,
2106 1220 2246 1288 [acto
2284 1220 2336 1271 in

766 1314 813 1354 ι’
847 1306 1043 1375 impetu
1076 1309 1458 1361 rontrucidabit
1486 1325 1549 1361 ac
1566 1309 1855 1378 jugulabit.
1888 1310 2135 1364 Audiens
2166 1310 2338 1378 impe-

768 1410 937 1461 rator,
978 1400 1273 1468 habitaque
1312 1401 1391 1454 rei
1424 1401 1670 1471 diligenti
1712 1402 2089 1471 inquisitione,
2119 1417 2183 1455 ac
2211 1418 2336 1455 cum

764 1511 825 1548 se
868 1494 941 1547 ita
995 1507 1108 1546 rem
1150 1493 1357 1548 habere
1391 1496 1711 1559 invenisset,
1749 1494 1803 1548 in
1835 1494 2122 1565 Margarita
2149 1494 2339 1549 oculo-

765 1601 887 1640 rum
947 1586 1133 1640 lumen
1181 1588 1543 1655 adempturus
1578 1587 1823 1651 inclusit,
1876 1587 1931 1639 ni
1986 1587 2214 1641 Photius
2243 1603 2341 1656 pa-

766 1678 1005 1733 triarcha
1034 1678 1236 1747 aliique
1274 1678 1458 1747 plures
1490 1677 1753 1732 senatorii
1784 1677 2015 1742 ordinis,
2045 1680 2336 1733 consilium

2441 589 2529 641 ὅτι
2576 587 2875 653 πολλάκις
2913 590 3003 653 εἰς
3053 587 3346 655 κυνήγιον
3387 589 3664 656 ἐμπίπτει
3712 605 3813 643 σοι
3867 590 4019 650 ζῶον

2436 680 2623 747 μόνῳ.
2650 679 2748 730 καὶ
2770 678 2857 746 μὴ
2886 678 3042 747 ἔχων
3062 678 3367 747 μάχαιραν
3387 678 3616 748 σφάξαι
3646 680 3795 733 αὐτὸ
3822 680 4016 735 ἀπόλ-

2437 774 2635 824 λυται.
2664 770 2930 831 Βάσταᾷ
2951 767 3068 824 οὖν
3091 773 3260 825 αὐτό.
3300 772 3479 836 Ἴσως
3518 772 3615 824 καί
3646 774 3680 825 ὁ
3711 772 4017 836 ,βασιλεὺς

2440 865 2472 916 ό
2503 861 2699 931 πατήρ
2736 877 2852 917 σου
2885 861 3191 916 ἐπαινέσει
3226 878 3349 921 σοι.
3381 862 3634 927 Πεισθεὶς
3655 859 3750 917 οὖν
3774 864 3856 934 τῷ
3881 863 4017 918 ά.λὰ-

2441 971 2593 1026 στορι
2639 958 2668 1009 ὁ
2702 956 2853 1009 Λέων
2899 955 3166 1035 λαμϐάνει
3200 956 3301 1026 τὴν
3349 955 3645 1025 μάχαιραν.
3685 957 4017 1025 ’Δπέρχεται

2438 1046 2531 1099 οὖν
2574 1049 2602 1100 ὁ
2638 1047 2810 1111 δόλιος
2857 1047 3297 1116 Σανταὸαρηνὸς,
3355 1051 3450 1100 καὶ
3505 1047 3782 1101 διαϐάλλει
3824 1047 4017 1100 τοῦτον

2442 1139 2579 1207 πρὸς
2621 1138 2713 1191 τὸν
2739 1139 2955 1209 πατέρα
2996 1138 3185 1202 αὐτοῦ,
3221 1139 3297 1202 ὡς
3342 1139 3405 1191 '0
3439 1139 3605 1193 Λέων
3647 1141 3681 1192 ὁ
3724 1139 3858 1205 υίός
3896 1154 4018 1193 σου

2442 1230 2816 1301 παραμήριον
2838 1230 3148 1295 βαστάζει,
3179 1232 3278 1284 καὶ
3308 1232 3491 1297 ἡνίκα
3512 1229 3847 1300 novalis-uagi
3869 1231 4019 1298 μετὰ

2441 1321 2576 1385 σοῦ,
2621 1319 2812 1390 ὁρμᾷν
2836 1320 2963 1389 ἕχει
2990 1320 3099 1373 τοῦ
3136 1320 3363 1389 σφάξαι
3395 1337 3490 1375 σε.
3528 1320 3697 1373 Τοῦτο
3725 1320 3970 1382 ἀκούσας
3993 1323 4021 1372 ὸ

2445 1416 2696 1482 βασιλεὺς
2719 1414 2811 1465 καὶ
2842 1414 3142 1482 ἐρευνήσας
3171 1414 3266 1466 καὶ
3293 1412 3468 1481 εὑρὼν
3501 1413 3829 1465 ἀπέκλεισεν
3854 1412 4020 1464 αὑτὸν

2444 1507 2501 1556 ἐν
2557 1503 2637 1572 τῷ
2683 1504 3034 1572 Μαργαρίτῃ,
3088 1500 3404 1571 βουλόμενος
3448 1502 3819 1568 ἐκτυφλῶσαι,
3864 1504 3916 1554 εί
3946 1502 4021 1573 μὴ

2441 1596 2644 1658 Φώτιος
2688 1598 2718 1648 ὁ
2767 1595 3111 1665 πατριάρχης
3146 1594 3262 1662 μετ’
3292 1593 3469 1647 ἄλλων
3501 1594 3713 1646 πολλῶν
3746 1593 3848 1661 τῆς
3883 1610 4021 1659 συγο

2446 1690 2644 1759 κλήτου
2671 1687 2831 1741 τοῦτο
2860 1687 3235 1741 διεσκέδασαν.
3267 1685 3352 1757 [P.
3395 1684 3523 1756 460]
3559 1686 3695 1747 Τοὺς
3720 1686 3778 1738 δὲ
3803 1685 4021 1755 ανθρώ-

767 1771 1077 1824 ἰςιὶιιεηιοάί
1122 1770 1500 1838 dissipassent.
1549 1770 1752 1825 Leonis
1796 1770 2128 1826 domesticos
2153 1786 2344 1825 omnes

2455 1748 2579 1844 πούς
2612 1780 2778 1834 αὑτοῦ
2819 1780 3027 1841 πάντας
3057 1777 3229 1831 πολλὰ
3263 1748 3606 1848 τιμωρήσας,
3627 1777 3724 1840 ,ὥς
3749 1748 4024 1831 οὐδὲν-εὖ-

765 1862 862 1916 diu
895 1862 1236 1935 multumque
1272 1862 1637 1927 excruciatos,
1689 1877 1813 1916 cum
1848 1861 1987 1916 nihil
2037 1862 2096 1916 in
2144 1862 2225 1917 eis
2255 1864 2342 1916 in-

768 1953 961 2007 tentati
987 1952 1236 2007 criminis
1266 1952 1743 2022 deprehendisset,
1777 1954 2058 2024 relegavit.
2089 1952 2200 2008 Leo
2230 1953 2344 2024 ipse

767 2061 985 2101 menses
1018 2054 1129 2099 tres
1174 2056 1405 2116 paterno
1432 2046 1692 2099 exclusus
1716 2046 1884 2117 698
1911 2056 2233 2116 conspectu,
2272 2047 2347 2101 lu-

765 2154 900 2207 gens
922 2138 1325 2207 deploransque
1369 2155 1433 2193 ac
1466 2138 1677 2194 crebris
1711 2138 1962 2208 epistolis
1999 2139 2346 2209 imperatoris

766 2231 1118 2284 clementiam
1155 2230 1402 2299 pulsans,
1431 2230 1632 2300 exegit.
1662 2229 1904 2284 Solemni
1929 2237 2112 2283 autem
2140 2228 2347 2285 S.Elia:

767 2322 881 2387 die,
911 2323 1056 2392 quod
1091 2324 1393 2392 imperator
1435 2338 1629 2391 magna
1666 2322 1721 2377 in
1751 2336 1879 2395 eum
1918 2322 2023 2377 ﬁde
2049 2321 2348 2393 impensio-

770 2413 928 2481 riquc
976 2413 1238 2481 religione
1275 2412 1453 2481 ipsum
1501 2411 1731 2476 coleret,
1792 2426 1890 2481 per
1935 2411 2083 2475 hunc
2122 2410 2346 2465 modum

767 2506 880 2561 Leo
898 2514 1124 2575 paterno
1148 2507 1467 2574 conspectui
1488 2505 1734 2560 redditus
1750 2515 1864 2561 est:
1894 2506 2024 2559 Erat
2049 2506 2166 2560 avis
2195 2521 2347 2575 qua:-

770 2599 893 2652 dam
939 2598 1175 2668 quasillo
1220 2598 1460 2651 viminco
1505 2597 1655 2667 regio
1696 2597 1750 2650 in
1787 2597 2026 2651 triclinio
2063 2612 2096 2651 e
2142 2597 2349 2666 pariete

772 2688 1032 2759 pendula,
1061 2687 1261 2742 animal
1299 2702 1431 2742 sane
1462 2686 1745 2748 aemulum,
1781 2687 2184 2757 multiplicique
2215 2702 2349 2742 voce

775 2780 1051 2834 reddemla
1090 2778 1347 2832 idoneum
1382 2797 1395 2831 :
1432 2778 1727 2846 psittacum
1754 2786 1971 2831 vocant.
1998 2776 2144 2839 Hzec.
2178 2777 2295 2831 sive
2319 2792 2350 2830 a

773 2872 1100 2939 quibusdam
1124 2872 1394 2941 praedocta
1422 2872 1538 2925 sive
1564 2872 1724 2925 aliter
1746 2870 1968 2924 inducta
1998 2869 2197 2935 fuerat,
2223 2884 2351 2923 cre-

775 2966 873 3019 bro
919 2964 1093 3018 illud:
1149 2963 1284 3027 Ileu,
1343 2971 1462 3027 heu,
1511 2962 1720 3015 domine
1770 2961 1897 3027 Leo,
1951 2961 2347 3015 inelamitabat.

2447 1874 2580 1945 ρέθη
2600 1874 2699 1942 τῆς
2729 1872 3064 1942 κατηγορίας
3092 1870 3312 1941 ἀληθὲς,
3350 1870 3630 1941 ἐξώρισεν.
3677 1868 3937 1939 Ἐποίησε
3970 1869 4025 1920 δὲ

2444 1964 2554 2018 ἀπὸ
2581 1964 2757 2033 ὅψεως
2787 1963 2964 2033 μῆνας
2995 1964 3165 2032 τρεῖς,
3201 1960 3419 2032 θρηνῶν
3449 1960 3542 2014 καὶ
3568 1959 3896 2031 ὀδυρόμενος
3931 1958 4028 2010 καὶ

2445 2057 2512 2110 δι’
2556 2056 2857 2110 ἐπιστολῶν
2911 2054 3123 2106 πολλῶν
3173 2054 3443 2107 δυσωπῶν
3478 2052 3573 2106 τὸν
3614 2052 3866 2133 βασιλέα.
3915 2054 4028 2105 Καὶ

2444 2152 2545 2217 τῆς
2573 2149 2769 2219 ἑορτῆς
2801 2147 2893 2201 τοῦ
2921 2147 3079 2216 ἁγίου
3126 2146 3310 2202 Ἥλιοὺ
3341 2146 3649 2215 φθασάσης,
3687 2144 3811 2197 ἐπεὶ
3841 2142 4027 2201 πίστιν

2450 2243 2692 2313 μεγάλην
2717 2241 2875 2311 ἔσχεν
2901 2245 2929 2294 ὁ
2968 2240 3223 2309 βασιλεὺς
3254 2242 3335 2303 είς
3364 2237 3455 2291 τὸν
3484 2239 3662 2305 άγιον,
3690 2238 4028 2307 ἀποσυναιά-

2448 2337 2529 2398 ζει
2559 2335 2711 2388 Λέων
2747 2333 2825 2405 τῷ
2861 2333 3050 2403 τρόπῳ
3076 2329 3254 2401 τούτῳ
3276 2347 3291 2360 ’
3334 2326 3445 2384 Ἦν
3469 2348 3521 2384 τι
3557 2329 3697 2395 ζῶον
3735 2330 3943 2401 πτηνὸν
3971 2332 4031 2389 ἐξ

2446 2427 2667 2496 ταλάρῳ
2694 2424 2910 2494 πλεκτῷ
2940 2423 3082 2478 κατὰ
3120 2422 3189 2476 τὰ
3232 2422 3483 2492 βασίλεια
3512 2420 3911 2493 αἰωρούμενον,
3938 2439 4032 2489 μι-

2451 2519 2621 2590 μηλὸν
2652 2518 2749 2570 καὶ
2779 2516 3117 2583 πολύφωνον.
3147 2515 3176 2567 ὃ
3205 2514 3469 2584 ψιττακὸς
3510 2513 3857 2583 ὀνομάζεται,
3889 2514 4032 2582 ὅπερ

2452 2612 2563 2663 εἴτε
2592 2610 2729 2679 πρός
2758 2625 2919 2661 τινων
2953 2607 3202 2677 διδαχθὲν
3241 2608 3340 2660 εἴτ’
3370 2605 3545 2670 ἄλλως
3585 2622 3702 2668 πως
3742 2606 4031 2668 πολλάκις,

2450 2702 2522 2756 Αἲ
2544 2701 2627 2765 al,
2660 2701 2824 2769 κύριε
2861 2699 3047 2764 Λέων,
3076 2698 3398 2767 ἐφθέγγετο.
3448 2694 3773 2760 Πανδαισίας
3800 2696 3859 2747 δέ
3899 2710 4033 2749 ποτε

2453 2794 2781 2864 τελουμένης
2810 2792 2889 2862 τῷ
2916 2792 3145 2862 βασιλεῖ,
3173 2791 3273 2845 καί
3296 2792 3405 2844 τῶν
3440 2791 3675 2862 πρώτων
3699 2792 3802 2860 τῆς
3834 2788 4034 2857 βουλῆς

2454 2884 2904 2955 συνεστιωμένων
2926 2884 3096 2955 αὐτῷ,
3117 2883 3324 2936 καὶτοῦ
3347 2882 3560 2953 ὄρνιθος
3581 2881 3844 2945 πολλάκις
3868 2880 4036 2948 φθεγο

2454 2979 2690 3047 γομένου
2705 2977 2767 3029 τὸ
2784 2976 3114 3048 προρρηθὲν,
3132 2976 3627 3044 ιπιπυγνάσαντες
3644 2976 3693 3028 oi
3710 2975 4038 3043 δαιτυμόνας

772 3058 1114 3125 Quandoque
1174 3057 1343 3124 igitur
1392 3055 1662 3110 instructo
1718 3054 2038 3123 imperatori
2073 3052 2346 3109 convivio.

2455 3068 2671 3137 καὶτῆς
2700 3068 2935 3138 εὐωχίας
2966 3067 3309 3137 παυσάμενοι
3342 3067 3435 3119 ἐπὶ
3463 3067 3713 3129 συννοίας
3743 3066 4034 3135 ἐκάθηντο.

775 3160 1107 3219 senatusque
1140 3149 1467 3219 proceribus
1508 3147 1575 3201 ad
1608 3147 1801 3217 epulas
1837 3160 2193 3214 mensamque
2223 3159 2353 3197 con-

776 3243 1108 3304 sidentibus,
1155 3257 1280 3295 cum
1313 3241 1432 3294 avis
1460 3256 1624 3310 quam
1656 3240 1905 3294 dicebam
1950 3238 2182 3292 naaniam
2228 3252 2343 3291 cre-

778 3336 932 3389 brius
960 3336 1301 3402 loqueretur,
1333 3335 1386 3386 in
1429 3333 1706 3387 tristitiam
1740 3333 1881 3386 versi
1917 3331 2163 3385 convivae
2191 3330 2355 3383 cibis-

776 3442 883 3497 que
908 3427 1251 3479 abstinentes
1280 3426 1482 3479 morosi
1512 3424 1795 3478 sedebant.
1828 3422 2231 3477 Animadvertit
2253 3422 2356 3475 im-

778 3528 1023 3585 nerator,
1056 3533 1387 3586 causamque
1434 3517 1766 3572 sciscitatur.
1817 3516 1897 3570 Ad
1942 3531 2106 3585 quem
2145 3515 2224 3569 illi
2281 3515 2358 3569 la-

777 3611 968 3667 crimis
990 3611 1194 3679 oppleti
1230 3629 1243 3663 :
1280 3608 1445 3673 Quas,
1477 3609 1654 3671 aiunt,
1689 3608 1851 3676 dapes
1896 3624 2183 3673 sumemus,
2238 3608 2357 3677 qui-

779 3706 874 3756 bus
898 3705 971 3755 sic
996 3715 1141 3754 muta
1173 3701 1419 3754 animans
1448 3701 1744 3770 exprobret,
1789 3700 1879 3770 qui
1919 3703 2124 3753 ratione
2153 3700 2358 3769 prazditi

782 3812 845 3847 ac
864 3794 1062 3847 domini
1093 3802 1331 3846 amantes
1354 3794 1629 3845 uideamur
1652 3793 1677 3844 ?
1702 3809 1819 3845 eum
1855 3794 1929 3845 sic
1958 3791 2055 3845 illa
2089 3795 2358 3845 dominum

784 3897 1005 3947 revocet,
1048 3901 1140 3937 nos
1170 3902 1291 3937 vero
1326 3886 1380 3937 in
1412 3885 1610 3937 deliciis
1645 3894 1857 3953 agentes
1891 3885 2003 3953 ejus
2036 3886 2256 3937 insontis
2283 3885 2359 3937 vi-

780 3978 971 4029 deatur
992 3976 1178 4028 oblivio
1202 3972 1427 4044 cepisse;
1450 3976 1494 4027 si
1517 3976 1655 4027 enim
1689 3976 1740 4027 in
1739 3976 1902 4044 juriie
1931 3990 2052 4028 reus
2073 3975 2361 4041 deprehen-

782 4070 926 4121 ditur
968 4077 1060 4121 aut
1106 4069 1161 4122 in
1203 4078 1483 4138 paternum
1536 4077 1694 4138 caput
1748 4068 2019 4121 dexteram
2052 4068 2363 4120 instruxisse

782 4163 1120 4231 comperitur,
1149 4178 1268 4214 eum
1297 4178 1389 4214 nos
1425 4162 1521 4227 ipsi
1543 4176 1722 4212 omnes
1752 4160 2197 4223 contrucidemus,
2224 4160 2364 4229 ejus-

782 4271 884 4323 que
917 4270 1156 4307 cruorem
1181 4252 1471 4307 insatiabili
1504 4252 1755 4305 aviditate
1782 4251 2065 4320 fundamus
2094 4268 2111 4305 :
2141 4252 2222 4304 sin
2265 4252 2365 4303 mi-

2457 3156 2550 3224 Οἷς
2578 3160 2860 3230 προσέχων
2878 3162 2907 3213 ὁ
2940 3159 3194 3229 βασιλεὺς
3223 3162 3325 3230 τὴν
3358 3160 3539 3214 αἰτίαν
3568 3159 3925 3213 ἐπυνθάνετο.
3974 3162 4037 3212 0i

2455 3256 2514 3309 δὲ
2563 3256 2815 3326 δακρύων
2862 3254 3326 3325 ύποπλησθέντες,
3378 3254 3522 3309 Τίνα
3558 3254 3820 3322 βρῶσιν.
3856 3249 4037 3316 εἷπον,

2457 3348 2819 3417 φανούμεθα,
2851 3346 3040 3410 οὕτως
3068 3346 3186 3399 ὑπὸ
3213 3345 3287 3413 τῇ
3315 3344 3485 3414 φωνῇ
3516 3345 3624 3399 τοῦ
3648 3347 3879 3414 ἀλόγου
3908 3348 4042 3398 τού-

2460 3456 2565 3491 του
2592 3435 3009 3505 ὀνειδιζόμενοι
3041 3438 3094 3489 οι
3119 3436 3447 3497 δοκοῦντες
3482 3434 3650 3503 ἡμεῖς
3676 3436 3908 3502 λογικοὶ
3944 3435 4043 3487 καὶ

2459 3528 2907 3598 φιλοδέσποτοι,
2947 3527 3035 3579 ὅτι
3074 3526 3221 3580 αὐτὸ
3261 3527 3381 3595 μὲν
3420 3528 3529 3580 τὸν
3570 3526 3794 3580 οἰκεῖον
3826 3528 4043 3580 dram-

2459 3618 2648 3672 λεῖται
2674 3616 3001 3681 δεσπότην,
3035 3616 3208 3685 ἡμεῖς
3230 3617 3298 3670 δὲ
3329 3616 3671 3685 τρυφῶντες
3707 3618 3911 3684 ,λήθην
3938 3618 4045 3671 τοῦ

2456 3710 2541 3779 μὴ
2572 3706 2980 3774 ἀδικήσαντος
3008 3708 3311 3762 δεσπότου
3336 3708 3665 3777 ὲλὰδομεν;
3696 3712 3764 3763 Et
3788 3710 3909 3778 μὲν
3938 3712 4045 3779 γὰρ

2462 3802 2769 3870 ἐλέγχεται
2811 3800 3036 3854 ἀδικῶν
3070 3802 3168 3853 καὶ
3203 3802 3353 3853 κατὰ
3383 3799 3489 3867 τῆς
3526 3799 3823 3868 πατρικῆς
3866 3816 4047 3869 κερα-

2463 3895 2582 3960 λῆς
2630 3894 2994 3960 εὐτρεπίσας
3034 3895 3150 3958 τὴν
3193 3892 3423 3956 δεξιὰν,
3461 3893 3806 3961 αὐτόχειρες
3859 3892 4047 3945 αὐτοῦ

2464 3984 2636 4052 ἡμεῖς
2671 3983 2897 4047 πάντες
2934 3982 3257 4052 γενώμεθα,
3292 3983 3393 4035 καὶ
3422 3980 3530 4035 τοῦ
3564 3983 3814 4050 αἵματος
3860 3981 4047 4035 αὐτοῦ

2460 4077 2546 4145 μὴ
2567 4072 2879 4143 λαϐώμεθα
2904 4076 3103 4141 κόρον.
3132 4073 3318 4142 Μέχρι
3341 4074 3384 4106 ⁷⁸
3408 4074 3573 4139 τινος
3604 4074 3644 4141 ἡ
3672 4071 4051 4140 συκοφάντις

2465 4166 2720 4236 γλῶσσα
2763 4165 2892 4218 κατ’
2933 4164 3123 4219 αὑτοῦ
3163 4164 3690 4233 δυναμωθήσεται;
3731 4164 4048 4233 Μαλαχθεὶς

2466 4258 2560 4313 οὖν
2588 4260 2702 4322 τοῖς
2728 4257 2992 4319 τοιούτοις
3022 4257 3198 4323 λόγοις
3234 4258 3262 4309 ὁ
3294 4256 3549 4326 βασιλεὺς
3583 4257 3704 4310 τότε
3739 4256 3845 4327 μὲν
3884 4255 4051 4308 καθε-

786 4363 905 4405 nus.
939 4346 1192 4413 (mauidiu
1223 4346 1278 4396 in
1306 4361 1425 4397 eum
1455 4344 1739 4397 calumnia:
1770 4343 1934 4394 tincta
1958 4358 2153 4412 ueneno
2185 4341 2351 4410 lingua

2472 4352 2665 4419 σθῆναι
2710 4351 2932 4411 τούτους
2979 4348 3313 4417 προσέταξεν
3352 4350 3446 4402 καὶ
3485 4349 3759 4418 σκοπῆσαι
3789 4350 3925 4420 περὶ
3958 4347 4053 4401 τοῦ

784 4438 1131 4509 pra'valebit?
1165 4435 1479 4489 Istiusmodi
1518 4434 1703 4487 verbis
1739 4433 1954 4486 mitiore
1981 4443 2222 4486 mutatus
2265 4434 2351 4486 im-

2470 4444 2797 4513 πράγματος
2822 4443 3213 4513 ἐπηγγείλατο.
3255 4441 3388 4495 Μετ’
3418 4441 3480 4493 ού
3526 4442 3659 4494 πολὺ
3692 4441 3752 4503 δὲ
3780 4441 3926 4513 πρὸς
3955 4440 4055 4508 τὴν

789 4538 1024 4598 pen-ator,
1066 4537 1194 4582 tunc
1242 4527 1461 4595 quidem
1506 4526 1702 4579 sedere
1733 4539 1830 4578 eos
1855 4524 2019 4595 jussit
2058 4540 2121 4579 ac
2154 4540 2211 4579 se
2248 4541 2362 4578 rem

789 4621 1162 4673 discussurum
1211 4618 1485 4687 promisit.
1514 4618 1626 4671 Nec
1648 4618 1741 4671 diu
1776 4626 1897 4686 post
1927 4616 1992 4671 ad
2025 4618 2245 4687 genium
2276 4617 2363 4669 in-

790 4713 1079 4781 dolemquc
1107 4728 1359 4766 reversus
1395 4728 1426 4765 e
1456 4727 1677 4765 carcere
1714 4711 1974 4765 eductum
2007 4710 2246 4765 Leonem
2280 4710 2365 4764 sui

789 4812 1086 4872 conspectu
1109 4803 1272 4875 699
1291 4803 1479 4866 donat,
1508 4814 1793 4873 mutatque
1822 4812 2030 4857 vestem
2052 4802 2363 4870 lugubrem;

788 4911 852 4948 ac
890 4896 1225 4963 superﬂuum
1266 4912 1329 4948 ex
1363 4911 1597 4949 mmrore
1649 4895 1973 4964 capillorum
2006 4910 2148 4948 onus
2188 4893 2370 4949 levare

783 4988 985 5058 jubens
1012 4988 1079 5041 ad
1118 4988 1410 5057 pristinum
1462 4988 1623 5057 regiae
1664 4987 1946 5055 dignitatis
1988 4985 2215 5055 gradum
2250 4987 2367 5041 cui-

793 5093 1018 5149 tumque
1053 5089 1290 5133 revocat.
1317 5081 1462 5134 Inter
1491 5081 1791 5134 solemnem
1820 5094 1947 5131 vero
1970 5077 2024 5132 S.
2052 5079 2183 5132 Elia:
2211 5094 2368 5148 pom-

794 5186 914 5239 pam
947 5170 1197 5223 videntes
1227 5186 1352 5223 eum
1382 5170 1567 5241 populi
1599 5185 1662 5223 ac
1695 5170 1962 5224 factiones
1986 5169 2371 5238 gratulabundi

793 5260 1123 5323 clamabant,
1180 5261 1362 5316 Gloria
1410 5262 1521 5326 tibi,
1558 5259 1696 5314 Deus
1725 5261 1744 5313 !
1776 5261 1854 5314 Ad
1877 5276 2018 5330 quos
2051 5261 2371 5331 imperator.

794 5350 960 5403 Deum
998 5352 1331 5421 gloriﬁcatis,
1372 5354 1704 5423 gratulantes
1746 5370 1841 5423 pro
1873 5354 1986 5421 ﬁlio
2019 5353 2174 5406 meo?
2203 5352 2374 5406 Multa

795 5441 859 5495 ab
884 5459 942 5495 eo
974 5442 1118 5497 mala
1149 5448 1489 5507 sustinebitis,
1506 5445 1718 5515 diesque
1737 5461 1977 5499 (erumna
2002 5444 2181 5516 plenos
2206 5455 2372 5496 trans-

796 5538 964 5606 igetis.
1398 5596 1409 5618 1

870 5630 956 5682 2'2.
996 5633 1153 5685 Anno
1209 5632 1390 5686 Basilii
1440 5635 1651 5702 imperii
1701 5635 1915 5687 decimo
1952 5650 2098 5687 nono
2143 5632 2381 5685 Jmlmcs

2471 4537 2634 4605 φύσιν
2662 4532 2977 4589 ἐπανελθὼν
3001 4534 3186 4601 ἐξάγει
3208 4551 3267 4586 τε
3308 4533 3410 4603 τῆς
3435 4535 3677 4604 φρουρᾶς
3712 4534 3808 4586 καὶ
3830 4537 3912 4596 εἰς
3933 4533 4055 4601 ὄψιν

2473 4628 2594 4694 ἄγει
2626 4628 2811 4692 αὑτὸν,
2836 4628 2932 4680 καὶ
2952 4627 3052 4695 τὴν
3083 4624 3345 4695 πένθιμον
3378 4624 3597 4694 ἀμείϐει
3638 4624 3859 4694 στολὴν,
3882 4626 3976 4677 καὶ
3997 4624 4057 4676 τὸ

2478 4719 2726 4789 περιττὸν
2745 4719 2844 4786 τῆς
2866 4720 2924 4770 ἐν
2951 4720 3017 4788 τῇ
3040 4717 3187 4788 λύπῃ
3218 4717 3519 4787 τραφείσης
3549 4716 3727 4786 κόμης
3766 4731 4058 4784 περιαιρε-

2478 4811 2636 4881 θῆναι
2663 4811 2896 4874 κελεύει,
2924 4810 3020 4862 καὶ
3044 4810 3142 4878 τὴν
3170 4810 3442 4879 προτέραν
3471 4810 3567 4878 τῆς
3597 4808 3880 4877 βασιλείας
3908 4808 4059 4871 τάξιν

2480 4904 2574 4955 καὶ
2624 4903 2791 4973 τιμὴν
2850 4902 3164 4955 ἀποδίδωσι.
3222 4902 3331 4955 Καὶ
3387 4902 3487 4971 τῆς
3531 4900 3915 4970 προελεύσεως
3965 4898 4059 4952 τοῦ

2478 4998 2635 5063 ἁγίου
2683 4996 2865 5048 Ἠλιοῦ
2901 4996 3203 5065 γενομένης
3242 4995 3442 5056 ἰδόντες
3488 4993 3654 5046 αὑτὸν
3686 4996 3736 5045 οί
3781 4993 3908 5045 λαοὶ
3928 4995 4059 5045 ἐπε-

2480 5088 2756 5157 φωνοῦντο
2775 5104 2788 5117 ·
2818 5089 2971 5151 Δόξα
2999 5104 3117 5154 σοι,
3150 5091 3181 5141 ό
3214 5088 3386 5152 Θεόςί
3408 5088 3516 5139 Καὶ
3543 5087 3572 5138 ὁ
3593 5086 3854 5158 βασιλεὺς
3884 5080 4059 5139 εἶπεν·

2478 5177 2756 5243 Δοξάζετε
2789 5182 2894 5231 τιτν
2929 5179 3077 5232 Θεὸν
3106 5178 3254 5247 ὑπὲρ
3300 5178 3407 5232 τοῦ
3447 5178 3581 5233 υἱοῦ
3617 5196 3762 5247 μου.
3819 5179 4064 5242 Πολλὰς

2478 5274 2712 5339 θλίψεις
2744 5272 2845 5324 ὐπ’
2873 5272 3061 5325 αὑτοῦ
3111 5272 3280 5339 ἔχετε
3329 5272 3646 5340 ὑπομεῖναι
3687 5270 3785 5324 καί
3830 5270 4063 5324 ἐπωδὺ-

2480 5381 2625 5428 νους
2645 5365 2691 5394 ⁷⁸
2725 5362 2945 5431 ἡμέρας
2974 5362 3255 5417 διελθεῖν.
3660 5348 3661 5351 η

2560 5631 2663 5701 ιβ’.
2703 5632 2794 5702 Τῷ
2845 5632 2905 5685 ιθ¹
2952 5632 3061 5684 ἔτει
3092 5631 3253 5685 αὐτοῦ
3290 5632 3580 5699 μελετᾶται
3619 5634 3887 5703 ἀνταρσὲα
3922 5633 4068 5703 παρὰ

2088 5727 2323 5781 VARI/lt;
2369 5726 2771 5782 LLtZTlUNES.

904 5818 947 5845 ⁷⁵
979 5817 1161 5889 μέχρι]
1186 5821 1231 5870 εἰ
1268 5819 1320 5871 δὲ
1366 5819 1459 5890 μὴ.
1503 5821 1667 5891 μέχρε
1700 5822 1993 5891 ίηίεψνθε·

2076 5823 2117 5851 7“
2150 5821 2427 5883 ὲπωδύνσς
2462 5822 2640 5887 vulgo.
