4174 6442
155 373 258 441 76!

1183 371 1547 432 ANNALES.
1593 393 1661 406 ’-
1703 371 2055 431 BASILIUS
2075 373 2392 432 MACEDO.

3302 377 3407 438 762
3423 410 3427 414 -

171 489 422 541 Ἰωάννου
458 484 551 537 τοῦ
605 484 892 550 Κουρκούα
936 484 1258 553 δομεστίκου
1301 487 1450 548 ὄντος
1484 487 1592 540 τῶν
1623 487 1736 537 ἱκα-

1863 483 2084 538 Ittrcuas
2123 487 2460 538 icanatorutn
2493 487 2830 539 domesticus
2864 485 3205 555 tyrannidem
3252 489 3410 539 moli-

158 580 356 634 νάτων,
385 575 826 645 χρηματισθέντα
867 577 1015 644 παρὰ
1057 576 1148 627 τοῦ
1192 580 1247 629 ὲν
1290 577 1614 644 Βλαχέρναις
1652 578 1741 641 εγ-

161 670 435 721 κλεξστου.
472 664 651 720 Ἦσαν
681 667 736 719 δὲ
785 669 902 736 μετ’
940 669 1102 720 αὑτοῦ
1137 670 1394 738 ἄρχοντες
1439 670 1598 738 μέχρι
1638 668 1743 720 τῶν

161 762 271 827 ξς’,
308 761 429 830 μεθ’
460 753 535 813 ὧν
563 761 593 812 6
623 759 839 827 Μιχαὴλ
867 760 895 810 6
928 759 1318 828 ἑταιρειάρχης
1351 759 1436 829 [Ρ.
1474 758 1602 828 Mil]
1652 759 1743 809 καὶ

157 857 186 907 6
241 853 530 921 Κατούδης
582 851 678 903 καὶ
715 852 742 902 6
799 849 1083 919 Μυξιάρης
1139 852 1229 902 καὶ
1277 854 1304 903 ὁ
1357 850 1739 914 Βαϐοὑτζεκος.

159 945 402 1004 Τούτους
425 943 704 1012 κρατήσας
734 940 942 1000 ¹πάντας
973 942 1031 992 ὲν
1059 939 1136 1007 τῷ
1176 941 1520 1010 ἱπποδρομξῳ
1557 941 1741 1010 ἔτυψε,

161 1038 260 1090 καί
293 1035 588 1104 δκοὺρευσε
613 1034 710 1085 καὶ
739 1033 836 1095 τὰς
873 1033 1289 1100 ὑπολειφθείσας
1318 1034 1507 1106 τρίχας
1545 1033 1742 1088 ἔκαυσε

163 1133 256 1181 καὶ
290 1125 618 1194 πομπεύσας
648 1125 896 1194 ἐξώρισε.

235 1217 341 1286 κγ’.
378 1217 483 1271 Ἰόὖ
510 1218 573 1270 δὲ
599 1217 864 1285 βασιλέως
898 1219 956 1269 ἒν
986 1216 1233 1286 κυνηγίῳ
1265 1215 1591 1280 ἐξελθόντος,
1623 1214 1745 1269 ἔλα-

161 1326 266 1378 φος
300 1309 666 1378 παμμεγέθης
697 1309 993 1375 ἀναφανεὶς
1032 1303 1134 1378 ἦρε
1173 1308 1263 1361 τὸν
1296 1307 1519 1377 βασιλέα
1561 1310 1624 1360 ἐκ
1646 1308 1744 1375 τῆς

162 1403 346 1470 ζώνης
373 1401 482 1454 ἀπὸ
522 1400 617 1453 τοῦ
649 1401 814 1453 ⁵ίππου
855 1401 994 1466 μετὰ
1036 1400 1129 1453 τοῦ
1165 1400 1414 1470 κέρατος.
1443 1399 1662 1460 Φθάσας
1687 1400 1743 1453 δέ

164 1509 254 1556 τις
277 1493 374 1544 καὶ
399 1491 496 1562 τὴν
521 1489 698 1560 ζώνην
727 1491 864 1561 μετὰ
899 1492 996 1560 τῆς
1028 1493 1241 1559 σπάθης
1263 1491 1642 1560 κόψαςιτοῦτον
1660 1492 1746 1562 es.

165 1586 232 1653 ῥυ
245 1600 397 1636 σατο.
429 1585 525 1634 Ὃν
540 1585 634 1634 καὶ
652 1583 787 1652 μετὰ
817 1582 914 1652 τὴν
953 1583 1298 1651 ὑποστροφὴν
1319 1583 1742 1650 ἀπεκεφάλισεν,

161 1675 342 1728 είπών
363 1692 378 1704 ο
427 1675 522 1742 Μὴ
557 1676 786 1743 γύμνου
818 1673 968 1726 κατὰ
995 1675 1302 1739 ,βασιλέως
1332 1674 1527 1742 ξίφος.
1567 1675 1661 1726 Ἐκ
1689 1675 1744 1727 δὲ

162 1766 262 1819 τοῦ
306 1767 638 1835 σπαραγμοῦ
671 1765 766 1819 τοῦ
809 1766 1008 1834 ἐλάφου
1051 1766 1391 1833 νοσηλευθεὶς
1427 1767 1454 1818 6
1496 1765 1745 1834 βασιλεὺς

163 1859 445 1922 Βασίλειος
481 1860 732 1930 τελευτᾷ,
768 1859 1008 1930 φάμενος
1054 1858 1132 1928 τῷ
1174 1860 1274 1928 υίῷ
1309 1859 1473 1911 αὑτοῦ
1505 1861 1595 1912 καὶ
1629 1859 1742 1912 δια·

163 1950 311 2019 δόχῳ
342 1952 530 2004 Λέοντι
565 1951 656 2004 καὶ
702 1949 982 2020 Στυλιανῷ
1013 1949 1090 2020 τῷ
1136 1950 1416 2018 ἐπιτρόπῳ
1442 1948 1550 2002 τῶν
1587 1949 1742 2018 βασι-

165 2042 309 2104 λέως
335 2042 489 2106 υἱῶν,
515 2043 597 2094 ὅτι
650 2042 868 2107 Φώτιος
890 2046 922 2094 ό
946 2041 1181 2108 ἀνίερος
1210 2041 1307 2094 καὶ
1333 2042 1365 2095 ὁ
1387 2043 1746 2109 συμμύστης

168 2133 363 2187 αὐτοῦ
397 2134 854 2200 Σανταϐαρηνὸς
899 2133 1006 2187 τοῦ
1039 2135 1186 2188 Θεοῦ
1211 2150 1287 2202 με
1311 2135 1745 2201 μακρύναντες,

171 2226 271 2278 καὶ
296 2226 620 2291 ἀλλότριον
663 2225 772 2291 τῆς
804 2225 1036 2292 δικαίας
1065 2225 1338 2295 γνώσεως
1361 2225 1747 2292 ποιήσαντες,

168 2321 259 2383 εις
291 2319 406 2384 τὴν
445 2319 592 2384 ῐσην
623 2319 750 2387 μετ’
775 2317 974 2371 αὐτῶν
1006 2322 1266 2373 κόλασιν
1296 2317 1748 2371 ἐπεσπάσαντο.

173 2413 286 2463 Καὶ
335 2409 509 2463 ταῦτα
545 2409 714 2462 εἰπὼν
744 2409 1021 2479 ἐξέψυξεν,
1065 2408 1381 2465 καταλιπὼν
1413 2409 1619 2462 Λέοντα
1661 2409 1752 2463 καὶ

173 2501 454 2570 Στέφανον
490 2502 584 2554 καὶ
615 2501 984 2570 Ἁλέξανδρον.

261 2636 563 2705 Ῥωμαίων
587 2637 886 2702 βασιλεὺς
937 2636 1101 2690 Λέων
1129 2637 1231 2702 ἒτη
1264 2636 1341 2688 κε’
1387 2637 1587 2706 μῆνας
1616 2639 1684 2692 θ’.

246 2769 476 2836 Κόσμου
521 2768 641 2831 ἔτος
675 2777 883 2840 ,ςτπη’,
927 2771 1025 2840 τῆς
1076 2770 1228 2834 θείας
1290 2773 1621 2842 σαρκώσεως
1665 2773 1757 2839 ἐτη

177 2867 348 2930 ωπηθ,
393 2861 680 2932 Ῥωμαίων
715 2861 961 2930 βασιλεὺς
1007 2864 1158 2916 Λέων
1211 2864 1304 2931 ἔτη
1357 2870 1434 2916 κε’
1478 2864 1654 2932 μῆνας
1695 2865 1759 2919 θ’.

179 2955 456 3020 Στέφανος
484 2954 540 3006 δὲ
577 2955 606 3006 6
639 2955 802 3008 αὐτοῦ
842 2957 1068 3022 ἁδελφὸς
1103 2957 1362 3025 κληρικδς
1395 2957 1471 3009 ὢν
1505 2963 1596 3012 καὶ
1630 2960 1761 3028 σύγ-

177 3043 376 3105 κελλος
409 3038 478 3112 ἦν
510 3044 646 3111 μετὰ
678 3045 884 3096 Φωτίου
917 3047 1277 3116 πατριάρχου,
1323 3047 1762 3118 ἀνατρεςιόμενος

1846 584 1955 636 tur,
1983 591 2105 628 cum
2144 578 2188 630 is
2221 578 2312 645 qui
2345 577 2398 629 in
2432 577 2751 631 Blachernis
2785 577 3027 631 inclusus
3057 577 3270 648 agebat,
3305 578 3411 631 im-

1845 667 2057 735 perium
2087 667 2138 720 ei
2161 679 2308 722 esset
2341 669 2687 722 vaticinatus.
2714 669 2884 721 Erant
2903 685 3024 722 cum
3049 685 3114 722 eo
3142 666 3408 737 eonjurati

1846 773 2105 827 proceres
2135 759 2201 811 ad
2239 760 2516 828 sexaginta
2549 776 2664 821 sex,
2710 759 2852 813 inter
2888 775 3025 828 quos
3058 760 3282 814 Michael
3309 758 3412 813 τωο

1843 851 2161 903 deratorum
2191 865 2377 903 comes
2406 858 2462 902 et
2489 848 2727 903 Catudes
2755 859 2811 903 et
2834 849 3097 920 Myxiares
3126 859 3181 903 et
3209 848 3413 902 Babul-

1845 942 2015 996 zicus.
2050 942 2204 1008 Quos
2235 958 2425 997 omnes
2469 943 2897 1011 comprehensos
2941 942 2996 996 in
3045 941 3206 996 Circo
3248 941 3416 1011 virgis

1844 1053 2014 1092 caesos
2068 1039 2329 1100 totondit,
2382 1038 2705 1106 adustisque
2760 1037 2988 1106 reliquis
3043 1035 3313 1099 crinibus,
3353 1050 3416 1089 ac

1845 1144 2041 1199 pompa
2075 1146 2172 1199 per
2202 1131 2477 1184 civitatem
2512 1129 2824 1192 traducens,
2857 1129 3048 1183 exsilio
3083 1128 3358 1182 multavit.

1915 1220 2007 1273 25.
2039 1219 2274 1288 Egresso
2317 1229 2498 1273 autem
2556 1219 2793 1274 venandi
2844 1234 3009 1273 causa
3060 1219 3416 1288 imperatore,

1846 1314 2084 1384 iungentis
2128 1315 2290 1369 molis
2323 1329 2520 1369 cervus
2558 1331 2848 1386 emergens
2878 1316 3059 1385 ipsum
3098 1331 3130 1369 e
3172 1332 3308 1368 zona
3347 1315 3418 1370 ab

1845 1421 1989 1475 equo
2017 1422 2189 1460 cornu
2234 1408 2476 1461 sustulit.
2526 1407 2691 1460 Venit
2717 1408 2962 1476 quidam,
3013 1423 3262 1476 zonaque
3287 1424 3420 1461 ense

1847 1501 2014 1554 scissa
2048 1500 2225 1569 ipsum
2257 1500 2545 1561 liberavit;
2579 1499 2678 1558 cui
2712 1508 2770 1554 et
2811 1514 3066 1555 reversus
3105 1509 3272 1569 caput
3302 1515 3422 1554 am-

1848 1593 2076 1662 putavit,
2107 1592 2339 1645 dicens:
2387 1590 2526 1643 Cave
2560 1591 2809 1644 adversus
2848 1590 3217 1660 imperatorem
3251 1607 3424 1644 ensem

1847 1685 2143 1736 nudaveris.
2195 1683 2270 1736 Ex
2301 1684 2449 1736 cervi
2485 1693 2668 1736 autem
2701 1683 2791 1737 illa
2837 1682 3198 1739 succussione
3230 1682 3426 1736 morbo

1845 1789 2136 1846 correptus
2160 1777 2394 1830 Basilius
2419 1778 2715 1845 imperator
2745 1777 2892 1832 diem
2921 1777 3060 1842 obit,
3088 1776 3425 1846 ejuscemodi

1847 1869 2014 1922 verba
2052 1869 2221 1922 Leoni
2279 1868 2390 1922 [ilio
2442 1884 2506 1923 ac
2554 1869 2860 1923 successori
2921 1870 3161 1926 locutus.
3211 1883 3425 1922 necnon

1846 1959 2091 2030 Styliano
2124 1959 2294 2028 ipsius
2324 1960 2485 2030 700
2510 1959 2806 2014 liberorum
2846 1959 3085 2014 curatori
3113 1979 3127 2012 ;
3162 1959 3428 2028 Profauus

1850 2051 2070 2106 Photius
2120 2054 2340 2122 ejusque
2380 2062 2667 2122 symmysta
2711 2051 3107 2106 Santabarenus
3151 2070 3184 2105 a
3216 2050 3319 2107 Deo
3350 2067 3432 2103 me

1847 2141 2031 2212 procul
2063 2140 2394 2211 elongantes.
2443 2149 2601 2210 atque
2647 2159 2678 2194 a
2725 2140 2874 2210 justa
2928 2139 3164 2192 alienum
3213 2141 3430 2192 scientia

1850 2233 2140 2292 recidentes,
2188 2233 2242 2285 in
2301 2232 2444 2300 paris
2493 2247 2571 2284 me
2616 2248 2789 2283 secum
2832 2231 3076 2300 supplicii
3122 2232 3434 2283 barathrum

1851 2331 2082 2375 traxere.
2121 2321 2245 2376 "me
2285 2321 2379 2374 ubi
2425 2321 2663 2383 dixerat,
2697 2321 2904 2376 elllavit
2925 2322 3191 2386 animam,
3219 2320 3428 2385 Leone,

1854 2415 2134 2484 Stephano
2164 2425 2220 2470 et
2249 2414 2567 2468 Alexandro
2594 2413 2788 2468 liberis
2811 2414 3038 2468 relictis.

1858 2638 2212 2692 Romanorum
2253 2638 2539 2706 imperator
2586 2635 2686 2689 Leo
2726 2651 2891 2689 annos
2947 2651 3050 2688 xxv
3114 2650 3312 2688 menses
3355 2650 3429 2688 Ix.

1931 2768 2116 2821 Mundi
2164 2783 2342 2821 annus
2393 2767 2551 2831 6588,
2603 2767 2801 2820 divinae
2859 2764 3257 2820 incarnationis
3300 2763 3436 2828 898.

1863 2862 2238 2915 Romanorum
2273 2861 2572 2929 imperator
2623 2859 2735 2914 Leo
2783 2874 2958 2913 annos
2989 2859 3086 2922 ‘25,
3139 2873 3355 2912 menses
3379 2856 3440 2914 9.

1863 2953 2181 3020 Stephanus
2208 2951 2408 3005 Leonis
2439 2951 2627 3013 frater,
2655 2967 2778 3005 cum
2799 2960 2948 3006 esset
2970 2949 3203 3006 clericus
3219 2964 3283 3004 ac
3309 2965 3441 3020 syn-

1864 3046 2056 3107 cellus,
2091 3060 2214 3097 cum
2249 3043 2442 3098 Photio
2484 3043 2808 3097 versabatur
2854 3042 3066 3111 subque
3103 3043 3222 3112 ejus
3274 3041 3442 3096 disci-

181 3136 315 3203 παρ’
350 3133 516 3186 αὑτοῦ
549 3135 642 3188 καὶ
693 3135 1102 3203 παιδευόμενος.
1143 3137 1202 3188 ’0
1244 3137 1300 3188 δὲ
1332 3138 1482 3190 Λέων
1528 3141 1662 3207 μετὰ
1701 3140 1760 3192 τὸ

1865 3137 2012 3206 plina
2034 3136 2409 3191 erudiebatur.
2430 3135 2541 3190 Leo
2567 3144 2749 3190 autem
2774 3151 2957 3189 rerum
2977 3151 3188 3190 summa
3214 3135 3443 3204 potitus,

181 3225 662 3296 αὐτοκρατορῆσαι
691 3227 1010 3278 ἀπέστειλεν
1049 3228 1304 3296 Ἀνδρέαν
1338 3229 1430 3280 τὸν
1457 3231 1761 3298 στρατηλά-

180 3337 286 3387 την
317 3319 457 3387 μετὰ
487 3320 671 3388 κηρῶν
703 3319 912 3371 πολλῶν
950 3320 1230 3391 κληρικῶν
1257 3337 1314 3372 τε
1349 3323 1442 3373 καὶ
1471 3323 1763 3389 συγκλητι-

183 3410 298 3462 κῶν
338 3412 395 3462 ἐν
418 3411 780 3479 Χρυσοπόλει.
813 3412 907 3463 καὶ
934 3413 1141 3482 ἤγαγεν
1188 3411 1328 3481 μετὰ
1362 3413 1597 3482 σπουδῆς
1639 3415 1766 3466 πωλ-

183 3503 283 3571 λῆς
319 3503 410 3554 καὶ
451 3503 618 3570 τιμῆς
649 3505 740 3554 καὶ
774 3502 959 3571 ὓμνων
1009 3504 1070 3555 τὸ
1119 3504 1370 3572 λείψανον
1419 3506 1633 3576 Μιχαὴλ
1672 3507 1765 3559 τοῦ

186 3593 478 3663 βασιλέως,
507 3595 598 3644 καὶ
629 3594 863 3645 ἀπέθετο
885 3596 940 3645 ἐν
965 3595 1044 3665 τῷ
1074 3595 1185 3664 ναῷ
1211 3596 1318 3648 τῶν
1365 3596 1562 3664 Ἀγίων
1606 3597 1766 3650 Ἀπο-

184 3686 396 3738 στόλων
431 3688 485 3738 ἐν
522 3685 770 3753 λάρνακι.
811 3685 1014 3739 Φὼτιον
1047 3687 1100 3738 δὲ
1144 3687 1234 3738 τὸν
1278 3689 1622 3759 πατριάρχην
1651 3690 1768 3740 ἐπί-

185 3777 380 3829 ϐουλον
412 3776 729 3846 φωραθέντα
771 3777 869 3844 τῆς
929 3777 1234 3847 Εκκλησὶας
1270 3781 1544 3842 ὲκὸάλλει,
1588 3781 1682 3833 καὶ
1713 3782 1769 3832 ὲν

181 3874 253 3939 τῇ
286 3872 420 3938 pavi]
454 3870 562 3920 τῶν
599 3869 978 3936 Ἀρμενιακῶν
999 3873 1064 3938 τῇ
1097 3870 1366 3943 λεγομένῃ
1393 3871 1484 3923 τοῦ
1513 3873 1770 3942 Γόρδονος

186 3961 528 4031 περι’.ρέζει·
561 3959 690 4012 ἔνθα
734 3960 829 4011 καὶ
862 3960 1106 4030 τελευτᾷ.
1141 3962 1456 4028 Χειροτονετ
1476 3963 1532 4014 ὁὶ
1565 3963 1770 4030 Στέφαο

188 4072 280 4104 νον
315 4051 633 4119 σύγκελλον,
659 4053 750 4105 τὸν
775 4053 905 4106 ἴδιον
936 4053 1102 4106 αὐτοῦ
1143 4054 1389 4122 ἀδελφὺν,
1429 4055 1516 4109 διά
1540 4072 1598 4107 τε
1639 4056 1771 4108 θεο-

187 4147 396 4215 φάνους
430 4145 522 4196 τοῦ
565 4145 945 4215 πρωτοθρόνου
995 4147 1090 4200 καὶ
1118 4147 1324 4200 λοιπῶν
1351 4149 1681 4219 ἀρχιερέωνο
1715 4150 1770 4212 ὃς

188 4241 284 4291 καὶ
312 4239 509 4305 ἑῗησεν
542 4237 636 4307 ἔτη
685 4244 736 4302 ς’
767 4238 861 4289 καὶ
894 4238 1074 4308 μῆνας
1110 4246 1173 4303 ε’,
1215 4242 1308 4291 καὶ
1337 4239 1600 4293 θάπτεται
1628 4243 1685 4292 ὲν
1707 4244 1772 4312 τῇ

192 4331 331 4397 μονῇ
357 4329 467 4380 τῶν
503 4329 726 4380 Σικεῶν.
757 4329 951 4396 Γέγονε
972 4330 1028 4382 δὲ
1058 4331 1387 4400 ἐμπρησμὸς
1416 4331 1642 4399 πλησίον
1663 4332 1773 4385 τῶν

189 4421 406 4488 Σοψιῶν
439 4424 529 4472 καὶ
561 4423 659 4490 τῆς
684 4421 937 4490 Σιδηρᾶς,
966 4420 1378 4491 ἐμπρησθέντος
1403 4423 1495 4473 καὶ
1520 4422 1614 4475 τοῦ
1646 4423 1773 4475 ναοῦ

1867 3228 2034 3280 misso
2087 3226 2304 3280 Andrea
2355 3227 2565 3281 militiae
2596 3227 2860 3296 magistro
2886 3242 3011 3280 cum
3050 3226 3236 3280 multis
3268 3225 3446 3279 cereis

1866 3327 1922 3371 et
1960 3319 2178 3372 clericis
2214 3319 2458 3388 virisque
2494 3319 2755 3372 senatorii
2782 3317 2995 3373 ordinis
3038 3317 3444 3388 Chr350polim,

1868 3409 1933 3462 ad
1968 3409 2246 3464 Michaelis
2279 3410 2626 3479 imperatoris
2651 3409 2914 3480 reliquias
2940 3425 3137 3480 magno
3175 3409 3356 3463 studio
3391 3417 3447 3464 et
3515 3455 3519 3460 .

1869 3501 2018 3554 cultu
2047 3517 2111 3555 ac
2132 3502 2362 3556 canticis
2384 3503 2435 3554 in
2464 3502 2655 3556 urbem
2680 3501 3015 3564 inferendas,
3036 3501 3090 3554 in
3121 3499 3446 3554 Sanctorum

1868 3608 1962 3646 eas
2004 3594 2388 3663 Apostolorum
2431 3595 2482 3648 in
2529 3610 2664 3648 urna
2699 3594 2984 3663 deposuit:
3021 3592 3278 3648 Photium
3314 3607 3448 3647 vero

1871 3686 2236 3755 patriarcham
2291 3686 2534 3740 Ecclesia
2591 3687 2828 3756 ejectum
2888 3685 2940 3739 in
2993 3685 3448 3739 Armeniacorum

1876 3777 2272 3831 monasterium
2305 3778 2529 3846 relegat,
2576 3777 2722 3847 quod
2767 3776 3044 3832 Gordonis
3085 3784 3315 3839 vocant;
3352 3775 3449 3830 ubi

1871 3879 1927 3921 et
1956 3867 2207 3920 moritur.
2238 3868 2578 3936 Stephanum
2606 3883 2769 3935 porro
2793 3866 3015 3920 fratrem
3039 3880 3136 3935 per
3157 3865 3451 3934 TheOplta-

1874 3976 1996 4013 nem
2032 3959 2220 4028 prima:
2259 3959 2406 4012 sedis
2439 3959 2756 4027 episcopum
2802 3959 3202 4028 (πρωτόθρονον
3228 3957 3448 4020 vocant)

1872 4065 1935 4102 ac
1964 4049 2251 4118 episcopos
2289 4049 2427 4102 alios
2461 4059 2619 4103 curat
2662 4049 2942 4113 ordinari;
2999 4049 3244 4118 vixitque
3277 4065 3451 4108 annos

1873 4157 1963 4195 sex
1999 4157 2218 4196 menses
2238 4143 2503 4211 quinque,
2533 4142 2906 4210 sepelitnrque
2934 4142 2984 4193 in
3018 4141 3299 4194 Siceorum
3332 4157 3450 4193 mo.

1877 4234 2137 4287 nasterio.
2182 4231 2429 4287 Conﬂata
2475 4232 2540 4286 ad
2573 4231 2804 4299 SOpItias
2848 4243 2901 4284 ct
2944 4232 3198 4287 Ferream
3244 4233 3450 4301 ingenti

1877 4327 2132 4380 incendio
2164 4326 2513 4395 absumptum
2553 4325 2608 4377 S.
2650 4325 2872 4378 Thomas
2922 4327 3184 4395 templum
3230 4325 3298 4379 ab
3333 4326 3451 4395 ipso

1879 4421 2165 4486 magnifice
2201 4418 2384 4473 Leone
2424 4427 2735 4486 reparatum
2765 4426 2868 4471 est.
2905 4418 3200 4472 Theodoro
3242 4418 3453 4472 Santa-o

189 4511 286 4564 τοῦ
321 4511 478 4577 ἁγίου
509 4513 703 4579 Θωμᾶ,
724 4511 782 4562 ὃν
814 4511 982 4573 αὐτὸς
1009 4513 1036 4563 6
1070 4511 1222 4563 Λέων
1261 4511 1528 4581 λαμπρῶς
1559 4513 1760 4565 ἀνεκαί.

1881 4515 2085 4566 han-no
2125 4513 2193 4566 ab
2238 4511 2524 4566 Euchaitis
2573 4511 2625 4564 in
2662 4511 2852 4563 urbem
2897 4511 3159 4573 adducto,
3207 4511 3452 4566 Andreas

189 4621 364 4658 νισεν.
401 4602 488 4674 [Ρ.
515 4602 640 4674 ιδε]
676 4605 832 4669 ’Ᾱγει
859 4603 914 4656 δὲ
941 4603 1216 4672 Θεόδωρον
1244 4603 1334 4654 τὸν
1362 4603 1776 4674 Σανταὸαρηνὸν

191 4697 305 4751 ἀπὸ
336 4695 618 4764 Εὐχαττων
667 4697 722 4746 ἐν
764 4698 830 4766 τῇ
871 4696 1044 4749 πόλει.
1103 4697 1356 4765 ’Δνδρέας
1384 4697 1439 4750 δὲ
1467 4697 1497 4749 6
1530 4698 1778 4767 δομέστι-

191 4805 290 4851 κος
325 4789 420 4840 καὶ
447 4788 719 4856 Στέφανος
738 4789 766 4840 6
794 4787 1092 4856 μάγιστρος
1117 4786 1325 4839 κινοῦσι
1359 4787 1663 4841 κατάὑτοῦ
1689 4789 1782 4841 καὶ

190 4878 290 4930 τοῦ
319 4876 549 4938 Φωτέου,
589 4877 664 4938 ὠς
705 4876 1109 4947 λοιδορηθέντος
1138 4877 1232 4929 τοῦ
1268 4878 1528 4947 βασιλέως
1554 4879 1780 4942 Λέοντος

195 4970 291 5022 ὑπ’
328 4969 507 5020 αὐτῶν
537 4969 617 5031 είς
650 4967 934 5023 Βασίλειον
952 4970 1044 5020 τὴν
1077 4968 1300 5038 βασιλέα
1323 4971 1412 5022 τὸν
1448 4973 1654 5040 πατέρα
1683 4974 1779 5025 αὐ-

193 5057 314 5110 τοῦ.
365 5059 473 5110 Καὶ
518 5058 616 5127 τῆς
661 5059 964 5126 συγκλήτου
1015 5059 1545 5132 καταψηφισαμένης
1574 5063 1775 5124 αὐτῶν,

191 5149 286 5202 τὸν
326 5149 427 5216 μὲν
446 5149 650 5202 Φὼτιον
682 5151 869 5203 είασαν
901 5152 978 5213 είς
1010 5151 1102 5202 τοῦ
1129 5151 1406 5222 Γόρδονος,
1441 5155 1529 5205 τὴν
1557 5154 1611 5206 δὲ
1644 5155 1776 5206 Σαν-

193 5240 508 5309 ταεαρηνοιν
557 5240 827 5307 τύψαντες
893 5239 1160 5307 ἐξώρισαν
1207 5241 1267 5292 ὲν
1329 5241 1600 5310 Ἀθήναις.
1642 5239 1774 5295 Εἶτα

197 5329 528 5393 ἀποστείλας
573 5330 857 5397 ἐξόπισθεν
903 5332 930 5383 6
976 5329 1231 5400 βασιλεὺς
1271 5331 1580 5399 ἐτύφλωσεν
1614 5333 1776 5385 αὑτὸν

202 5422 295 5471 καὶ
325 5425 379 5472 ἐν
409 5425 474 5491 τῇ
517 5422 767 5492 Ἀνατολῇ
803 5421 1081 5493 ἐξώρισεν.
1117 5422 1269 5476 Μετὰ
1304 5423 1530 5485 πολλοὺς
1560 5423 1616 5474 δὲ
1647 5426 1776 5495 χρό-

1881 4605 2036 4673 701
2075 4603 2410 4657 domesticus
2460 4611 2515 4655 et
2554 4601 2866 4670 Stephanus
2916 4602 3174 4670 magister
3219 4602 3272 4654 in
3323 4618 3449 4655 eum

1881 4695 2248 4763 l’ltotiumque
2275 4695 2644 4763 expostulant,
2681 4693 2823 4761 quod
2867 4693 3101 4746 Leonem
3131 4693 3274 4762 apud
3304 4695 3453 4747 Basi-

1882 4787 2014 4840 lium
2042 4787 2427 4854 imperatorem
2463 4786 2582 4854 ejus
2611 4796 2818 4852 patrem
2864 4801 2959 4853 per
2994 4785 3322 4838 calumniam
3353 4785 3451 4838 deo

1883 4879 2129 4932 tulerint.
2165 4878 2402 4932 Senatus
2431 4878 2705 4931 sententia
2735 4877 2929 4932 Photio
2957 4893 3279 4930 concessum
3308 4887 3366 4929 ttt
3397 4877 3450 4930 in

1877 4970 2151 5023 Gordonis
2185 4970 2518 5023 monasterio
2564 4978 2783 5039 ageret;
2815 4969 3228 5022 Saatabarenus
3260 4968 3455 5022 verbev

1879 5061 2031 5112 ribus
2079 5059 2341 5122 aﬂ‘ectus,
2397 5060 2636 5112 Athenas
2684 5059 2959 5127 relegatus
2999 5068 3102 5111 est.
3154 5057 3291 5114 Tum
3330 5065 3453 5126 post

1877 5167 2002 5205 eum
2030 5149 2252 5203 mittens
2293 5151 2590 5219 imperator
2621 5151 2798 5202 oculis
2824 5148 3076 5204 orbatum
3106 5148 3160 5202 in
3198 5147 3325 5204 Asia
3354 5163 3451 5203 exc

1879 5245 2058 5296 snlare
2084 5244 2265 5313 jussit.
2301 5243 2485 5296 Multis
2517 5257 2648 5294 vero
2698 5253 2820 5311 post
2855 5241 3011 5296 annis
3056 5240 3302 5309 placatus
3352 5239 3454 5298 im-

1881 5335 2173 5405 peratorin
2199 5333 2390 5388 urbem
2427 5333 2712 5387 reductum
2741 5348 2805 5388 ex
2837 5333 2984 5386 Nova
3026 5331 3257 5387 ecclesia
3288 5346 3454 5390 anno-

1884 5445 1980 5481 nas
2012 5429 2260 5497 accipcre
2295 5427 2570 5495 praecepit.

199 5533 323 5577 νους
356 5517 733 5587 παρακληθεὶς
753 5518 942 5571 τοῦτον
969 5519 1264 5588 εἰσήγαγεν
1293 5519 1350 5571 ὲν
1373 5520 1438 5588 τῇ
1471 5517 1645 5582 πόλει,
1701 5520 1794 5572 καὶ
1854 5523 2186 5591 προσέταξεν
2245 5522 2544 5590 λαμϐάνειν
2592 5518 2830 5580 ἀννὼνας
2881 5517 2945 5569 ἐκ
2989 5515 3089 5584 τῆς
3151 5514 3295 5577 Νέας
3357 5515 3453 5566 EX’

205 5609 450 5678 κλησὲας.

270 5701 338 5770 β’.
371 5703 460 5770 Τῷ
486 5704 530 5769 β’
552 5702 714 5754 αὑτοῦ
741 5703 849 5754 ἔτει
873 5703 972 5772 τῆς
1013 5705 1420 5773 Λαγουϐαρδίας
1456 5707 1771 5758 διαστασια-

201 5794 368 5865 σάσης
402 5797 683 5868 ἀπεστάλη
720 5800 1129 5863 Κωνσταντῖνος
1163 5802 1189 5851 ὁ
1231 5800 1326 5870 τῆς
1366 5801 1641 5871 τραπέζης
1681 5801 1776 5854 σὺν

1953 5711 2000 5760 ‘2.
2046 5705 2266 5772 Imperii
2325 5702 2524 5757 Leonis
2569 5719 2712 5753 anno
2746 5697 2990 5753 secundo
3023 5697 3075 5751 itt
3116 5697 3446 5750 seditionem

1887 5809 2033 5855 muta
2068 5796 2468 5864 Langobardia,
2502 5795 2700 5850 IHlSnUS
2729 5805 2812 5847 est
2827 5791 3225 5848 Constantinus
3251 5804 3452 5850 utensa:
