4174 6442
738 406 844 467 76.1

1955 406 2337 470 SYMEONIS
2379 412 2752 475 MAGISka

3893 413 3996 475 766

741 513 1068 584 ιιι-ςιηιοςὶιιις
1100 527 1227 567 cum
1253 511 1511 566 omnibus
1564 512 1905 582 legionibus;
1940 526 2310 588 consertaque

2423 525 2553 576 πᾶσι
2588 526 2698 583 τοῖς
2733 523 2968 593 θέμασι·
3026 520 3117 574 καὶ
3156 519 3434 589 συμϐολῆς
3486 521 3784 591 γενομένης
3839 523 3993 592 μόνος

740 622 918 677 pugna
958 605 1048 658 vix
1080 619 1221 657 unus
1270 604 1363 657 ille
1393 605 1629 659 evadere
1672 606 1873 674 potuit,
1910 607 2144 678 reliquis
2208 627 2319 681 qua

739 698 953 751 necatis
987 711 1096 765 qua
1117 696 1314 765 captis.
1349 694 1597 766 Contigit
1622 712 1758 751 vero
1795 698 2125 756 etiam-solis
2175 701 2317 756 deli-

738 789 956 858 quium,
993 796 1052 842 ut
1077 797 1134 841 et
1164 802 1271 841 nox
1297 803 1398 858 per
1426 788 1618 842 horam
1648 789 1867 843 tertiam
1896 802 2045 846 esset
2070 803 2127 847 ct
2148 795 2319 849 stella:

738 889 1093 951 apparerent.
1139 879 1260 936 Orti
1315 879 1483 933 etiam
1507 879 1657 934 venti
1689 881 1856 935 validi
1910 890 1967 937 et
2019 882 2234 950 fulgura
2260 894 2319 939 et

740 974 1006 1037 tonitrua,
1039 973 1243 1042 quibus
1270 980 1499 1042 septena
1539 972 1717 1041 capita
1752 973 2043 1042 perierunt
2073 976 2130 1030 in
2170 957 2318 1031 Foro

736 1067 1049 1123 combusta.

808 1140 863 1215 3.
919 1157 1141 1227 Imperii
1198 1156 1401 1212 Leonis
1453 1170 1600 1211 anno
1649 1156 1816 1211 tertio
1871 1166 2181 1229 expugnata
2247 1159 2316 1214 ab

740 1251 1006 1319 Agarenis
1067 1249 1265 1305 Samus
1318 1249 1513 1303 civitas
1553 1249 1792 1310 munita.
1842 1251 2074 1320 ejusque
2114 1260 2317 1321 praetor

740 1345 999 1414 Paspalas
1042 1340 1602 1412 captivus'ahductus
1653 1353 1758 1397 est.
1808 1343 2114 1413 Imperator
2149 1346 2322 1415 Zocrn

735 1434 958 1487 Zautza'
991 1434 1154 1486 filiam
1188 1432 1240 1486 in
1272 1432 1555 1485 amoribus
1590 1431 1824 1495 habens,
1854 1432 2114 1487 Zautzam
2147 1435 2319 1504 impc-

740 1524 941 1578 ratoris
972 1536 1182 1592 patrem
1230 1522 1540 1586 constituit,
1570 1534 1776 1576 novum
1831 1522 1937 1577 hoc
1972 1524 2205 1580 honoris
2245 1528 2316 1581 ti-

738 1618 858 1671 tulo
917 1625 1283 1670 commentus.
1339 1615 1576 1684 Symeon
1628 1613 1990 1685 Bulgarorum
2060 1618 2316 1688 princeps

740 1709 1002 1763 Romanae
1028 1708 1255 1762 ditionis
1276 1708 1396 1760 loca
1422 1706 1639 1761 infestis
1662 1707 1835 1778 signis
1866 1708 2137 1765 invadens
2170 1712 2316 1766 Tur-

738 1784 934 1857 σοι-υῆι
988 1802 1216 1856 adversa
1267 1801 1388 1855 acie
1435 1808 1730 1870 superatus
1776 1811 1881 1856 est.
1933 1802 2065 1871 Ejus
2112 1804 2312 1872 captivi

2420 615 2586 679 αὐτὸς
2643 617 2673 668 6
2722 616 3132 677 Κωνσταντῖνος
3199 614 3351 683 μέλις
3409 612 3650 684 ἠδυνήθη
3705 613 3993 680 διαφυγεῖν

2419 704 2526 757 τῶν
2566 705 2746 759 ἄλλων
2772 703 3088 773 σφαγέντων
3127 705 3222 756 καὶ
3267 703 3671 773 κρατηθέντων.
3711 703 3910 771 Γέγονε
3940 704 3994 759 δὲ

2418 796 2514 847 καὶ
2540 794 2783 864 ἔκλειψις
2826 793 3050 864 ἡλιακη,
3094 794 3170 857 ὡς
3224 794 3320 846 καὶ
3359 791 3531 845 νύκτα
3584 793 3844 859 γενέσθαι
3904 795 3995 846 ἐπὶ

2418 884 2567 956 ὥρας
2602 892 2649 954 γ’
2698 885 2796 939 καὶ
2825 887 2952 949 τοὺς
3002 885 3241 955 ἀστέρας
3285 884 3595 953 φαίνεσθαι.
3646 884 3907 952 Γεγόνασι
3942 885 3997 938 δὲ

2418 981 2512 1031 καὶ
2546 978 2740 1050 ἄνεμοι
2792 977 3016 1049 σφοδροὶ
3069 978 3164 1031 καὶ
3190 978 3471 1047 ἀστραπαὶ
3525 977 3620 1030 καὶ
3663 976 3911 1048 βρονταὶ,
3938 978 3996 1042 ἐξ

2416 1065 2493 1125 ὧν
2525 1073 2770 1142 ὲκάησαν
2796 1070 2857 1123 ὲν
2878 1068 2962 1139 τῷ
2993 1070 3145 1140 φόρῳ
3170 1068 3450 1139 ἄνθρωποι
3479 1067 3642 1123 ἑπτά.

2488 1171 2559 1235 γ’.
2593 1163 2681 1234 Τῷ
2709 1170 2758 1232 γ’
2787 1160 2953 1217 αὑτοῦ
2986 1161 3098 1215 ἔτει
3130 1160 3497 1231 ὲπολιορκήθη
3530 1161 3565 1229 ἡ
3594 1160 3775 1230 Σάμος
3798 1159 3861 1213 τὸ
3900 1158 3996 1214 κά-

2418 1270 2583 1327 στρον
2635 1254 2741 1308 ὑπὸ
2788 1254 2896 1307 τῶι.
2947 1251 3291 1323 ’Λγαρηνῶν.
3348 1251 3445 1304 καὶ
3499 1248 3919 1320 αίχμαλωτίσθη
3967 1251 3995 1302 6

2419 1346 2724 1417 στρατηγὸς
2770 1344 2935 1398 αὑτοῦ
2968 1345 2996 1397 6
3028 1344 3352 1404 Πασπαλᾶς.
3406 1342 3809 1412 Συμφιλιωθεὶς
3856 1343 3916 1396 δὲ
3968 1343 3997 1395 6

2419 1438 2675 1507 βασιλεὺς
2699 1439 2819 1508 Ζωῇ
2843 1439 2908 1507 τῇ
2935 1436 3166 1506 θυγατρὶ
3190 1434 3289 1487 τοῦ
3314 1433 3559 1498 Ζαούτζα
3586 1432 3996 1505 προχειρίζεται

2417 1530 2581 1583 αὐτὸν
2611 1527 3067 1598 βασιλεοπάτορα,
3090 1525 3252 1588 αὐτὸς
3282 1526 3688 1595 καινουργῆσας
3714 1525 3777 1578 τὸ
3799 1525 3993 1593 ὄνομα.

2417 1624 2643 1693 Συμεὼν
2705 1623 2734 1675 6
2796 1622 2981 1692 ἄρχων
3050 1618 3390 1688 Βουλγαρίας
3440 1618 3798 1688 ὲκστρατεύει
3853 1619 3995 1671 κατὰ

2431 1717 2742 1787 Ῥωμαίων,
2798 1716 2897 1771 καὶ
2958 1716 3291 1786 πολεμηθεὶς
3351 1716 3503 1785 παρᾶ
3568 1714 3677 1767 τῶν
3732 1714 3996 1782 Τούρκων

2418 1812 2643 1881 ἡττήθη.
2675 1812 2771 1866 καὶ
2804 1812 2958 1865 πᾶσα
2990 1808 3341 1880 αίχμαλωσία
3384 1796 3667 1880 ἠγοράσθη
3712 1810 3862 1879 παρὰ
3901 1806 3995 1859 τοῦ

740 1910 936 1950 omnes
983 1894 1051 1948 ab
1112 1894 1445 1963 imperatore
1480 1892 1751 1962 redempti
1781 1903 1933 1948 sunt.
1967 1894 2126 1963 702
2173 1895 2311 1950 Tum

2423 1904 2704 1974 βασιλέως.
2743 1901 2879 1957 Είτα
2926 1903 3093 1956 πάλιν
3142 1902 3335 1972 τρέπει
3382 1904 3509 1964 τοὺς
3550 1900 3850 1972 Τούρκους,
3903 1899 3999 1952 καὶ

741 2003 933 2043 rursus
960 1988 1052 2042 ille
1078 1985 1291 2040 Turons
1323 1985 1441 2039 acie
1482 1984 1700 2047 fundit.
1725 1984 2018 2055 ablataque
2049 1987 2315 2056 petitione

740 2079 938 2147 recipit
965 2077 1233 2147 captivos,
1291 2086 1350 2131 et
1386 2090 1578 2144 pacem
1611 2076 1763 2130 facit.
1800 2077 1911 2132 Nec
1969 2078 2145 2133 multo
2194 2090 2317 2149 post

736 2185 933 2224 everso
985 2184 1178 2223 rursus
1222 2168 1377 2238 pacis
1422 2168 1632 2223 foedere
1660 2169 2017 2223 commissum
2064 2170 2315 2239 praelium

737 2264 805 2317 ad
851 2262 1355 2333 Bulgarophygum,
1408 2262 1589 2315 locum
1642 2260 1726 2315 sic
1783 2260 2018 2327 dictum,
2080 2263 2316 2335 fusoque

738 2355 1004 2410 universo
1032 2354 1277 2409 exercitu
1324 2369 1432 2407 una
1463 2368 1656 2407 omnes
1696 2352 1851 2408 clade
1885 2357 2145 2425 prostrati
2186 2365 2317 2412 sunt

737 2458 901 2516 atque
934 2448 1138 2508 enecti,
1163 2456 1220 2500 et
1251 2446 1304 2499 in
1334 2446 1417 2500 eis
1459 2445 1790 2501 Theodorus
1830 2451 2314 2518 protovestiarius.

737 2538 1021 2607 Stephano
1075 2538 1387 2608 patriarcha
1430 2537 1540 2592 vita
1575 2537 1786 2603 functo,
1839 2541 1960 2609 ejus
1989 2540 2112 2596 loco
2140 2540 2315 2598 Anto-

736 2631 863 2686 nius
890 2630 1125 2685 Cauleas
1155 2630 1470 2684 ordinatur.

806 2724 862 2779 4.
933 2723 1153 2791 Imperii
1222 2722 1426 2777 Leonis
1482 2739 1628 2777 anno
1688 2724 1923 2794 septimo
1975 2722 2317 2781 Chersonitze

736 2824 1028 2886 prmtorem
1061 2831 1222 2868 suum
1282 2813 1765 2869 contrucidarunt.
1817 2815 2021 2871 Corum
2053 2819 2315 2888 oppidum

737 2908 793 2962 in
820 2907 1167 2975 Cappadocia
1195 2906 1266 2961 ab
1294 2906 1560 2976 Agarcnis
1590 2918 1829 2977 captum.
1857 2908 2024 2964 Facto
2056 2925 2314 2980 processu

735 3016 861 3053 cum
890 2998 1001 3053 Leo
1024 2999 1323 3067 imperator
1350 2999 1418 3053 ad
1449 2998 1505 3052 S.
1530 2999 1778 3054 Damiaui
1812 3002 2074 3062 venisset,
2098 3017 2316 3072 unaque

735 3094 900 3148 etiam
935 3093 1153 3162 imperii
1197 3092 1396 3162 adjuva
1421 3092 1655 3147 Zaulzas
1684 3092 1926 3157 adesset,
1966 3111 2182 3149 necnon
2206 3095 2317 3152 Zoe

736 3184 955 3239 Zautza:
985 3184 1095 3237 filia
1137 3185 1335 3252 (prima
1377 3185 1524 3239 enim
1550 3186 1671 3251 ejus
1710 3202 1845 3239 uxor
1874 3186 2217 3257 Theophano
2258 3188 2312 3242 in

735 3288 924 3331 sancta
955 3276 1093 3331 Suro
1127 3276 1553 3330 Blachernarum
1598 3278 1860 3346 precibus
1893 3277 2114 3333 assidua
2147 3279 2311 3350 erat),
2342 3251 2385 3308 ο

734 3368 1029 3423 consilium
1085 3368 1331 3421 inierunt
1375 3367 1594 3422 Zautza:
1640 3370 1881 3438 cognati,
1926 3378 2040 3423 tum
2074 3369 2315 3426 Tzantes

737 3471 855 3516 tum
887 3460 1107 3531 reliqui.
1136 3469 1196 3514 ut
1236 3460 1624 3531 imperatorem
1658 3470 1940 3516 necarent.
1977 3462 2086 3517 Zoe
2128 3472 2314 3518 autem

736 3554 791 3610 iu
821 3554 1175 3625 imperatoris
1195 3555 1318 3609 sinu
1353 3555 1659 3617 dormiens,
1697 3564 1757 3609 ut
1783 3556 1986 3610 malum
2020 3558 2317 3613 sensitde-

735 3646 1147 3716 prehendilque
1178 3644 1429 3708 insidias,
1468 3645 1644 3715 ipsum
1675 3647 1968 3713 excitavit;
1997 3650 2317 3705 confestim-

737 3754 849 3810 que
870 3738 1090 3809 navigio
1123 3738 1175 3791 in
1203 3738 1376 3807 Pegas
1405 3738 1857 3808 transfretarunt,
1892 3758 1956 3796 ac
1980 3758 2140 3798 mane
2176 3744 2318 3800 cclc-

739 3827 858 3882 rius
878 3827 945 3882 ad
970 3828 1232 3899 palatiunt
1261 3843 1382 3883 sese
1404 3840 1755 3898 receperunt.

811 4011 865 4067 5.
896 4010 1010 4066 Hoc
1038 4027 1185 4065 anno
1216 4010 1558 4082 Theophane
1580 4011 1824 4083 Augusta
1854 4013 1999 4068 diem
2034 4015 2171 4080 obit,
2191 4033 2317 4074 cum

741 4103 1077 4172 imperasset
1107 4118 1283 4157 annos
1314 4103 1634 4158 duodecim.
1672 4102 1824 4159 Ilanc
1871 4106 2016 4160 Deus
2046 4119 2169 4177 post
2208 4126 2317 4164 non

740 4194 945 4248 multos
967 4192 1087 4248 dies
1114 4194 1509 4250 miraculorum
1543 4194 1878 4252 effectricem
1935 4200 2196 4269 reddidit,
2239 4201 2321 4258 id-

738 4287 892 4340 circo
930 4286 1078 4356 quod
1122 4286 1408 4358 zelotypize
1448 4287 1582 4343 vitio
1608 4288 1747 4343 nihil
1782 4290 2062 4357 laborans,
2089 4309 2191 4349 nec
2233 4295 2321 4350 in-

736 4378 1007 4449 juriarum
1040 4378 1340 4449 quidquam
1370 4395 1600 4443 memor,
1631 4380 1999 4451 eleemosynis
2028 4395 2084 4439 et
2114 4386 2321 4443 oratio-

740 4471 906 4525 nibus
944 4471 1055 4525 Deo
1084 4472 1305 4526 assidue
1334 4482 1576 4526 vacaret.
1632 4472 1809 4528 Porro
1858 4473 1971 4529 Leo
2019 4477 2321 4548 imperator

738 4563 968 4618 alteram
991 4564 1283 4633 conjugem
1314 4579 1469 4618 suam
1488 4563 1651 4618 Zoem
1677 4564 1895 4621 Zautzze
1923 4566 2091 4622 filiam
2112 4585 2315 4626 corona

738 4652 986 4713 donavit.
1037 4653 1197 4723 703
1248 4669 1312 4707 ac
1364 4668 1489 4708 cum
1534 4669 1620 4717 ea,
1675 4668 2064 4726 comprecante
2111 4660 2317 4717 clerico

738 4743 977 4813 quodam
1011 4743 1296 4812 Syneupes
1341 4744 1590 4808 nomine,
1646 4744 2092 4803 benedictionem
2143 4751 2312 4816 subit,

738 4833 841 4898 Qui
882 4833 1268 4888 benedictione
1298 4833 1645 4902 impartierat
1678 4835 1950 4898 minister.
1979 4837 2159 4893 ofﬁcio
2197 4856 2317 4894 mo-

741 4932 831 4978 tus
859 4932 944 4978 ιιει
974 4941 987 4976 ζ
1018 4924 1128 4978 Zoe
1160 4940 1310 4987 VOI‘O,
1340 4940 1544 4979 annum
1599 4942 1771 4981 unum
1808 4944 2027 4983 menses
2050 4939 2178 4986 00ιο
2218 4930 2320 4985 im-

738 5016 898 5087 perio
920 5015 1115 5086 potita.
1144 5016 1406 5071 defuncta
1430 5026 1535 5071 est.
1566 5017 1794 5072 Inventa
1817 5027 2003 5074 autem
2036 5030 2122 5077 est
2156 5039 2315 5091 urna,

738 5107 807 5162 ad
832 5108 951 5179 ejus
974 5107 1327 5163 condendqu
1358 5109 1617 5175 cadaver,
1636 5110 1839 5167 litteris
1863 5112 2139 5183 ejusmodi
2169 5115 2321 5171 intus

640 5246 643 5249 γ
740 5196 1239 5270 ίιιεειιινιατιιῖιὶα
1298 5198 1584 5271 Babylonis
1624 5202 1842 5258 misera.
1905 5204 2064 5260 Haud
2122 5209 2317 5276 procul

739 5298 951 5355 autem,
979 5306 1169 5346 mense
1192 5290 1355 5355 Maio,
1387 5302 1672 5349 exstructo
1700 5296 1908 5366 templo
1939 5296 2102 5352 titulo
2121 5297 2323 5354 Sancta

739 5383 874 5448 Zoe,
904 5400 1026 5439 eam
1061 5384 1341 5454 sepelivit.
1367 5384 1547 5456 Pr0pe
1585 5388 1752 5441 etiam
1788 5389 2050 5460 templum
2090 5390 2325 5448 Sancto-

743 5488 866 5526 rum
893 5474 1304 5544 Apostolorum,
1346 5477 1617 5549 coemptis
1644 5477 1758 5533 Leo
1784 5479 2085 5549 imperator
2111 5482 2325 5541 aedibus

745 5566 1138 5634 perpulehram
1181 5567 1472 5622 ecclesiam
1500 5569 1760 5629 aedificat.
1810 5571 2013 5641 prioris
2036 5588 2150 5629 suae
2187 5590 2324 5630 con-

737 5657 888 5727 jugis
912 5657 1285 5729 Theophanus
1326 5662 1589 5731 nomine;
1627 5663 1788 5735 cujus
1832 5675 1890 5719 ct
1935 5665 2101 5722 funus
2146 5667 2202 5722 in
2259 5683 2324 5725 ea

744 5747 995 5819 deponit.

2422 1996 2561 2067 μετὰ
2592 1997 2861 2067 αἰτήσεως
2915 1994 3361 2064 άναλαμϐάνιται
3407 1994 3536 2057 τοὺς
3588 1992 3997 2062 αἰχμαλώτους,

2419 2090 2512 2142 καὶ
2547 2090 2692 2142 ποιεῖ
2728 2089 2976 2158 εἰρήνην.
3024 2088 3135 2141 Καὶ
3175 2090 3295 2159 μετ’
3348 2086 3530 2154 ὀλίγον
3590 2084 3999 2155 ἀνατραπείσης

2420 2183 2584 2236 πάλιν
2608 2182 2704 2254 τῆς
2726 2183 2974 2252 εἰρήνης,
3005 2180 3217 2249 γίνεται
3240 2180 3479 2251 πόλεμος
3509 2181 3587 2242 εἰς
3604 2179 3663 2231 τὸ
3685 2169 3997 2244 Βουλγτίρὸ-

2419 2293 2611 2344 φνγον,
2687 2278 2780 2329 καὶ
2838 2275 3050 2347 τροπῆς
3110 2273 3383 2345 δημοσίας
3437 2272 3741 2342 γενομένης
3793 2270 3997 2329 πάντες

2419 2368 2720 2433 ἀπώλοντο,
2774 2368 2867 2422 καὶ
2917 2367 2946 2419 6
2991 2367 3489 2437 πρωτοῦεστιάριος
3529 2363 3825 2434 Θεόδωρος.
3864 2360 3995 2413 Στεο

2418 2460 2588 2526 φάνου
2670 2458 3097 2529 τελευτησαντος
3173 2460 3515 2529 πατριάρχου
3605 2454 3998 2524 χειροτονεῖται

2419 2550 2533 2603 ἀντ’
2581 2549 2746 2603 αὐτοῦ
2810 2549 3157 2621 πατριάρχης
3202 2547 3494 2610 ’Δντώνιος
3551 2545 3642 2598 6"
3700 2544 4001 2613 λεγόμενος

2418 2640 2695 2703 Καυλέας.

2488 2732 2549 2785 δ’.
2588 2731 2681 2801 Τῷ
2715 2732 2758 2797 ζν
2789 2731 2955 2785 αὑτοῦ
3004 2732 3115 2785 ἔτει
3144 2727 3387 2798 ἔσφαξαν
3429 2728 3479 2783 ei
3511 2728 3857 2797 Χερσωνίται
3908 2724 4004 2778 τὸν

2422 2825 2730 2894 στρατηγὸν
2782 2826 2984 2883 αὐτῶν,
3024 2824 3358 2893 ῐΙαρελήφθη
3409 2822 3506 2875 καὶ
3551 2821 3613 2874 τδ
3646 2821 3885 2890 κάστρον
3941 2820 4005 2872 τδ

2421 2916 2599 2985 Κὸρον
2630 2916 2688 2969 ὲν
2721 2916 3095 2987 Καππαδοκίᾳ
3125 2913 3232 2968 ὑπὸ
3263 2913 3374 2967 τῶν
3415 2914 3757 2984 Ἀγαρηνῶν.
3804 2910 3864 2965 '0
3902 2913 4000 2981 βα-

2422 3007 2604 3069 σιὶεὺς
2630 3007 2784 3059 Λέων
2831 3010 3135 3075 πρόκενσον
3170 3008 3404 3077 ποιήσας
3459 3007 3540 3068 είς
3582 3008 3650 3057 τὰ
3698 3002 4004 3073 Δαμιανοῦ,

2421 3101 2673 3161 συνόντος
2706 3101 2799 3151 καὶ
2830 3098 2926 3152 τοῦ
2984 3097 3562 3169 παραδυναστεὺοντος
3600 3096 3852 3157 Ζαούτζα
3907 3096 4007 3146 καὶ

2418 3186 2515 3251 τῆς
2546 3183 2816 3254 θυγατρὸς
2864 3183 3029 3238 αὑτοῦ
3084 3185 3239 3255 Ζωῆς
3284 3186 3403 3255 ἃμα
3437 3185 3515 3254 τῷ
3547 3183 3760 3255 βασιλεῖ
3802 3185 3860 3253 (ὴ
3891 3184 4007 3251 γάρ

2424 3275 2611 3346 πρώτη
2640 3276 2804 3329 αὐτοῦ
2830 3277 3044 3349 γαμετὴ
3073 3276 3331 3343 θεοφανὼ
3354 3278 3411 3329 έν
3436 3280 3504 3347 τῇ
3532 3275 3687 3346 Ἀγία
3712 3274 3866 3345 Σορῷ
3894 3275 4009 3327 τῶν

2423 3368 2741 3439 Βλαχερνῶν
2798 3370 3234 3441 προσεκαρτέρει
3277 3368 3610 3439 εὐχομένη),
3672 3367 4009 3437 συμδούλιον

2423 3465 2687 3533 ἐποίησαν
2718 3466 2768 3518 oi
2794 3464 2889 3518 τοῦ
2917 3464 3158 3529 Ζαούτςα
3187 3466 3493 3533 συγγενεῖς.
3538 3465 3567 3517 ὃ
3607 3480 3668 3516 τε
3716 3462 4009 3529 τζάντζης

2424 3557 2518 3608 καὶ
2543 3555 2593 3608 οἱ
2623 3556 2826 3617 λοιποὶ,
2862 3557 3122 3625 φονεῦσαι
3147 3558 3239 3609 τὸν
3269 3556 3515 3626 βασιλέα.
3535 3555 3599 3609 'II
3629 3556 3753 3626 Ζωὴ
3779 3555 3838 3609 δὲ
3866 3558 4009 3624 μετὰ

2422 3645 2516 3698 τοῦ
2573 3645 2839 3715 βασιλέως
2900 3646 3241 3702 καθεύδουσα
3269 3688 3285 3709 .
3320 3645 3403 3720 [Ρ.
3435 3646 3563 3720 463]
3596 3646 3671 3711 ὡς
3704 3648 3907 3718 ᾔσθετο
3949 3648 4011 3699 τὸ

2423 3738 2617 3797 δεινὸν,
2667 3737 2956 3805 ὲξύπνισεν
2990 3740 3187 3793 αὐτόν·
3246 3741 3341 3793 καὶ
3395 3738 3643 3808 παρευθῦ
3693 3740 3775 3802 είς
3821 3738 4013 3791 πλοῖον

2424 3827 2757 3899 διεπέρασαν
2784 3834 2860 3895 εἰς
2891 3831 3100 3900 Πηγὰς,
3136 3831 3315 3885 καὶτὸ
3351 3831 3498 3903 πρωῒ
3537 3832 3725 3901 τάχιον
3755 3833 4012 3901 είσῇλ¹;εν

2424 3923 2505 3983 ετς
2530 3919 2589 3971 τὸ
2617 3922 2897 3976 παλάτιον.

2495 4006 2556 4064 ε’.
2601 4011 2789 4081 Τούτῳ
2837 4012 2914 4082 τῷ
2969 4012 3079 4064 ἔτει
3134 4011 3366 4084 τελευτᾷ
3406 4010 3668 4081 Θεοφανὼ
3699 4012 4011 4077 Αὐγσρὺστα,

2428 4104 2799 4173 βασιλεύσασα
2829 4106 2926 4174 έτη
2963 4106 3026 4175 ιβ’
3048 4122 3060 4135 ·
3089 4104 3155 4177 ἣν
3186 4105 3306 4175 μετ’
3334 4108 3398 4160 οὐ
3430 4104 3633 4167 πολλὰς
3670 4106 3888 4175 ἡμέρας
3921 4108 4017 4159 αν.

2427 4197 2628 4263 έδ;ιξεν
2656 4200 2684 4251 6
2710 4199 2842 4263 Θεὸς
2873 4199 3294 4270 θαυματουργδν
3324 4198 3415 4253 διὰ
3446 4199 3508 4253 τὸ
3540 4199 3887 4267 ἀζηλότυπον
3926 4202 4019 4252 αὖ-

2426 4294 2526 4362 τῆς
2580 4295 2675 4347 καὶ
2739 4293 3123 4363 ἀμνησίκακον
3190 4293 3285 4348 καὶ
3347 4294 3406 4347 έν
3458 4291 3859 4362 ὲλεημοσύναις
3918 4294 4017 4344 καὶ

2429 4390 2765 4457 προσευχαῖς
2818 4386 3183 4448 ἀδιαλείπτως
3244 4386 3682 4456 προσκαρτερεῖν
3727 4383 3809 4453 τῷ
3870 4384 4017 4453 Θεῷ.

2430 4480 2698 4547 Ἕστεψεν
2737 4479 2791 4533 δὲ
2824 4480 2975 4532 Λέων
3022 4479 3051 4530 6
3092 4477 3348 4547 βασιλεὺς
3402 4476 3501 4546 τὴν
3552 4472 3816 4547 δευτέραν
3847 4476 4021 4531 αὑτοῦ

2428 4573 2668 4639 γυναῖκα
2698 4571 2853 4639 Ζωὴν
2879 4569 2977 4638 τὴν
3007 4568 3287 4638 θυγατέρα
3341 4565 3437 4619 τοῦ
3473 4565 3739 4629 Ζαούτζα,
3788 4568 3890 4618 καὶ
3928 4568 4021 4617 εὐ-

2424 4665 2664 4733 λογεῖται
2696 4665 2815 4733 μετ’
2855 4664 3025 4731 αὐτῆς
3060 4663 3213 4731 παρά
3265 4676 3409 4723 τινος
3453 4658 3720 4729 κληρικοῦ
3753 4658 3854 4711 τοῦ
3890 4660 4015 4711 ἐπί-

2425 4757 2562 4825 κλην
2591 4756 2859 4825 Σινεύπης
2878 4757 2946 4807 ⁷³.
2986 4756 3095 4808 Καὶ
3123 4756 3152 4806 6
3180 4754 3278 4825 μὲν
3305 4752 3610 4821 εὐλογήσας
3648 4751 3962 4822 καθῃρέθη.
3985 4752 4020 4820 ἠ

2424 4847 2481 4901 δὲ
2528 4848 2877 4903 ἐϐασίλευσεν
2928 4846 3045 4910 ἔτος
3079 4843 3127 4900 α’
3172 4846 3345 4916 μῆνας
3399 4850 3473 4913 η’.
3506 4844 3599 4896 καὶ
3633 4844 4023 4914 ἐτελεύτησεν.

2438 4939 2703 5012 Ἐφεῦρον
2763 4939 2821 4994 δὲ
2864 4940 3119 5010 λάρνακα
3154 4940 3231 5001 εἰς
3266 4939 3327 4990 τὸ
3365 4934 3702 5005 ἁποτεθῆναι
3751 4935 3813 4987 τὸ
3855 4936 4025 5005 σῶμα

2426 5033 2622 5103 αὐτῆς.
2683 5032 2914 5103 ἔχουσαν
2972 5031 3178 5086 ἔσωθεν
3244 5031 3555 5099 γράμματα
3617 5026 4027 5098 κεκολαμμένα

2425 5124 2708 5196 γράφοντα
2732 5123 2939 5186 οὕτως’
2976 5121 3250 5191 Θυγάτηρ
3301 5116 3665 5182 Βαϐυλῶνος
3711 5116 3750 5181 ὴ
3808 5119 4027 5169 ταλαί-

2425 5232 2642 5287 πωρος.
2675 5215 2914 5287 Πλησίον
2942 5215 3023 5276 δὲ.
3050 5214 3145 5268 τοῦ
3171 5213 3351 5267 Μαΐου
3384 5210 3555 5282 μηνὸς
3575 5251 3589 5275 ,
3646 5209 3910 5278 οἰκοδομή
3922 5226 4027 5272 σας

2424 5310 2584 5374 ναὸν,
2628 5309 2727 5381 τὴν
2779 5309 2953 5377 ἁγίαν,
3012 5306 3190 5377 Ζωὴν⁹
3252 5304 3609 5374 κατατίθησιν
3641 5303 3839 5371 αὐτήν.
3907 5303 4030 5356 Καὶ

2426 5398 2655 5471 πλησίον
2673 5398 2783 5453 τῶν
2798 5397 2997 5467 Ἀγίων
3033 5395 3375 5450 Ἀποστόλων
3406 5392 3828 5462 ἐξωνησάμενος
3858 5394 4027 5458 οἰκή-

2434 5506 2581 5560 ματα
2611 5487 2766 5542 Λέων
2795 5490 2823 5542 6
2858 5486 3116 5559 βασιλεὺς
3167 5485 3346 5548 κτίζει
3375 5482 3677 5552 ἐκκλησίαν
3704 5481 4027 5552 περικαλλῆ

2431 5581 2511 5643 είς
2544 5578 2716 5648 ὄνομα
2745 5577 3008 5646 Θεοψανῶ
3034 5575 3134 5644 τῆς
3164 5572 3392 5645 πρώτης
3414 5569 3583 5627 αὑτοῦ
3615 5568 3905 5638 γυναικὸς,
3929 5571 4031 5622 καὶ

2433 5671 2762 5737 κατατίθησι
2797 5671 2890 5726 καὶ
2925 5670 3131 5738 ταύτην
3161 5668 3299 5721 ἐκεῖ.

1993 5848 2225 5908 \‘ARMS
2288 5850 2688 5910 LECTlONES.

826 5936 867 5965 ⁷⁷
892 5938 918 5989 6
946 5954 1057 5992 mn.
1095 5935 1151 5990 ιι.
1234 5938 1273 5969 ⁷⁸
1297 5938 1535 6009 Σιναπης
1572 5953 1758 6009 margo
1799 5938 1858 5995 l‘.
