4174 6442
203 425 317 488 7ϋῦ

1159 423 1529 487 ANNALES.
1566 448 1634 461 -·
1669 421 1815 483 LEO
1856 422 2136 482 BASILII
2177 424 2454 484 FILIUS.

3363 421 3471 484 766

280 535 356 595 ς’.
397 528 489 600 Τῷ
520 530 567 584 θ’
595 530 762 586 αὑτοῦ
789 532 899 587 ἔτει
937 531 1229 604 ὶπιόουλῆς
1258 535 1564 606 γενομένης
1587 534 1778 587 Λέοντι

1953 530 2006 585 6.
2060 530 2280 599 Imperii
2349 530 2548 586 Leonis
2584 545 2731 583 anno
2780 545 2926 585 nono
2973 530 3358 601 conjuratione
3412 533 3466 585 in

202 622 286 691 τῷ
316 622 530 691 βασιλεῖ
572 624 724 694 παρά
760 623 869 677 τῶν
912 626 1194 694 συγγενῶν
1229 626 1325 679 τοῦ
1372 624 1639 690 Ζαούτζα,
1694 628 1789 679 καὶ

200 717 672 786 διαγνωσθείσης,
742 720 952 779 πάντας
1013 722 1294 787 κρατήσας
1344 720 1631 785 ἐξώρισεν,
1696 718 1790 771 καὶ

199 806 610 877 ἑξωλόθρευσεν
655 809 755 879 τὴν
782 810 1106 878 συγγένειαν
1136 811 1232 864 τοῦ
1265 812 1510 876 Ζαούτζα
1541 812 1784 865 ἃπασαν.

275 900 344 962 ξ’.
373 901 467 970 Τῷ
514 901 545 954 ι’
594 900 760 956 αὑτοῦ
817 903 927 956 ἔτει
968 904 1195 975 τελευτᾷ
1254 906 1541 970 ’Δντὼνιος
1586 925 1788 974 πατρι-

203 990 410 1060 άρχης,
441 994 538 1047 καὶ
570 997 959 1065 χειροτονεῖται
1002 997 1267 1058 Νικόλαος
1312 1000 1659 1070 πατριάρχης
1688 1020 1787 1071 μυ-

204 1086 398 1149 στικὸς
421 1085 516 1138 τοῦ
544 1085 831 1156 βασιλέως.
874 1088 1009 1141 Τότε
1044 1091 1137 1142 καὶ
1170 1092 1202 1159 ἡ
1232 1093 1548 1161 Δημητριὰς
1601 1109 1788 1164 παραο

202 1175 548 1243 λαμϐάνεται
579 1179 690 1233 ὑπὸ
713 1180 987 1250 Δαμιανοῦ
1022 1182 1117 1234 τοῦ
1153 1184 1478 1255 Ἀγαρηνοῦ.
1509 1186 1702 1253 Στέφει
1733 1186 1789 1240 δὲ

202 1269 230 1318 ὁ
270 1268 530 1333 βασιλεὺς
564 1271 764 1324 Ἀνναν
787 1273 1065 1344 θυγατέρα
1100 1275 1255 1342 Ζωῆς
1278 1277 1377 1344 τῆς
1400 1276 1493 1329 τοῦ
1520 1277 1787 1343 Ζαοΰτζα,

200 1356 231 1408 δ
259 1358 292 1407 ὲ
318 1359 383 1409 τὺ
415 1358 490 1428 μὴ
521 1359 780 1413 δύνασθαι
818 1365 991 1415 ποιεῖν
1013 1364 1082 1417 τὰ
1114 1366 1179 1420 ἐκ
1206 1365 1378 1419 τύπου
1415 1369 1674 1439 κλητόρια
1714 1371 1791 1441 μὴ

202 1445 378 1517 οὔσης
409 1449 755 1518 Αὐγούστης.

275 1548 349 1611 η’.
387 1541 480 1614 Τῷ
515 1542 586 1596 ια’
626 1544 737 1597 ἔτει
767 1545 932 1599 αὑτοῦ
960 1547 1202 1616 ἠγάγετο
1237 1550 1266 1602 ό
1303 1548 1558 1620 βασιλεὺς
1598 1552 1791 1623 τρίτην

200 1631 403 1686 ἑαυτοῦ
450 1637 687 1700 γυναῖκα
743 1637 845 1707 τὴν
899 1639 1010 1692 ἀπὸ
1060 1639 1154 1692 τοῦ
1209 1641 1453 1711 Ὀψικίου
1504 1644 1788 1706 Ευδοκίαν,

202 1726 412 1795 στέψας
444 1728 617 1798 αὐτὴν
648 1729 744 1783 καὶ
782 1732 1164 1801 ἀναγορεύσας
1185 1749 1200 1763 ο
1242 1734 1365 1805 ἥτις
1395 1734 1453 1800 ἐξ
1483 1736 1648 1790 αὑτοῦ
1690 1738 1791 1809 ἀρ-

202 1820 338 1889 ρενα
375 1820 685 1890 γεννήσασα
723 1824 880 1877 παῖδα
909 1825 1285 1896 ἐτελεύτησεν.
1323 1828 1586 1883 Ἀπέθανε
1611 1830 1668 1884 δὲ
1697 1833 1788 1885 καὶ

197 1911 263 1964 τὸ
292 1913 554 1983 γεννηθὲν
585 1916 819 1973 παιδίον.

272 2006 339 2061 θ’.
371 2007 466 2079 τῷ
498 2007 566 2079 ιγ’
593 2010 759 2064 αὐτοῦ
811 2011 921 2065 ἔτει
978 2012 1157 2077 κτίζει
1204 2016 1232 2068 ό
1261 2014 1513 2085 βασιλεὺς
1545 2017 1626 2083 εἰς
1660 2021 1791 2084 τοὺς

195 2099 531 2171 λεγομένους
562 2104 777 2167 Τόπους
808 2105 935 2159 ναὸν
968 2107 1159 2175 Ἀγιον
1189 2109 1463 2181 Λάζαρον,
1511 2112 1603 2165 καὶ
1622 2130 1792 2166 κατα·

200 2193 467 2257 σκευάζει
503 2193 673 2265 μονὴν
700 2194 948 2267 ἀνδρῴαν
974 2196 1248 2269 εὐνούχων
1269 2218 1282 2231 ·
1311 2202 1369 2253 ὲν
1396 2194 1441 2269 ᾧ
1476 2204 1572 2255 καὶ
1602 2203 1663 2256 τὸ
1694 2203 1788 2257 τοῦ

197 2283 364 2351 ἁγίου
400 2283 655 2355 Λαζάρου
692 2286 853 2355 σῶμα
888 2290 984 2340 καὶ
1039 2289 1258 2358 Μαρίας
1287 2290 1390 2361 τῆς
1420 2291 1789 2363 Μαγδαληνῆς

196 2376 460 2432 ἀπέθετο.
494 2377 682 2447 τούτῳ
719 2377 797 2448 τῷ
819 2380 998 2452 καιρῷ
1028 2381 1385 2453 παραδίδοται
1415 2383 1790 2454 Ταυρομένιον

194 2468 315 2529 τοῖς
348 2467 697 2537 Ἀγαρηνοῖς.

273 2565 327 2613 ι’.
363 2559 455 2628 Τῷ
483 2558 545 2613 ιε’
568 2561 678 2616 ἔτει
706 2562 1031 2636 παρελήφθη
1055 2567 1087 2637 ἡ
1116 2564 1283 2637 νῆσος
1306 2568 1527 2639 Λῆμνος
1551 2569 1657 2624 ὑπὸ
1680 2572 1788 2625 τῶν

208 2649 267 2703 Ἀ
276 2652 555 2720 γαρηνῶν.

274 2742 363 2810 ΙΡ.
404 2743 532 2818 464]
571 2750 663 2802 ια’.
726 2748 814 2817 Τῷ
849 2755 924 2813 ις’
964 2750 1074 2804 ἔτει
1127 2754 1185 2807 ὲν
1217 2756 1284 2825 τῇ
1332 2754 1653 2826 προελεύσει
1684 2758 1787 2827 τῆς

159 2831 591 2906 ’Πεντηκοστῆς
615 2841 659 2872 ⁷⁸
709 2841 805 2894 τοῦ
843 2841 1108 2911 βασιλέως
1159 2848 1521 2912 εἰσοδεὺοντος
1566 2852 1646 2912 είς
1698 2851 1788 2903 τὸν

201 2928 401 2996 Ἀγιον
447 2931 691 2993 Μώκιον,
741 2934 800 2985 ὃν
831 2934 1023 3005 πρώην
1070 2939 1236 3005 φασὶν
1279 2940 1611 3011 Ἡρακλέους
1646 2939 1786 2997 εἶναι

202 3024 359 3081 ναὸν.
400 3025 523 3077 ἐπεὶ
566 3025 785 3096 πλησίον
814 3030 913 3098 τῆς
946 3031 1152 3095 σωλέας
1194 3029 1382 3104 ἦλθεν,
1436 3037 1671 3101 ἐξελθών
1704 3056 1787 3102 τις

199 3116 264 3167 ἐκ
294 3114 389 3167 τοῦ
432 3115 685 3183 ἇμϐωνος
735 3120 936 3174 ἔδωκεν
975 3124 1124 3194 αὑτῷ
1167 3128 1308 3180 κατὰ
1354 3128 1599 3198 κεφαλῆς
1649 3132 1787 3199 μετά

1893 623 2132 678 Leonem
2165 624 2556 693 imperatorem
2585 640 2614 678 a
2642 622 2862 676 Zautza
2881 623 3310 693 consanguineis
3329 623 3470 678 facta

1893 727 2057 786 atque
2092 717 2331 787 prodita,
2363 725 2553 785 captos
2575 731 2769 770 omnes
2813 716 3010 769 exsilio
3040 716 3293 771 multavit
3318 717 3469 787 ejus-

1891 827 1998 880 que
2028 825 2246 865 omnem
2283 809 2665 879 cognationem
2699 808 3054 879 disperdidit.

1965 906 2016 957 7.
2050 904 2269 971 Imperii
2299 901 2505 957 Leonis
2540 918 2686 956 anno
2712 902 2951 966 decimo,
2986 913 3206 956 mortuo
3233 900 3469 955 Antonio

1891 996 2225 1068 patriarcha,
2250 996 2543 1050 ordinatur
2589 995 2899 1065 patriarcha
2945 995 3203 1049 Nicolaus
3233 995 3472 1062 impera-

1892 1093 2030 1145 toris
2060 1089 2346 1160 mysticus.
2387 1088 2544 1143 Tunc
2579 1103 2801 1157 quoque
2824 1088 3132 1141 Demetrias
3154 1104 3182 1141 a
3208 1087 3470 1141 Damiano

1893 1182 2141 1251 Agat-eno
2176 1180 2412 1249 capitur.
2452 1179 2670 1236 Corona
2713 1196 2848 1234 vero
2902 1180 3202 1249 imperator
3255 1179 3469 1233 Annam

1891 1273 2081 1335 donat,
2124 1271 2264 1325 Zoes
2306 1271 2524 1325 Zautza:
2569 1272 2692 1325 filia:
2724 1271 2914 1333 filiam,
2951 1271 3097 1340 quod
3148 1285 3274 1325 cum
3319 1273 3467 1325 nulla

1891 1374 2038 1420 esset
2084 1368 2348 1434 Augusta,
2377 1366 2677 1418 constituta
2715 1381 2783 1419 ex
2825 1380 2980 1418 more
3028 1364 3277 1418 convivia
3325 1365 3475 1418 cele-

1894 1458 2053 1512 brare
2082 1474 2187 1511 non
2219 1466 2423 1526 posset.

1962 1552 2016 1605 8.
2054 1550 2276 1619 Imperii
2306 1549 2510 1604 Leonis
2534 1548 3017 1604 anno~undecimo
3039 1548 3197 1602 duxit
3234 1549 3471 1618 impera-

1892 1651 1981 1697 tor
2004 1641 2220 1695 tertiam
2272 1656 2430 1693 suam
2484 1654 2712 1693 uxorem
2761 1654 2827 1693 ex
2879 1637 3106 1707 Opsicio
3144 1637 3469 1701 Eudoeiam,

1893 1736 2066 1804 ipsam
2136 1748 2341 1788 corona
2392 1734 2605 1787 donans
2667 1747 2732 1786 ac
2808 1731 3101 1801 Augustam
3167 1731 3471 1799 appellans.

1893 1825 2204 1898 70411ωο
2233 1834 2486 1893 suscepta
2535 1840 2601 1878 ex
2654 1824 2747 1877 illo
2796 1823 2949 1893 prole
2980 1821 3219 1876 mascula
3258 1829 3474 1874 mortua

1891 1932 2009 1985 est;
2042 1928 2255 1973 mortua
2287 1929 2343 1974 et
2370 1917 2486 1988 ipsa
2520 1926 2777 1986 suscepta
2817 1916 3022 1987 proles.

1960 2014 2014 2068 9.
2056 2012 2279 2084 Imperii
2333 2011 2534 2066 Leonis
2582 2026 2727 2065 anno
2778 2010 2941 2064 tertio
2972 2007 3192 2062 decimo
3239 2006 3475 2061 aedificat

1892 2108 2211 2179 imperator,
2236 2106 2303 2159 ad
2333 2106 2517 2175 'I‘opos
2555 2120 2695 2174 quos
2737 2112 2958 2166 vocant,
2984 2101 3249 2171 templum
3278 2100 3333 2155 S.
3366 2100 3472 2154 La-

1890 2202 2001 2256 zari
2044 2200 2287 2264 nomine,
2318 2199 2680 2267 virorumque
2730 2196 3036 2267 spadonum
3073 2194 3471 2248 monasterium

1890 2295 2184 2349 construit.
2239 2293 2318 2347 lbi
2367 2292 2534 2347 etiam
2581 2291 2638 2346 S.
2696 2291 2887 2345 Lazari
2938 2304 3143 2357 corpus
3193 2295 3248 2341 et
3293 2288 3476 2341 Mariae

1890 2380 2223 2453 Magdaleme
2253 2381 2523 2436 condidit.
2553 2380 2658 2435 Per
2693 2379 2742 2433 id
2778 2388 2996 2450 tempus
3038 2377 3473 2432 'I'aurumeninm

1891 2474 2152 2530 traditum
2175 2472 2485 2528 Saracenis.

1961 2567 2050 2620 l0.
2117 2566 2280 2618 Anno
2338 2564 2535 2634 quinto
2589 2562 2806 2618 decimo
2859 2570 3020 2631 capta
3080 2560 3151 2615 ab
3210 2559 3477 2630 Agarenis

1888 2659 2131 2713 Lemnus
2160 2657 2361 2711 insula.

1963 2752 2049 2805 ll.
2080 2751 2238 2805 Anno
2293 2757 2450 2804 sexto
2492 2747 2733 2809 decimo,
2769 2745 2823 2798 in
2868 2754 3073 2800 saneta!
3119 2744 3476 2799 Pentecostes

1889 2860 2175 2916 processu,
2214 2844 2531 2897 introeunte
2561 2841 2895 2909 imperatore
2924 2838 2991 2892 ad
3019 2838 3076 2892 S.
3102 2838 3286 2902 Mocii,
3323 2836 3472 2906 quod

1889 2939 2020 2993 olim
2054 2935 2305 2990 llerculis
2331 2934 2518 2987 fanum
2558 2932 2728 2986 fuisse
2767 2931 2982 2990 dicunt.
3016 2946 3140 2984 cum
3170 2946 3338 3000 prope
3378 2944 3473 2983 so-

1890 3033 2028 3086 leam
2057 3030 2334 3093 venisset,
2369 3041 2624 3097 egressus
2659 3023 2882 3095 quidam
2915 3040 2980 3077 ex
3017 3022 3251 3076 amboue
3307 3022 3474 3074 robu-

1889 3136 2035 3180 stum
2071 3124 2272 3178 fustem
2304 3132 2356 3176 et
2383 3134 2630 3174 crassum
2668 3119 2721 3172 in
2753 3117 2873 3186 ejus
2912 3124 3079 3186 caput
3119 3116 3380 3185 impegit;
3414 3132 3477 3168 ac

200 3206 409 3273 ῥάϐδου
446 3209 678 3278 ίσχυρᾶς
707 3212 800 3263 καὶ
847 3214 1116 3283 παχείας·
1165 3217 1259 3269 καὶ
1302 3220 1349 3269 εἰ
1388 3219 1462 3289 μὴ
1505 3222 1586 3284 είς
1622 3221 1785 3275 πολυ-

1892 3218 1993 3271 nisi
2051 3218 2192 3271 ictus
2239 3212 2557 3268 candelabri
2595 3210 2824 3281 pensilis
2876 3208 3131 3262 multilidi
3182 3208 3472 3276 interiectu

197 3298 469 3368 κάνδηλον
495 3301 527 3369 ή
553 3301 746 3371 ῥάϐδος
773 3306 1113 3376 ὲνεποδίσθη,
1162 3312 1410 3379 παρευθὺ
1462 3313 1528 3367 ἂν
1562 3314 1657 3367 τοῦ
1686 3317 1788 3387 ζῇν

196 3389 369 3440 αὐτὸν
394 3389 726 3459 ἀπήλλαξεν.
760 3394 872 3448 Τοῦ
914 3395 970 3448 δὲ
1001 3399 1234 3466 αἵματος
1286 3402 1534 3474 σφοδρῶς
1580 3410 1814 3479 καταῤ-’

194 3482 425 3551 ῥέοντος
452 3485 668 3555 ταραχὴ
695 3488 789 3540 καὶ
824 3489 971 3559 φυγὴ
1003 3490 1112 3543 τῶν
1144 3492 1427 3563 ἀρχόντων
1457 3499 1674 3566 γέγονε.
1696 3501 1787 3553 Δι’)

189 3575 293 3625 καὶ
325 3573 420 3626 τοῦ
444 3575 680 3644 ἀδελφοῦ
726 3579 1083 3652 Ἀλεξάνδρου
1115 3584 1269 3638 νόσον
1296 3593 1783 3657 προφασισαμένου

190 3666 291 3719 καὶ
324 3670 383 3720 ἐν
415 3671 481 3738 τῇ
530 3671 721 3742 εἰσόδῳ
752 3676 825 3743 μὴ
860 3676 1236 3743 κατελθόντος,
1288 3681 1559 3753 ὑπόληψις
1591 3685 1785 3753 γέγονε

187 3758 299 3828 τὴν
333 3761 598 3831 τοιαύτην
626 3764 921 3835 ἐπισουλὴν
951 3768 1115 3823 αὑτὸν
1152 3774 1621 3841 κατεργάσασθαι.
1642 3779 1785 3849 Κρα-

188 3851 462 3918 τηθέντος
491 3852 586 3907 τοῦ
632 3855 816 3922 δόντος
845 3859 923 3930 τῷ
954 3861 1184 3929 βασιλεῖ,
1242 3864 1337 3917 καὶ
1377 3865 1580 3932 πολλὰς
1612 3868 1783 3938 βασάο

192 3961 329 4007 νους
364 3947 459 3998 καὶ
479 3949 750 4017 τιμωρίας
776 3951 1260 4025 ὖπομεμενηκότος
1290 3958 1384 4010 ἐπὶ
1418 3959 1617 4023 πολλὰς
1644 3963 1785 4031 ἠμέ-

196 4052 325 4105 ρας,
346 4038 471 4090 ἐπεὶ
504 4040 712 4109 μηδένα
729 4042 1216 4115 καθωμολόγησεν,
1236 4049 1566 4104 ἐκκόπτεται
1594 4056 1785 4123 χεῖρας

188 4129 296 4179 καὶ
325 4129 491 4191 πόδας
508 4132 603 4183 καὶ
623 4132 681 4183 ὲν
704 4131 782 4203 τῷ
814 4136 1058 4203 σφενδόνι
1077 4138 1122 4169 ⁵⁸
1143 4138 1239 4191 τοῦ
1271 4140 1521 4194 Ἱππικοῦ
1548 4145 1783 4201 καίεται.

192 4221 434 4275 Ἐκτοτε
493 4222 587 4277 οὖν
648 4224 886 4299 ἐξεκόπη
924 4230 1218 4303 ἡτοιαύτη
1271 4234 1613 4304 προέλευσις.
1674 4240 1783 4293 Καὶ

194 4330 266 4381 με
278 4314 345 4367 τά
367 4331 492 4368 τινα
514 4318 707 4388 καιρὸν
736 4319 967 4389 ἀνῆλθεν
992 4324 1220 4393 Μάρκος
1246 4329 1274 4378 δ
1298 4328 1613 4396 σοφώτατος
1642 4334 1787 4386 οίκοο

189 4407 362 4475 νόμος
385 4406 487 4476 τῆς
512 4409 684 4477 αὐτῆς
714 4413 1031 4482 ἐκκλησίας,
1090 4414 1149 4478 ὃς
1180 4411 1248 4489 ἦν
1285 4419 1689 4491 ἀναπληρώσας
1727 4424 1786 4476 τὸ

187 4498 511 4570 τετρὰῳδον
535 4501 631 4555 τοῦ
662 4505 828 4577 κυροῦ
861 4509 1061 4579 Κοσμᾶ
1082 4510 1183 4582 τῆς
1224 4513 1470 4586 μεγάλης
1512 4515 1783 4588 Ἰἰὸὃομά⁴

190 4589 285 4643 Gn:
315 4590 436 4661 ἦτοι
464 4592 559 4646 τοῦ
596 4597 838 4664 μεγάλου
872 4600 1174 4666 Σαϐϐάτου,
1232 4606 1371 4673 πρὸς
1422 4607 1784 4679 τὸνβασιλέα,

193 4680 298 4732 καὶ
338 4683 774 4752 συνεστιώμενος
822 4691 973 4761 αὐτῷ
1023 4692 1335 4766 ἐξελιπάρει
1369 4698 1442 4769 μὴ
1480 4700 1785 4770 ἐκκοπῆναι

188 4774 295 4842 τὴν
336 4775 550 4846 ἑορτήν.
584 4780 693 4832 Καὶ
720 4780 812 4834 τοῦ
846 4782 1110 4852 βασιλέως
1143 4790 1577 4861 ἀπαναινομένου
1626 4794 1729 4863 ἔφη
1759 4796 1787 4848 ὁ

189 4866 427 4935 Μάρκος
454 4870 535 4922 ὅτι
557 4874 884 4943 προείρητλιι
914 4876 1073 4931 τοῦτο
1109 4882 1259 4950 παρά
1286 4883 1380 4936 τοῦ
1415 4885 1580 4938 Δαϐξδ
1603 4901 1614 4913 ·
1652 4890 1787 4958 φησὶ

189 4961 308 5027 γάρ
331 4979 344 4991 ο
383 4961 543 5015 Ὅσα
568 4964 1021 5036 ἐπονηρεύσιιτο
1046 4975 1077 5024 ό
1115 4974 1333 5043 ἐχθρὸς
1371 4977 1467 5030 ἐπὶ
1514 4977 1592 5044 τῷ
1638 4981 1784 5051 ἁγίῳ

188 5071 334 5117 σοι»,
388 5055 486 5108 καὶ
537 5056 1035 5130 ὲνεκαυχήσαντο
1084 5070 1136 5120 οἱ
1193 5069 1524 5139 μισοῦντές
1582 5091 1658 5128 σε
1710 5074 1782 5128 ἐν

182 5146 363 5214 μέσῳ
392 5145 502 5214 τῆς
523 5147 736 5218 ἑορτῆς
760 5169 898 5208 σου.
918 5156 1027 5210 Καὶ
1046 5157 1134 5211 δεῖ
1163 5176 1257 5227 σε,
1277 5156 1325 5214 ὦ
1346 5161 1635 5231 δέσποτα,
1662 5168 1779 5221 ἀπὸ

188 5238 303 5292 τοῦ
326 5240 449 5293 νῦν
475 5240 767 5310 κρατῆσαι
790 5246 903 5315 τῆς
918 5250 1247 5320 ,βασιλείας
1274 5255 1379 5324 ἔτη
1421 5257 1586 5312 δέκα.
1618 5261 1680 5313 '0
1714 5261 1779 5332 δὴ

186 5332 289 5385 καὶ
325 5334 549 5427 γέγονε·
583 5340 651 5410 τῇ
679 5338 788 5409 γὰρ
816 5341 953 5415 αὐτῇ
987 5346 1170 5420 ἡμέρᾳ
1201 5342 1233 5423 ᾖ
1276 5349 1492 5417 ἔλασεν,
1528 5355 1594 5426 τῇ
1635 5357 1775 5427 αὐτῇ

190 5428 290 5480 καὶ
328 5426 578 5502 τελευτᾷ.

264 5658 292 5697 γ
334 5646 482 5705 Psal.
516 5666 704 5717 tum.
728 5657 780 5711 5.

1892 3310 2203 3364 retardatus
2259 3305 2504 3367 fuisset,
2564 3302 2841 3372 extemplo
2903 3301 3236 3357 sustulisset.
3304 3299 3475 3368 Largo

1893 3404 2076 3472 itaque
2106 3399 2479 3454 deﬂuentibus
2508 3412 2573 3451 ex
2609 3396 2788 3465 capite
2833 3394 3051 3448 cruoris
3088 3394 3243 3450 rivis.
3295 3392 3473 3446 territi

1890 3511 2156 3568 proceres
2205 3495 2386 3563 fugam
2429 3492 2737 3561 arripuere.
2793 3489 2932 3544 Ilinc
2972 3504 3193 3559 quoque
3234 3487 3477 3556 suspicio

1891 3589 1996 3645 fuit
2029 3586 2402 3642 Alexandrum
2426 3584 2546 3653 ejus
2573 3582 2825 3643 fratrem,
2864 3580 3013 3651 quod
3059 3579 3315 3633 morbum
3344 3592 3475 3629 cau-

1889 3695 2042 3737 satus
2070 3696 2283 3752 pompm
2336 3678 2619 3749 ingressus
2648 3692 2757 3730 non
2804 3676 3093 3737 adfuerat,
3149 3672 3471 3726 insidiarum

1889 3782 2173 3828 auctorem
2203 3771 2503 3825 exstitisse.
2538 3769 2934 3839 Apprebensus
2959 3774 3143 3819 autem
3179 3763 3272 3833 qui
3302 3762 3473 3817 ictum

1890 3868 2139 3928 dederat,
2197 3864 2425 3933 diesque
2482 3863 2690 3916 multos
2750 3858 3044 3915 tormentis
3101 3857 3473 3917 examinatus,

1890 3959 2036 4031 quod
2101 3957 2313 4011 nullum
2376 3951 2780 4025 conjurationis
2836 3959 3119 4005 auctorem
3191 3949 3476 4003 sociumve

1889 4052 2195 4113 detexerat,
2247 4048 2500 4102 manibus
2555 4046 2900 4116 pedibusque
2952 4041 3156 4097 excisis
3204 4040 3270 4094 ad
3328 4038 3474 4093 Circi

1891 4153 2091 4197 metam
2145 4140 2470 4195 combustus
2515 4146 2621 4192 est.
2685 4136 2761 4191 Ex
2798 4145 2929 4189 tunc
2970 4148 3101 4203 ergo
3159 4130 3475 4187 istiusmodi

1889 4234 2049 4307 705
2104 4248 2396 4304 processus
2424 4228 2722 4300 abrogatus
2775 4239 2882 4283 est.
2938 4227 3237 4297 Aliquanto
3285 4234 3471 4279 autem

1890 4339 2014 4399 post
2042 4336 2289 4395 tempore
2326 4322 2578 4377 ascendit
2613 4318 3057 4390 sapientissimus
3086 4319 3207 4388 ejus
3226 4315 3475 4371 ecclesire

1890 4432 2211 4473 (econotnus
2255 4415 2489 4477 Marcus,
2533 4411 2581 4466 is
2613 4411 2709 4482 qui
2739 4426 2948 4481 magna:
2981 4406 3343 4463 bebdomada:
3397 4402 3474 4473 (id

1889 4521 1973 4565 est
2032 4511 2210 4580 magni
2265 4508 2514 4576 Sabbati)
2571 4504 2905 4560 tetraodium
2944 4504 3234 4573 (canonem
3264 4499 3478 4556 scilicet

1889 4613 2128 4674 quatuor
2186 4596 2561 4669 stropharum)
2592 4597 2781 4652 domui
2817 4595 3031 4651 Cosnne
3088 4594 3346 4656 absolvit,
3405 4592 3475 4647 ad

1886 4698 2309 4767 imperatorem;
2376 4701 2753 4763 exceptusque
2809 4689 3068 4747 convivio
3126 4688 3357 4759 rogabat
3382 4687 3474 4741 ’nc.

1884 4808 2002 4845 eam
2036 4788 2392 4843 festivitatem
2429 4800 2794 4857 pompamque
2818 4782 3145 4854 abrogatum
3179 4781 3305 4835 iret.
3356 4779 3463 4832 Ab-

1888 4893 2093 4937 nuenlc
2126 4893 2311 4934 autem
2344 4879 2700 4949 imperatore,
2734 4877 2814 4933 ait
2869 4876 3086 4930 Marcus
3120 4892 3130 4926 :
3164 4873 3249 4929 Sic
3287 4888 3473 4942 nempe

1885 4995 1915 5030 α
1950 4975 2143 5027 υιιιιὶιιε
2168 4973 2479 5042 prmdictum
2519 4979 2655 5025 erat.
2713 4971 2798 5024 Ait
2829 4970 2967 5023 enim
3001 4985 3034 5035 ο,
3057 4967 3276 5034 Quanta
3310 4964 3474 5019 muli-

1888 5076 2082 5138 gnatus
2115 5075 2189 5117 est
2231 5065 2475 5117 inimicus
2504 5064 2557 5117 in
2594 5070 2778 5116 sancto
2809 5061 2946 5115 tuo?
2976 5069 3025 5113 et
3077 5058 3296 5131 gloriati
3348 5065 3473 5111 sunt

1886 5161 1974 5232 qui
2013 5160 2233 5212 oderunt
2263 5166 2341 5220 te,
2387 5157 2438 5209 in
2477 5154 2645 5208 medio
2677 5154 3036 5207 solemnitatis
3059 5150 3243 5204 litari?
3278 5149 3480 5227 Estque

1888 5270 2117 5312 necesse,
2145 5253 2379 5316 domine,
2434 5257 2491 5301 ιιι
2519 5248 2582 5301 ab
2627 5248 2747 5299 hinc
2792 5264 2956 5300 annos
2989 5246 3164 5299 decem
3194 5244 3477 5315 imperium

1891 5359 2091 5406 teneas.
2117 5344 2274 5413 Quod
2315 5353 2372 5400 et
2404 5341 2638 5412 contigit
2664 5358 2676 5393 :
2704 5340 2896 5393 eadem
2924 5339 3071 5393 cnitn
3112 5339 3227 5408 ipsa
3252 5338 3340 5391 die
3367 5351 3473 5406 qua

1886 5450 2058 5505 ictum
2090 5446 2402 5510 acceperat,
2434 5436 2659 5492 cvoluto
2681 5449 2951 5488 annorum
2980 5432 3192 5487 circulo
3219 5439 3474 5485 mortuus

1889 5550 1993 5597 est.

1473 5757 1719 5815 νΑιιιΑε
1756 5759 2147 5816 LECTIONES

260 5836 615 5925 "licentius
646 5853 699 5925 ent
727 5846 817 5901 alii
850 5850 1381 5922 μεσοπεντηκοπῆς,
1416 5853 1506 5923 qui
1543 5854 1702 5925 longe
1726 5854 1842 5912 dies
1878 5857 2019 5913 alius
2044 5865 2146 5921 ρει,
2178 5851 2399 5908 I‘asclta‘
2460 5848 2670 5906 medius
2700 5860 2754 5905 et
2783 5850 3154 5907 I‘ctttccostcs.
3212 5846 3459 5903 Cotnlnzf.

197 5908 241 5937 "
282 5914 346 5981 τῇ
374 5912 635 5982 σφενδόνη
669 5913 689 5965 ?
