4174 6442
711 381 815 442 767

1935 381 2321 440 SYMEONIS
2360 382 2730 443 MAGISTRI

3857 384 3963 446 768

785 495 871 548 12.
938 493 1094 546 Anno
1165 488 1382 544 decimo
1438 488 1674 556 septimo
1745 489 1901 543 duxit
1984 490 2284 559 imperator

2459 495 2546 562 ιβ’.
2578 497 2669 565 Τῷ
2693 495 2758 558 ιζ’
2790 495 2899 548 ἔτει
2938 495 3178 565 ἠγάγετο
3206 497 3233 548 ὀ
3281 494 3533 562 βασιλεὺς
3568 494 3659 547 καὶ
3690 496 3963 564 τετάρτην

710 585 876 636 etiam
900 588 1154 649 quartam
1186 593 1440 642 uxorem,
1476 577 1665 642 Zoem,
1697 593 1862 647 quam
1909 589 2109 635 vocant
2148 581 2283 635 Car-

714 670 1100 738 bunopsinam.

786 759 869 811 l3.
908 758 1067 811 Anno
1099 757 1314 810 decimo
1337 765 1530 809 octavo
1555 753 1809 810 ascendit
1843 757 2052 810 navalis
2089 757 2289 826 Agare-

712 864 909 901 norum
961 848 1235 901 exercitus
1265 861 1389 899 cum
1445 845 1707 914 Tripolita
1758 845 2024 901 adversus
2080 847 2256 918 Byzan

715 943 873 994 tium.
908 941 1046 994 Dicti
1081 956 1213 994 vero
1262 949 1390 993 sunt
1442 939 1744 1009 Tripolitaz,
1794 941 1940 1009 quod
1994 958 2060 996 ex
2108 944 2290 998 tribus

715 1032 1034 1086 nationibus
1081 1032 1297 1085 collecti
1344 1032 1475 1094 sint,
1525 1049 1592 1085 ex
1637 1032 1912 1086 Arabibus
1939 1043 1995 1087 et
2019 1033 2201 1104 Tyriis
2232 1044 2290 1089 et

713 1126 958 1178 Sidoniis
995 1125 1278 1178 convenis.
1334 1125 1602 1178 Similiter
1649 1139 1783 1178 vero
1828 1126 1996 1179 etiam
2045 1127 2287 1197 Algaeum

713 1234 866 1271 mare
892 1218 962 1271 ab
997 1234 1262 1286 aquarum
1295 1219 1523 1283 impetu,
1565 1231 1630 1269 ac
1654 1216 1800 1285 quod
1827 1219 1975 1270 velut
2012 1234 2190 1287 caprae
2234 1221 2287 1274 in

717 1324 924 1362 morem
954 1307 1145 1369 {Graeci
1172 1303 1302 1374 αῐγα
1329 1307 1549 1378 vocant)
1579 1307 1876 1371 subsultet,
1907 1325 2106 1363 nomen
2142 1327 2292 1366 acce-

719 1401 816 1468 pit.
844 1400 1098 1455 Stobelus
1118 1416 1147 1451 a
1180 1399 1284 1453 loci
1318 1400 1450 1453 situ.
1474 1399 1810 1469 Lampsacus
1835 1417 1867 1454 a
1889 1401 2030 1455 lucis
2053 1402 2290 1472 fulgore,

722 1491 1097 1546 Phocensibus
1147 1492 1509 1546 fundamenta
1549 1493 1858 1548 locantibus
1893 1509 1957 1548 ac
1981 1496 2289 1561 orantibus,

720 1600 752 1635 c
777 1583 916 1636 caelo
945 1591 1111 1636 noctu
1141 1583 1382 1652 delapso,
1418 1598 1550 1652 quo,
1581 1583 1798 1637 favente
1847 1585 2094 1643 numine.
2139 1586 2293 1642 firma

724 1689 1012 1728 murorum
1036 1676 1188 1728 stetit
1218 1689 1500 1745 compago.
1539 1674 1753 1729 ltnbrus
1773 1676 1844 1729 ab
1873 1676 2055 1730 Imbro
2080 1687 2292 1743 vomu,

721 1770 922 1826 Anthei
953 1772 1114 1841 706
1146 1771 1278 1835 lilio,

795 1955 958 2025 Cujus
981 1966 1133 2025 pater
1163 1954 1471 2025 Staphylus,
1503 1954 1743 2024 Dionysii
1771 1956 2081 2009 charissima
2105 1957 2297 2024 proles.

725 2043 1109 2114 Hellespontus
1134 2048 1203 2098 ab
1228 2047 1392 2099 Hella
1437 2047 1620 2100 Phrixi
1655 2062 1868 2106 sorore,
1928 2048 1981 2100 in
2016 2048 2146 2100 illud
2177 2062 2303 2116 pro-

719 2138 867 2206 jccta
901 2154 1070 2192 mare.
1098 2138 1364 2208 (libyrrha
1396 2154 1526 2192 vero
1559 2153 1589 2191 a
1633 2137 1907 2208 Cibyrrho
1934 2137 2123 2192 fratre.
2155 2138 2302 2192 Tha-

725 2246 823 2284 sns
875 2232 1082 2301 Chryse
1134 2232 1262 2284 olim
1306 2240 1516 2284 vocata.
1567 2229 2007 2285 Samosathracia
2034 2272 2048 2296 ,
2084 2248 2206 2301 quas
2247 2232 2302 2285 in

728 2321 961 2376 Thracia
993 2332 1076 2375 est
1109 2321 1416 2390 peninsula,
1449 2321 1579 2374 olim
1613 2319 1882 2375 Theriusa
1935 2322 2102 2384 dicta,
2154 2323 2301 2392 quod

731 2414 923 2467 bestiis
952 2415 1106 2482 plena
1154 2421 1299 2466 esset
1329 2423 1384 2466 et
1413 2413 1560 2482 quod
1593 2414 1858 2483 Nymphis
1889 2431 2042 2467 sacra
2072 2434 2082 2465 :
2117 2425 2302 2484 postea

731 2521 864 2561 vero
893 2522 1017 2560 cum
1069 2505 1248 2559 ﬂuxus
1285 2506 1570 2561 collisione
1605 2523 1635 2561 a
1682 2507 1986 2561 continenti
2012 2507 2184 2561 divisa
2223 2509 2305 2561 in-

730 2597 847 2650 sula
879 2597 1018 2650 facta
1052 2607 1199 2650 esset
1227 2606 1281 2650 et
1304 2597 1505 2651 Samiis
1527 2599 1739 2652 colonis
1771 2614 2045 2665 possessa,
2095 2609 2305 2655 mutato

735 2686 958 2740 nomine
985 2686 1360 2740 Samothracia
1387 2687 1454 2739 ab
1479 2686 1588 2740 illis
1615 2688 1885 2756 appellata
1906 2695 2010 2740 est.
2039 2688 2307 2743 Laodicea

733 2777 1014 2831 nominata
1040 2785 1126 2830 est
1156 2776 1226 2829 ab
1262 2792 1427 2830 uxore
1480 2777 1735 2830 Antiochi
1769 2776 2004 2839 Seleuci,
2063 2777 2157 2846 qui
2189 2778 2309 2846 ejus

737 2867 964 2922 nomine
1038 2866 1365 2922 Laodiceam
1434 2867 1704 2920 condidit.
1771 2867 2029 2922 Tenedus
2080 2885 2211 2922 vero
2277 2885 2308 2922 a

739 2961 933 3014 'l‘enno
958 2958 1123 3032 Cycni
1157 2961 1269 3015 filio
1296 2961 1532 3029 Neptuni
1569 2970 1788 3030 nepote,
1815 2977 1876 3014 ac
1910 2961 2142 3014 delubro
2163 2962 2308 3030 quod

739 3053 794 3105 in
822 3069 884 3107 ea
907 3063 1013 3116 est,
1043 3053 1301 3107 Minerva:
1339 3069 1517 3106 sacro.
1576 3053 1902 3106 Mesembria
1927 3095 1942 3118 ,
1984 3069 2104 3121 quae
2157 3054 2312 3122 prius

737 3145 1096 3210 Menmebria,
1141 3161 1172 3199 a
1211 3145 1424 3198 Memno
1481 3144 1692 3199 Thrace
1738 3146 1857 3213 ejus
1901 3146 2222 3210 conditore,
2253 3156 2311 3201 et

2387 590 2644 654 γυναῖκα,
2706 587 2861 656 Ζωὴν
2894 587 3306 656 ὀνομαζομένην
3356 586 3456 655 τὴν
3490 587 3962 657 Καρὸουνοψίναν.

2464 761 2551 828 ιγ’.
2601 763 2690 832 Τῷ
2745 761 2816 831 ιη’
2871 762 2982 814 ἐτει
3029 763 3317 833 ἀνέρχεται
3365 761 3504 813 κατὰ
3549 759 3648 826 τῆς
3698 762 3909 821 πόλεως
3940 764 3969 813 6

2392 854 2576 913 στόλος
2616 854 2724 904 τῶν
2785 852 3102 922 ’Ᾱγαρηνὼν
3134 852 3254 920 ἅμα
3285 852 3362 921 τῷ
3395 852 3714 923 Τριπολίτῃ.
3757 853 3965 922 Τριπο-

2391 947 2536 998 λῖται
2591 946 2645 996 δὲ
2697 945 3006 1013 ἐκλήθησαν
3044 945 3131 996 διὰ
3168 943 3231 996 τὸ
3279 944 3447 1012 τριῶν
3496 946 3567 996 ἐκ·
3599 944 3805 1009 γενεῶν
3839 960 3966 994 συν-

2392 1036 2644 1105 αχθῆναι,
2691 1035 2750 1098 ἐξ
2786 1035 3034 1103 ’Λράσων
3066 1035 3157 1086 καὶ
3189 1036 3408 1103 Τυρίων
3445 1035 3538 1086 καὶ
3569 1034 3828 1086 Σιδονίων
3863 1035 3970 1084 ἀπο

2391 1125 2574 1176 οίκων.
2613 1110 2887 1185 Ὡσαύτως
2944 1122 2999 1173 δὲ
3052 1124 3142 1174 καὶ
3203 1124 3264 1174 τὸ
3305 1124 3529 1190 Αἰγαῖον
3577 1123 3814 1190 πέλαγος
3868 1123 3974 1192 τὴν

2394 1215 2586 1284 κλῆσιν
2613 1215 2914 1284 ἀπείληφεν
2965 1215 3071 1268 ἀπὸ
3103 1216 3200 1283 τῆς
3229 1214 3338 1268 τῶν
3366 1214 3574 1267 ὑδάτων
3605 1216 3801 1282 φορᾶς.
3839 1215 3966 1265 ἀϊσ-

2396 1306 2596 1374 σούσης
2633 1305 2778 1358 κατὰ
2808 1305 3008 1374 τρόπον
3034 1307 3209 1372 αίγός.
3262 1305 3494 1374 Ὁμοίως
3524 1305 3582 1358 δὲ
3610 1308 3702 1358 καὶ
3727 1305 3971 1374 Στρόϐη-

2395 1397 2483 1458 λος
2510 1396 2804 1466 ὠνομάσθη
2858 1398 2966 1448 ἀπὸ
3005 1400 3101 1464 τῆς
3135 1397 3367 1466 τοπικῆς
3408 1396 3630 1462 θέσεως,
3681 1396 3777 1449 καὶ
3819 1398 3974 1463 Λάμ-

2394 1490 2568 1556 ψακος
2598 1489 2706 1540 ἀπὸ
2735 1487 2912 1556 φωτὸς
2942 1488 3225 1556 λάμψεως.
3260 1489 3399 1558 ὅπερ
3437 1489 3496 1540 ἐν
3538 1490 3695 1541 νυκτὶ
3739 1488 3979 1540 Φωκέων

2397 1581 2796 1650 θεμελιούντων
2859 1583 3066 1648 ταύτην
3125 1582 3220 1633 καὶ
3273 1581 3590 1649 εὐξαμένων
3644 1579 3832 1632 θεόθεν
3883 1581 3978 1629 ἐπ-

2398 1674 2666 1742 έλαμψεν,
2733 1675 2825 1726 καὶ
2880 1675 2912 1741 ἡ
2966 1673 3076 1726 τῶν
3128 1672 3396 1743 θεμελίων
3452 1673 3607 1741 βάσις
3647 1671 3831 1734 καλῶς
3887 1688 3979 1723 χε-

2399 1768 2758 1838 κραταίωται.
2787 1767 3125 1837 ΚαὶἸμϐρος
3155 1767 3264 1821 άπὸ
3297 1769 3529 1838 Ἴμϐρου
3560 1768 3832 1837 κέκληται
3861 1765 3982 1818 υίοῦ

2336 1892 2374 1944 Β
2416 1861 2631 1924 Ἀνθέος
2651 1901 2665 1924 ,

2480 1948 2562 2007 Οὗ
2593 1950 2842 2019 τενέτης
2860 1950 3195 2017 Στάφυλος,
3208 1949 3503 2003 Διονύσου
3521 1952 3811 2018 ερατατος
3826 1951 3983 2014 υιός.

2404 2043 2485 2117 [Ρ.
2517 2041 2646 2114 465]
2682 2043 2791 2096 Καὶ
2832 2041 3226 2110 Ἑλλήσποντος
3269 2041 3377 2094 άπὸ
3401 2031 3603 2111 Ἕλλης
3633 2044 3726 2111 τῆς
3777 2041 3981 2109 Φρίξου

2403 2135 2662 2202 ἀδελφῆς,
2693 2133 2768 2203 τῷ
2806 2135 2984 2186 ἐκεῖσε
3027 2133 3255 2202 πελάγει
3302 2133 3574 2203 ῥιφείσης.
3631 2133 3892 2204 Κισύῤῥα
3925 2134 3984 2186 δὲ

2407 2225 2508 2276 ὑπὸ
2544 2222 2822 2294 Κιϐύρῤου
2856 2222 3112 2289 ἀδελφοὶ.
3157 2223 3220 2276 Ἦ
3256 2223 3314 2276 δέ
3357 2222 3530 2286 Θάσος
3561 2225 3750 2294 Χρυσῆ
3786 2223 3984 2293 πρώην

2405 2319 2643 2384 ἐλέγετο.
2682 2315 3012 2386 Σαμοθρᾲκη
3054 2316 3107 2369 δὲ
3133 2318 3166 2385 ή
3194 2317 3251 2368 ἐν
3291 2318 3356 2384 τῇ
3402 2315 3592 2385 Θρᾴκῃ
3625 2317 3985 2388 χερρόνησος,

2404 2410 2523 2478 ἥτις
2557 2408 2748 2478 πρώην
2779 2409 3060 2478 Θηριοῦσα
3093 2408 3178 2460 διὰ
3225 2409 3282 2459 τὸ
3318 2407 3524 2477 θηρίων
3561 2408 3985 2476 πεπληρῶσθαι,

2408 2500 2500 2552 καὶ
2532 2500 2682 2568 ίεραν
2712 2498 2939 2566 νυμφῶν
2974 2498 3161 2558 οὖσαν,
3208 2498 3557 2568 ὠνομάζετο,
3592 2497 3890 2567 μετέπειτα
3926 2498 3988 2552 δέ

2406 2591 2500 2642 τοῦ
2551 2591 2644 2662 ῥοῦ
2691 2592 3060 2664 συρραγέντος
3100 2592 3180 2654 είς
3210 2591 3375 2660 νῆσον
3417 2592 3667 2659 συνέστη.
3723 2593 3818 2644 καὶ
3877 2591 3989 2643 ὑπὸ

2409 2683 2628 2751 Σαμίων
2683 2684 2954 2739 κατοίκων
3003 2687 3060 2736 ἐν
3104 2682 3436 2751 κατασχέσει
3489 2682 3755 2753 γενομένη
3804 2684 3990 2751 Σαμοο

2409 2775 2583 2847 θρᾲκη
2632 2776 3050 2845 μετωνομάσθη.
3087 2775 3378 2828 Λαοδίκεια
3430 2773 3831 2842 ωτωνομὰσθη
3872 2777 3988 2827 ἀπὸ

2407 2867 2508 2935 τῆς
2551 2869 2810 2934 γυναικὸς
2851 2868 3120 2920 Σελεύκου
3174 2867 3270 2919 τοῦ
3306 2867 3601 2936 ’Δντιόχου,
3656 2866 3713 2928 ὃς
3769 2866 3862 2917 ἐπὶ
3908 2864 3992 2932 τῷ

2413 2960 2644 3027 ὀνόματι
2680 2960 2885 3028 ταύτης
2912 2960 3095 3012 ἔκτισε
3127 2960 3224 3029 τὴν
3257 2959 3594 3012 Λαοδίκειαν.
3653 2958 3876 3020 Τένεδος
3929 2959 3993 3010 δέ

2410 3051 2517 3102 ἀπὸ
2551 3049 2644 3101 τοῦ
2678 3050 2876 3102 Τέννου
2909 3050 3002 3103 τοῦ
3043 3052 3159 3104 υἱοῦ
3192 3051 3408 3104 Κύκνου
3438 3049 3530 3103 τοῦ
3562 3050 3895 3110 Ποσειδῶνος
3918 3051 3992 3107 ⁸⁸.

2413 3143 2622 3195 καὶτοῦ
2645 3145 2704 3196 ἐν
2727 3145 2862 3213 αὐτῇ
2903 3144 3048 3213 ἱεροῦ
3073 3145 3225 3206 ἐδους
3251 3144 3349 3211 τῆς
3365 3145 3615 3212 Ἀθήνης.
3650 3144 3995 3210 Μεσημὸρία

741 3234 884 3297 Bria,
926 3235 1071 3303 quod
1106 3234 1248 3303 apud
1287 3234 1530 3288 Thraces
1566 3235 1863 3287 nonnullos
1897 3235 2173 3288 civitatem
2212 3251 2306 3287 vo-

2413 3236 2468 3287 δέ
2500 3237 2532 3305 ἡ
2563 3237 2691 3305 πρὶν
2722 3236 3128 3305 Μεμνεόρία⁸³,
3162 3237 3269 3289 ἀπὸ
3317 3236 3412 3288 τοῦ
3458 3237 3682 3306 Μέμνου
3711 3234 3927 3304 Θρακὸς
3948 3237 3997 3266 ¹¹³

744 3336 921 3380 cant:
977 3327 1156 3380 lenius
1209 3336 1389 3380 autem
1437 3326 1703 3381 efferendi
1754 3326 1927 3396 gratia
1982 3326 2308 3381 Mesembria

744 3417 908 3471 modo
941 3426 1309 3486 nuncupatur.
1345 3417 1562 3471 Haemus
1591 3433 1622 3471 a
1652 3415 1888 3485 quodam
1929 3415 2004 3470 ibi
2053 3417 2121 3470 ab
2176 3417 2312 3471 ller-

740 3511 866 3564 cule
893 3511 1244 3578 interempto,
1277 3511 1434 3579 cujus
1455 3524 1654 3564 cruore
1685 3509 1841 3562 locus
1867 3509 2071 3563 tinctus
2101 3510 2201 3564 sit:
2229 3517 2315 3564 est

743 3616 878 3656 vero
910 3602 1157 3658 Thraciae
1190 3602 1651 3670 promontorium.
1677 3601 1850 3655 Media
1887 3617 1916 3654 a
1963 3602 2114 3655 Meda
2146 3601 2314 3656 dicta:

748 3693 856 3747 ﬁlia
886 3710 1084 3748 nomen
1113 3693 1308 3763 adepta
1337 3703 1441 3749 est.
1488 3693 1720 3764 Silybria
1770 3709 1800 3748 a
1850 3694 1996 3764 Silyo
2040 3693 2312 3747 Thracum

748 3801 896 3855 rege,
929 3787 1024 3854 qui
1060 3802 1128 3840 eo
1165 3786 1435 3840 coloniam
1475 3786 1648 3840 duxit.
1676 3786 2017 3845 Macedonia.
2051 3801 2172 3854 qua:
2203 3787 2317 3855 pri-

745 3876 869 3930 dem
900 3877 1175 3942 Amathia,
1210 3878 1276 3932 ad
1314 3893 1460 3931 mare
1491 3879 1616 3940 sita,
1643 3894 1934 3932 commune
1978 3879 2142 3931 habet
2190 3894 2313 3931 cmn

746 3980 908 4038 gente
961 3985 1180 4023 nomen.
1228 3969 1507 4039 NicOpolis
1555 3969 1622 4022 ab
1679 3969 1905 4036 Augusti
1967 3969 2194 4022 victoria
2249 3969 2316 4023 de

746 4062 987 4116 Antonia
1033 4070 1087 4115 ct
1134 4062 1441 4130 Cleopatra,
1495 4078 1557 4114 ac
1593 4077 1712 4127 qua:
1771 4062 2029 4116 RoInanis
2078 4063 2318 4116 fascibus

758 4152 1124 4223 yEgyptiormn
1182 4162 1396 4222 sceptra
1451 4153 1750 4206 inclinavit.
1830 4153 2054 4206 llierum
2119 4153 2316 4206 Euxini

747 4245 930 4312 (quasi
969 4245 1118 4298 dicas
1152 4245 1310 4317 707
1353 4246 1638 4314 templum)
1694 4245 1762 4322 ab
1810 4246 2139 4316 Argonautis
2196 4246 2320 4299 illac

751 4339 860 4390 iter
899 4338 1233 4394 habentibus
1281 4338 1568 4393 fundatum
1626 4347 1728 4392 est.
1794 4340 2002 4393 Pharus
2050 4338 2317 4406 ejusmodi

748 4430 1064 4485 substructa
1120 4430 1290 4484 moles
1328 4432 1416 4485 cui
1463 4431 1640 4486 facula
1693 4432 2017 4500 imponitur,
2077 4442 2135 4484 ut
2177 4432 2320 4486 inter

753 4519 956 4573 otl‘usas
1005 4521 1182 4574 noctis
1223 4520 1473 4574 tenebras
1519 4519 1772 4574 inoffensi
1807 4520 2046 4572 viatores
2073 4520 2317 4588 dirigan-

2418 3327 2512 3380 τοῦ
2545 3331 2749 3398 ταύτην
2780 3330 3086 3391 οἰκίσαντος
3118 3328 3214 3382 καὶ
3248 3327 3377 3399 βρία
3409 3331 3470 3379 τὺ
3507 3327 3658 3399 παρά
3690 3343 3803 3379 τισι
3837 3327 3995 3396 Θρα-

2420 3421 2531 3472 κ·ἷ)ν
2570 3420 2806 3490 πόλισμα
2837 3420 3130 3488 λεγόμενον
3152 3438 3168 3453 ο
3211 3423 3347 3491 πρὸς
3375 3421 3431 3473 δὲ
3469 3423 3531 3472 τὸ
3559 3419 4002 3488 εὐφραδέστερον

2421 3513 2752 3583 Μεσημϐρία
2788 3512 2883 3566 νῦν
2905 3515 3251 3582 ὀνομάζεται.
3279 3509 3450 3582 Αἷμος
3473 3513 3580 3566 ἀπό
3603 3529 3746 3574 τινος
3767 3512 4001 3578 ἀναιρε-

2421 3605 2606 3667 Θέντος
2654 3606 2832 3658 ἐκεῖσε
2877 3606 2943 3657 δι’
2986 3605 3318 3675 Ἡρακλέους
3359 3606 3452 3658 καὶ
3494 3605 3583 3657 τὸν
3627 3605 3794 3656 τόπον
3821 3605 4005 3669 αἱμά-

2423 3696 2648 3761 ξαντος’
2703 3699 3048 3768 ἀκρωτήριον
3094 3698 3151 3750 δέ
3199 3701 3314 3751 ἐστι
3367 3698 3610 3768 Θρᾴκης.
3641 3696 3858 3764 Μήδεια
3891 3697 4007 3747 ἀπὸ

2422 3788 2612 3857 Μήδης
2645 3789 2742 3857 τῆς
2781 3791 2981 3858 Αἰήτου
3033 3789 3300 3860 θυγατρὸς
3351 3789 3792 3857 κατωνόμασται.
3831 3789 4006 3856 Σηλυ-

2425 3880 2552 3950 ϐρία
2583 3882 2688 3933 ἀπὸ
2716 3883 2916 3950 Σήλυος
2941 3883 3034 3936 τοῦ
3066 3883 3300 3953 Θρακῶν
3333 3883 3620 3949 βασιλέως,
3646 3883 3794 3942 ὅστις
3825 3882 4007 3948 αὐτὴν

2424 3973 2640 4045 ᾤκισεν.
2676 3976 2984 4028 Μακεδονία
3041 3979 3073 4044 ἠ
3127 3975 3259 4046 πρὶν
3300 3974 3535 4045 Ἀμαθία
3579 3974 3850 4042 λεγομένη
3893 3974 4009 4027 ἀπὸ

2424 4066 2655 4136 ἀρχαίου
2687 4067 2832 4129 τινὸς
2867 4068 3157 4135 ἡγεμόνος.
3188 4064 3296 4120 Ἦν
3323 4067 3381 4120 δέ
3415 4066 3507 4120 καὶ
3554 4066 3707 4126 πόλις
3755 4066 4003 4134 ’Δμαθία

2424 4157 2690 4226 λεγομένη
2726 4159 2862 4227 πρὸς
2886 4162 2951 4228 τῇ
2984 4160 3230 4230 θαλάσσῃ
3275 4159 3354 4228 τῷ
3381 4159 3524 4211 ἐθνει
3561 4156 3873 4226 ἐπώνυμος.
3908 4158 4011 4210 Νι-

2429 4252 2645 4313 κόπολις
2673 4251 2817 4304 κατὰ
2850 4252 2909 4304 τὸ
2936 4251 3224 4320 ἐπώνυμος
3258 4253 3355 4320 τῆς
3385 4252 3560 4321 νίκης,
3596 4249 3662 4321 ἣν
3691 4249 4008 4319 Αὔγουστος

2428 4348 2694 4411 Σεόαστδς
2743 4348 2886 4402 κατὰ
2927 4345 3212 4399 Ἀντωνίου
3247 4344 3340 4396 καὶ
3396 4342 3755 4410 Κλεοπάτρας
3807 4340 4007 4410 εἰργά-

2429 4456 2579 4502 σατο,
2608 4441 2700 4491 καὶ
2734 4441 2832 4506 τὴν
2861 4435 3180 4503 Αἰγυπτίων
3209 4434 3385 4504 ἀρχὴν
3412 4436 3522 4494 τοῖς
3562 4432 3857 4501 Ῥωμαίοις
3905 4431 4013 4482 ὑπο

2429 4529 2656 4582 έκλινεν.
2700 4530 2864 4598 Ἱερὸν
2913 4528 3188 4592 Εὐξείνου,
3223 4526 3250 4578 ὃ
3293 4524 3605 4593 παρα,τῶν
3637 4525 3736 4592 τῆς
3774 4521 4013 4590 Ἀργοῦς

751 4620 862 4664 tttr.
927 4611 1112 4674 Rnssi,
1156 4611 1249 4679 qui
1283 4619 1336 4664 et
1368 4626 1613 4680 congruo
1665 4609 1743 4663 rei
1803 4609 2023 4662 nomine
2064 4610 2306 4662 Dromita

2429 4621 2733 4690 πλωτήρων
2763 4618 3132 4687 διερχομένων
3162 4618 3343 4668 ἐκεῖσε
3376 4615 3682 4682 ἀνίδρυται.
3725 4613 3906 4678 Φάρος
3953 4611 4015 4662 δὲ

753 4711 1168 4770 nuncupantur,
1193 4701 1366 4754 a'Ros
1390 4701 1626 4770 quodam
1662 4701 1779 4753 viro
1825 4700 1975 4765 forti,
2033 4715 2156 4752 cum
2210 4700 2306 4753 sivi

2425 4711 2882 4780 ἀφιδρυμάτιονεδ
2937 4707 2980 4776 ᾧ
3025 4709 3236 4778 πυρσὸς
3286 4704 3586 4759 ἐπιτίθεται
3645 4705 3726 4765 είς
3778 4702 4016 4770 ὀδηγέαν

755 4793 967 4845 monitu
998 4808 1063 4845 ac
1091 4792 1323 4846 consilio
1357 4791 1471 4846 sive
1502 4792 1689 4845 divino
1750 4789 1988 4860 quodam
2042 4789 2225 4843 aﬂlatu
2262 4798 2306 4842 al

2424 4806 2811 4874 ἀπρόσκοπτον
2874 4806 2988 4864 τοῖς
3043 4801 3102 4853 ἐν
3159 4801 3318 4852 νυκτὶ
3371 4798 3710 4867 παροδίταις.
3757 4797 3898 4856 Ῥὼς
3929 4795 4014 4859 δὲ,

751 4883 1002 4945 oraculo,
1034 4897 1134 4952 pro
1159 4890 1430 4952 potestate
1464 4883 1571 4936 illis
1604 4883 1876 4937 utentium
1917 4882 2109 4951 eisque
2161 4896 2326 4949 snpe-

757 4976 990 5038 riorum,
1027 4973 1257 5042 injurias
1293 4989 1600 5043 noxamque
1626 4974 1950 5036 evasissent,
1984 4973 2116 5027 dieti
2175 4979 2322 5025 sunt.

2424 4900 2472 4950 οί
2503 4898 2596 4949 καὶ
2619 4897 2901 4964 Δρομῖται,
2938 4891 3251 4964 φερώνυμοι
3280 4891 3388 4943 ἀπὸ
3434 4889 3568 4951 Ῥώς
3601 4904 3740 4948 τινος
3764 4886 4009 4955 σφοδροῦ

2423 4987 2810 5057 διαδραμόντες
2845 4987 3186 5052 ἀπηχήματα
3234 4982 3341 5033 τῶν
3372 4978 3734 5049 χρησαμένων
3777 4977 3836 5040 ἐξ
3873 4977 4010 5028 ὑπο-

757 5064 1018 5126 Dromitae
1052 5081 1184 5120 vero
1227 5075 1286 5120 ut
1336 5067 1768 5136 appellarentur,
1825 5082 2020 5120 cursus
2072 5065 2306 5119 celerita:

2430 5080 2609 5148 θήκης
2638 5079 2670 5146 ἦ
2717 5075 3034 5133 θεοκλυτίας
3070 5074 3213 5134 τινὸς
3248 5075 3340 5125 καί
3369 5070 3752 5141 ὑπερσχόντων
3782 5068 4018 5130 αὐτοὺς,

757 5173 978 5214 causam
1027 5158 1222 5213 dedit:
1259 5176 1430 5230 genus
1466 5169 1649 5213 autem
1713 5175 1781 5214 ex
1834 5159 2059 5213 Francis
2093 5159 2325 5211 ducunt.

759 5247 1120 5318 Tricephalus
1173 5251 1353 5313 collis,
1384 5251 1479 5320 qui
1519 5251 1729 5321 Opsicii
1784 5259 1890 5316 est,
1922 5267 1952 5304 a
1990 5250 2183 5320 figura,
2219 5263 2325 5318 qua

761 5340 963 5409 triplici
993 5343 1201 5397 tumulo
1230 5344 1489 5412 assurgit,
1522 5358 1722 5399 nomen
1760 5342 1994 5414 accepit.
2028 5341 2326 5399 Rhadenus

760 5447 790 5488 ιι
819 5431 1008 5491 Rbada
1030 5433 1233 5508 oppido
1257 5435 1665 5493 Anatolicorum
1701 5434 1975 5494 thematis.

2429 5169 2839 5238 ἐπικέκληνται.
2885 5169 3148 5238 Δρομῖται
3196 5165 3252 5217 δέ
3297 5163 3404 5215 ἀπὸ
3448 5149 3746 5225 τοῦὀξέως
3794 5159 4019 5227 τρέχειν

2429 5263 2616 5324 αὐτοῖς
2675 5261 3059 5330 προσεγένετο.
3097 5259 3191 5310 Ἐκ
3244 5257 3436 5324 γένους
3481 5241 3549 5306 δὲ’
3581 5253 3691 5304 τῶν
3741 5251 4020 5320 Φραγγων

2434 5355 2816 5408 καθίστανται.
2857 5352 2916 5405 '0
2945 5351 3000 5404 δέ
3035 5349 3377 5419 Τρικέφαλος
3408 5347 3591 5417 βουνὸς
3621 5344 3760 5398 κατὰ
3784 5341 4022 5410 τὸὉψί-

2435 5461 2554 5499 κιον
2586 5444 2695 5496 άπὸ
2720 5444 2813 5498 τοῦ
2842 5443 3004 5514 τριχῆ
3047 5442 3418 5508 κεφαλοῦσθαι
3461 5439 3538 5510 τῷ
3569 5441 3806 5508 σχήματι
3865 5438 4023 5504 εῖρηο

2437 5552 2551 5598 ται,
2577 5535 2764 5605 ὥσπερ
2793 5537 2885 5587 καὶ
2919 5533 3173 5602 Ῥαδηνὺς
3206 5535 3315 5588 ἀπὸ
3357 5531 3548 5601 Ῥάδης
3573 5531 3764 5599 κώμης
3791 5527 3885 5580 τοῦ
3911 5528 4023 5580 τῶν

2451 5625 2814 5680 ’Δνατολικῶν
2854 5625 3112 5694 θέματος.

2047 5719 2284 5776 νΑιιιΑῑ
2322 5717 2728 5774 LECTIONES.

878 5810 1271 5882 ⁸¹Περσιδῶνος
1297 5811 1336 5869 Ρ
1369 5824 1423 5871 et
1451 5813 1652 5880 αἰδοῦς.
1731 5816 1774 5846 ⁶⁹
1811 5815 1907 5886 μὲν
1928 5813 2136 5886 Νεϐρία
2170 5813 2231 5870 Ρ.
2306 5813 2356 5846 ⁸³
2380 5812 2804 5885 Μιμνουδρακδς
2836 5811 2893 5868 Ρ.
2972 5810 3015 5843 ⁸⁸
3052 5809 3329 5882 ἀφίδρυμα
3359 5825 3406 5860 τι
3429 5809 3450 5861 τ
3471 5806 3544 5861 τί.
3575 5823 3626 5876 ιι.
3649 5804 3752 5860 690
3785 5805 3839 5860 b.
