4174 6442
108 361 213 425 769

1085 362 1457 423 ANNALES.
1501 386 1564 396 ·--
1600 361 1741 421 LEO
1776 361 2057 421 BASILI‘I
2095 362 2378 422 FILIUS.

3251 367 3361 431 ’Πο

175 471 260 525 ιϐ’.
300 470 649 522 ’Λποστέλλει
675 465 767 522 οὖν
796 473 822 523 6
851 470 1105 541 βασιλεὺς
1154 469 1453 524 ῐιιὺστάθιον
1481 471 1677 541 δρουγ-

1861 472 1940 524 li.
1979 471 2174 525 Missus
2220 473 2406 542 itaque
2435 472 2504 527 ab
2536 471 2868 543 imperatore
2910 474 2966 529 in
2995 475 3120 545 ejus
3166 493 3362 530 occur-

110 564 300 634 γάριον
330 565 438 616 τῶν
468 564 731 631 πλωῖμων
757 563 896 631 μετὰ
929 562 1196 633 παρόντος
1236 562 1330 616 τοῦ
1373 562 1558 615 στόλου
1586 562 1683 617 καὶ

104 657 212 709 τῶν
241 652 596 725 στρατιωτῶν
628 656 750 707 κατ’
776 654 945 707 αὑτοῦ
967 671 980 684 ·
1025 654 1075 707 οἳ
1115 656 1210 708 καὶ
1256 654 1333 724 μὴ
1364 653 1683 723 δυνηθέντες

107 745 658 819 ἀντιπαρατάξασθαι
707 746 1143 817 ἀπεστράφησαν
1176 748 1342 802 κενοί.
1388 746 1685 799 Ἐλθόντων

104 841 161 894 δὲ
190 840 301 893 τῶν
344 839 667 909 ’Δγαρηνῶν
704 841 763 892 ὲν
804 838 1033 909 Ἀϐύδῳ,
1079 841 1376 909 ἠρώτησαν
1398 839 1523 901 τοὺς
1572 839 1682 891 άπ-

105 935 343 1003 άγοντας
366 932 591 996 αὐτοὺς,
624 933 705 986 ὅτι
745 931 937 985 Πάλιν
964 934 1190 998 ταύτην
1212 932 1328 997 τὴν
1354 931 1500 985 ὁδὸν
1517 932 1687 985 θέλο-

102 1044 215 1097 μεν
240 1025 648 1094 ὑποστρέψαι,
678 1025 716 1092 ἢ
746 1026 968 1093 ἔχομεν
992 1026 1194 1093 ἀλλην
1220 1025 1295 1078 δι’
1318 1022 1392 1095 ἧς
1412 1026 1685 1081 ἀπέλθω-

100 1136 215 1190 μεν
234 1122 328 1186 είς
356 1118 428 1172 τὰ
448 1118 637 1174 οἰκεῖα
648 1134 670 1181 ;
690 1118 813 1170 Τῶν
839 1118 895 1171 δὲ
922 1117 1313 1181 είπόντων,¹ὖτι
1337 1116 1439 1171 Διὰ
1462 1118 1688 1184 ταύτην

99 1213 452 1280 ,βουλόμεθα
493 1209 984 1280 ἀποστραφῆναι,
1028 1209 1356 1279 φοϐηθέντες
1402 1210 1464 1264 τὸ
1504 1210 1688 1263 στενὸν

103 1301 204 1369 τῆς
225 1300 378 1365 ὀδοῦ,
420 1296 510 1355 οἷα
533 1300 604 1355 τὰ
628 1301 878 1372 κρίματα
915 1298 1011 1353 τοῦ
1039 1299 1197 1361 Θεοῦ.
1224 1303 1387 1364 εὐθὺς
1418 1301 1685 1367 ὑποστρέ-

105 1412 289 1463 eoum,
320 1391 405 1466 [P.
444 1392 573 1467 466]
598 1395 693 1448 καὶ
727 1395 828 1465 τὴν
848 1394 1255 1466 Θεσσαλονίκην
1288 1394 1689 1459 καταλαϐόντες

105 1484 406 1557 πορθοῦσιν
432 1486 622 1556 αὐτὴν,
646 1486 744 1540 καὶ
779 1485 981 1557 πολλὴν
1013 1487 1230 1557 σφαγήν
1278 1487 1373 1541 καὶ
1407 1488 1687 1558 αἰχμαλω-

106 1579 231 1631 σίαν
286 1577 525 1632 ποιοῦσι.
568 1575 924 1647 Βουλομένων
957 1578 1013 1632 δὲ
1048 1578 1229 1632 αὐτῶν
1278 1577 1375 1632 καὶ⁴
1404 1578 1500 1648 τὴν
1532 1579 1689 1631 πόλιν

104 1671 512 1743 καταστρέψαι,
564 1669 840 1740 Συμεὼνό
863 1670 1363 1741 πρωτοασηκρῆτις
1418 1671 1684 1742 εὑρεθεὶς,

103 1761 292 1815 λαϐὼν
334 1765 472 1832 πρὸς
510 1762 884 1832 Ῥοδοφυλλίου
934 1762 1031 1817 τοῦ
1092 1764 1494 1828 ἀποσταλέντος
1551 1765 1687 1836 πρδς

102 1858 231 1916 τοὺς
257 1855 546 1924 ῡράγγους
598 1856 740 1925 μετὰ
787 1855 1076 1909 κανισκίου
1117 1856 1345 1927 χρυσίου
1394 1858 1586 1927 λίτρας
1620 1863 1685 1925 ρ’.

109 1948 206 2010 Ὃς
264 1949 360 1999 καὶ
410 1948 642 2003 δέδωκεν
681 1949 742 2002 τό
785 1966 844 2003 τε
886 1949 1109 2019 χρυσίον
1159 1950 1255 2004 καὶ
1292 1951 1356 2002 τὸ
1407 1952 1689 2004 κανίσκιον

97 2045 217 2102 τοίς
275 2041 616 2111 Σαρακηνοίς
640 2059 653 2071 ·
714 2044 811 2097 καὶ
862 2044 1057 2097 εἴασαν
1106 2042 1206 2112 τὴν
1267 2043 1417 2097 πόλιν
1478 2045 1569 2097 καὶ
1620 2044 1690 2097 τὶ

98 2132 283 2203 τείχη.

175 2231 263 2280 ιε’.
291 2226 384 2296 Τῷ
416 2226 483 2279 ιθ¹
507 2227 618 2279 ἔτει
645 2226 816 2279 αὐτοῦ
846 2226 943 2280 τοῦ
980 2227 1217 2298 Σαμῶνα
1252 2230 1397 2299 φυγῇ
1428 2229 1565 2301 πρὸς
1587 2230 1690 2283 Συο

100 2318 229 2387 ρίαν
280 2321 661 2388 χρησαμένου,
705 2320 829 2372 ἐπεὶ
873 2321 1204 2374 κατεδίωκον
1248 2321 1411 2374 αὐτὸν
1439 2321 1687 2384 ὄπισθεν,

96 2405 235 2477 ἦλθε
269 2409 325 2462 δὲ
357 2412 450 2463 καὶ
478 2410 559 2472 είς
590 2411 683 2463 τὸν
708 2410 896 2477 Ἅλυν,
932 2412 1167 2480 συναντᾷ
1193 2410 1342 2481 αὐτῷ
1374 2412 1691 2485 Νικηφόρος

97 2504 473 2574 δρουγγάριος
498 2504 526 2556 6
548 2502 875 2575 KapdtCnc,
913 2506 987 2576 μή
1016 2504 1123 2557 ἑῶν
1150 2504 1312 2557 αὐτὸν
1336 2505 1685 2576 διαπερᾶσαι.

98 2597 454 2668 Προσφεύγει
492 2596 586 2651 οὖν
611 2598 690 2668 τῷ
723 2599 898 2668 τιμίῳ
929 2598 1149 2668 σταυρῷ
1171 2596 1265 2651 τοῦ
1299 2599 1528 2670 Σηριχᾶ,
1550 2617 1688 2672 προ-

98 2690 489 2759 φασισάμενος
545 2690 713 2759 εὐχῆς
740 2693 907 2761 χάριν
938 2692 1121 2744 ἐκεῖσε
1155 2691 1502 2761 ἐληλυθέναι.
1534 2694 1691 2747 Ἀνα-

97 2779 411 2849 λαϐόμενος
452 2778 549 2833 οὖν
599 2779 787 2833 τοῦτον
834 2782 863 2833 6
912 2780 1008 2834 τοῦ
1044 2781 1244 2845 Δουκδς
1280 2783 1691 2849 Κωνσταντίνος

99 2870 455 2939 ὑπέστρεψεν
494 2873 552 2924 ἐν
573 2873 639 2941 τῇ
670 2870 847 2925 πόλει.
886 2872 1229 2942 Προστάσσει
1258 2874 1351 2928 οὖν
1380 2876 1409 2927 6
1437 2875 1692 2944 βασιλεὺς

98 2963 479 3030 φυλάττεσθαι
504 2963 670 3017 αὐτὸν
700 2965 759 3017 ἐν
784 2967 848 3034 τῇ
872 2964 1020 3036 οίκίᾳ
1049 2965 1232 3035 Βάρδα
1261 2967 1357 3019 τοῦ
1386 2968 1689 3040 Καίσαρος.

108 3054 268 3107 Ἐπεὶ
319 3054 378 3107 δὲ
406 3053 599 3123 ἢθελεν
646 3054 674 3105 6
741 3054 996 3123 βασιλεὺς
1042 3057 1549 3129 ἀποσυνοψισθῆναι
1602 3061 1689 3114 τὸν

98 3145 403 3213 Σαμωνιιν,
443 3144 816 3215 παρήγγειλεν
845 3144 924 3213 τῷ
951 3146 1113 3198 Δουκὶ
1147 3148 1221 3217 μὴ
1253 3152 1429 3202 εἰπεῖν
1455 3149 1688 3204 ἐνώπιον
1716 3168 1759 3227 c

94 3238 197 3305 τῆς
231 3236 551 3306 συγκλήτου
597 3238 680 3291 ὅτι
733 3237 827 3290 ἐπὶ
861 3238 1063 3308 Συρίαν
1109 3240 1309 3306 ἔφυγεν
1345 3241 1373 3291 ό
1402 3241 1689 3309 Σαμωνᾶς,

96 3329 217 3382 ἀλλ’
252 3330 339 3381 ὅτι
362 3328 433 3381 δι’
456 3328 623 3398 εὐχὴν
654 3329 899 3400 ἀπῆλθεν
926 3331 985 3382 ὲν
1006 3329 1084 3401 τῷ
1106 3330 1338 3402 Σηριχᾷ.
1378 3333 1690 3403 Ἠρώτησεν

96 3417 193 3474 οιῖιν
222 3424 254 3474 ό
288 3420 546 3490 βασιλεὺς
572 3420 665 3474 τὸν
698 3422 1107 3475 Κωνσταντίνον
1138 3422 1376 3477 ἐνώπιον
1420 3426 1521 3495 τῆς
1561 3443 1690 3494 συγο

98 3511 309 3581 κλήτου
343 3510 542 3575 οὕτως,
583 3510 659 3574 ὡς
682 3510 795 3581 ἔχει
815 3513 863 3546 ⁸³
882 3528 895 3541 ·
931 3513 1042 3565 Τὸν
1074 3514 1223 3567 Θεὸν
1246 3516 1346 3568 καί
1378 3516 1494 3583 τὴν
1515 3535 1692 3587 κεφα-

95 3603 222 3671 λήν
239 3618 394 3670 μου,
424 3601 683 3673 ἔφευγεν
729 3606 763 3658 ό
796 3604 1087 3672 Σαμωνᾶς
1127 3605 1167 3675 ἢ
1195 3608 1375 3677 om;
1408 3609 1466 3662 '0
1503 3610 1582 3672 δὲ,
1614 3611 1690 3675 ὡς

95 3695 353 3758 είτοόντος
374 3693 453 3764 τῷ
482 3692 693 3764 βασιλεῖ
720 3695 824 3760 ὅτι,
842 3698 1156 3768 Ἕφευτεγ,
1176 3701 1296 3770 μετ’
1315 3702 1487 3773 ὀργῆς
1501 3703 1689 3757 τοῦτον

94 3788 499 3858 ἀπεπέμψατο.
546 3785 608 3841 ’0
632 3788 690 3841 δὲ
719 3788 987 3859 Σαμωνᾶς
1034 3793 1294 3864 ἐποίησεν
1342 3796 1404 3847 ὲν
1444 3793 1524 3865 τῷ
1553 3795 1689 3867 οἴκῳ

91 3882 189 3935 τοῦ
215 3882 412 3953 Βάρδα
438 3882 615 3952 μῆνας
646 3883 691 3937 δ’

166 3974 273 4040 ις’.
312 3974 519 4045 Ἑφάνη
553 3975 612 4029 δὲ
635 3977 759 4030 τότε
786 3977 881 4031 καὶ
900 3978 1152 4050 κομήτης
1177 3979 1377 4051 ἀστὴρ,
1404 3979 1503 4045 τὰς
1529 3982 1689 4036 ἀκτῖ-

89 4082 192 4130 νας
216 4064 466 4136 minuunt
498 4067 622 4120 κατ’
648 4069 917 4131 ἀνατολὰς
934 4110 950 4135 ,
981 4070 1077 4123 καὶ
1100 4070 1429 4142 φαινόμενος
1459 4074 1518 4125 ὲν
1546 4072 1687 4143 ἠμέ-

91 4176 222 4229 ραις
250 4160 353 4213 καὶ
384 4160 504 4225 vva
527 4161 961 4230 τεσσαράκοντα.

163 4251 262 4314 ιζ’.
294 4249 390 4321 τῷ
414 4250 464 4304 ί
493 4251 688 4304 τούτου
736 4250 849 4305 ἔτει
893 4254 1278 4323 ἀποσυνώψισε
1330 4256 1597 4325 Σαμωνᾶς
1630 4258 1688 4308 ὲν

89 4345 158 4414 τῇ
192 4344 373 4412 γέννᾳ
393 4342 490 4395 τοῦ
524 4342 646 4397 υἱοῦ
677 4342 774 4396 τοῦ
819 4342 1087 4413 βασιλέως
1117 4346 1556 4412 Κωνσταντίνου,
1589 4348 1686 4401 τοῦ

88 4436 209 4490 ἀπὶ
227 4437 395 4504 Ζωῆς
424 4436 687 4505 τέταρτον
712 4436 879 4490 αὑτοῦ
907 4440 1156 4507 γαμετῆς
1182 4437 1353 4509 οὔσης
1370 4480 1387 4503 ,
1432 4440 1527 4494 καὶ
1554 4441 1684 4494 ἐϐα-

1788 580 1910 618 sum
1962 564 2286 620 Eustathius
2345 566 2624 620 navalium
2679 568 2963 635 copiarum
3027 569 3365 636 drungarius

1789 672 1915 711 cum
1967 657 2141 711 classe
2173 667 2230 710 et
2260 658 2455 713 militia
2504 667 2738 720 armata,
2774 670 2978 728 quanta
3014 661 3066 714 in
3107 673 3364 730 promptu

1790 748 1925 811 fuit;
1961 763 2200 818 cumque
2227 748 2491 818 jungendi
2519 750 2695 805 aciem
2722 750 2952 805 facultas
2974 762 3165 822 negata
3195 763 3363 812 esset.

1791 855 1851 895 re
1910 840 2110 895 infecta
2156 841 2365 895 reversi
2413 853 2560 897 sunt.
2597 844 2831 915 Agareni
2863 843 3112 914 Abydum
3151 844 3366 915 appulsi

1787 949 1855 989 ex
1902 933 2230 990 ductoribus
2276 936 2672 1000 sciseitantur,
2727 955 2853 991 num
2900 942 2999 991 hac
3061 955 3241 991 rursus
3282 942 3365 993 via

1789 1026 2049 1079 reuersuri
2096 1036 2285 1090 essent,
2328 1026 2409 1081 vel
2434 1026 2544 1080 alia
2588 1029 2837 1092 tenenda,
2889 1047 2994 1099 qua
3032 1028 3102 1082 ad
3135 1032 3275 1098 putri
3316 1048 3368 1083 m

1790 1117 2045 1172 redirent.
2089 1118 2406 1188 Auditoquc
2442 1121 2538 1172 hac
2567 1121 2928 1173 revertendum
2959 1137 3091 1184 esse,
3137 1121 3237 1173 via:
3271 1140 3339 1175 an

1791 1208 1999 1280 gestias
2038 1209 2199 1264 veriti
2237 1210 2381 1279 (quze
2433 1209 2528 1264 Dei
2575 1209 2783 1280 judicia
2819 1212 3023 1277 sunt!)
3078 1215 3370 1267 confestim

1790 1312 1947 1351 versa
1984 1299 2149 1367 puppi
2191 1312 2563 1354 revertuntur.
2619 1301 2788 1370 Capta
2819 1300 3144 1371 direptaque
3189 1303 3368 1358 Thcs-

1789 1388 2035 1443 salonica
2058 1429 2075 1454 ,
2108 1390 2390 1460 multaque
2409 1391 2611 1445 civium
2643 1402 2825 1465 strage
2842 1393 2966 1449 data
2995 1394 3181 1463 plures
3202 1397 3369 1449 etiam

1790 1482 2040 1553 captivos
2082 1483 2388 1539 abducunt.
2451 1483 2701 1555 Cumque
2752 1487 2972 1541 animus
3022 1497 3167 1542 esset
3215 1503 3268 1540 ut
3315 1499 3371 1540 et

1790 1574 1964 1644 ipsam
2010 1576 2203 1631 urbem
2253 1587 2588 1638 everterent.
2638 1580 2882 1632 occurrit
2910 1578 3144 1650 Symeon
3176 1596 3369 1633 eorum

1796 1667 2009 1735 primus
2053 1668 2145 1738 qui
2174 1681 2352 1723 sunta
2392 1670 2639 1725 secretis.
2687 1670 2738 1725 ls
2767 1671 3011 1741 acceptis
3060 1690 3087 1725 ει
3144 1672 3363 1727 Rhodo-

1794 1758 1999 1829 pbyllio
2032 1760 2198 1830 708
2228 1761 2348 1815 auri
2379 1771 2599 1817 centum
2652 1763 2830 1825 libris,
2891 1780 3028 1834 quas
3064 1766 3117 1821 in
3158 1766 3368 1819 cistella

1793 1849 1858 1901 ad
1916 1850 2160 1906 Francos
2218 1852 2523 1918 deferebat,
2584 1854 2760 1924 iisque
2811 1872 2936 1911 cum
2991 1858 3104 1927 ipsa
3156 1859 3369 1911 cistella

1791 1941 2057 2011 Agarenis
2088 1942 2255 2009 datis,
2284 1944 2476 2000 urbem
2502 1961 2567 2002 ac
2597 1949 2797 2003 moenia
2831 1950 2900 2004 ab
2931 1950 3151 2005 illorum
3185 1951 3372 2005 furore

1789 2034 2070 2106 exitioque
2106 2037 2360 2094 redemit.

1865 2215 1952 2270 15.
1992 2215 2214 2287 Imperii
2258 2216 2461 2274 Leonis
2494 2237 2641 2277 anno
2690 2223 2905 2279 decimo
2929 2241 3097 2289 nono,
3136 2225 3373 2282 Samnna

1794 2306 1849 2360 in
1878 2307 2090 2379 Syriam
2119 2310 2387 2379 fugiente,
2425 2313 2576 2368 missi
2604 2326 2732 2369 sunt
2758 2317 2851 2386 qui
2885 2333 2914 2371 a
2941 2327 3092 2387 tergo
3118 2319 3371 2387 inseque-

1793 2410 2026 2455 rentur:
2056 2417 2294 2471 eumque
2344 2415 2652 2472 assecutus,
2712 2406 2843 2461 dum
2893 2408 3083 2480 Halym
3137 2413 3372 2466 transire

1792 2501 1970 2564 parat,
2002 2494 2348 2564 Nicephorius
2377 2497 2733 2568 drungarius,
2747 2500 2828 2553 sic
2852 2500 3035 2555 dictus
3059 2501 3369 2573 Camytzcs,

1792 2584 1899 2639 iter
1938 2586 2173 2640 inhibet.
2207 2587 2458 2658 Profugit
2492 2604 2625 2659 ergo
2656 2590 2723 2643 ad
2754 2591 3123 2646 venerabilem
3152 2610 3370 2648 Cl'lu‘t‘lll

1792 2676 2170 2741 Serichanam,
2226 2679 2490 2735 simulans
2536 2698 2603 2736 eo
2650 2698 2709 2737 se
2752 2683 2865 2737 voti
2915 2699 3081 2739 causa
3131 2688 3368 2741 venisse.

1791 2768 2145 2840 Assumptum
2174 2787 2309 2827 vero
2352 2770 2753 2829 Constantinus
2793 2773 2961 2831 Ducis
3001 2775 3148 2831 ﬁlius
3181 2792 3369 2831 secum

1792 2860 1851 2916 in
1886 2861 2080 2917 urbem
2112 2863 2364 2930 reduxit;
2401 2866 2706 2936 imperator
2754 2868 3042 2924 reductum
3096 2868 3152 2923 in
3182 2870 3374 2926 Bardaa

1790 2952 2024 3009 Caesaris
2078 2955 2245 3009 domo
2286 2958 2441 3027 jubet
2493 2958 2796 3024 custodiri;
2833 2961 3131 3031 volensque
3186 2962 3373 3016 indul-

1793 3047 2012 3116 gentius
2038 3064 2163 3103 cum
2194 3064 2263 3103 eo
2286 3051 2395 3121 agi,
2438 3051 2663 3106 mandat
2700 3052 2832 3106 Duci
2863 3068 2932 3107 ne
2957 3068 3141 3108 coram
3173 3065 3372 3111 senatu

1791 3136 1941 3192 dicat
1983 3137 2276 3193 Samonam
2320 3141 2375 3194 in
2408 3139 2620 3212 Syriam
2654 3140 2879 3213 fugisse,
2930 3142 3025 3197 sed
3054 3144 3167 3199 voti
3206 3162 3371 3201 causa

1792 3225 1848 3278 in
1884 3223 2111 3281 Sericha
2142 3228 2378 3283 venisse.
2408 3228 2786 3301 lnterrogante
2817 3232 3001 3302 itaque
3040 3234 3372 3304 imperatore

1790 3316 2219 3373 Constantinum
2249 3320 2303 3373 in
2342 3322 2633 3391 praesentia
2664 3334 2909 3389 senatus,
2946 3326 3000 3379 in
3029 3325 3146 3382 haec
3170 3328 3368 3382 verba:

1791 3405 1878 3462 Sic
1914 3407 2080 3463 Deum
2109 3404 2389 3482 meamque
2416 3412 2646 3467 salutem
2682 3432 2826 3468 ames
2855 3432 2873 3469 :
2923 3416 3153 3488 fugiebat
3184 3416 3373 3472 Samo-

1792 3517 1889 3554 nas
1917 3503 1973 3555 in
2002 3500 2234 3574 Syriam,
2263 3506 2470 3582 necne?
2499 3505 2802 3577 Respondit
2826 3509 2938 3573 ille,
2960 3508 3229 3582 Fugiebat.
3251 3512 3373 3579 Quo

1791 3603 2057 3662 responso
2086 3594 2259 3650 iratus
2294 3578 2600 3667 imperator
2629 3614 2694 3654 ac
2743 3599 3067 3657 infrendens
3108 3618 3235 3658 eum
3278 3620 3369 3658 re-

1790 3686 1951 3757 pulit.
1982 3684 2248 3744 Samonas
2274 3705 2406 3745 vero
2443 3690 2497 3746 in
2522 3692 2712 3748 Barda:
2742 3693 2957 3749 aedibus
2981 3710 3200 3752 menses
3228 3712 3369 3765 qua-

1792 3785 1918 3832 tuor
1954 3779 2085 3849 egit.

1861 3954 1948 4010 l6.
1983 3954 2139 4011 Tunc
2167 3972 2299 4012 vero
2328 3957 2497 4013 etiam
2520 3966 2735 4015 cometa
2766 3961 3046 4031 apparuit,
3072 3963 3371 4033 projiciens

1788 4059 1985 4099 versus
2006 4046 2290 4103 Orientem
2326 4049 2536 4116 radios,
2581 4050 2885 4122 lucensque
2928 4069 3027 4123 per
3072 4054 3195 4109 dies
3232 4071 3371 4125 qua-

1788 4136 2040 4208 draginta
2070 4154 2136 4193 ac
2168 4140 2401 4196 totidem
2432 4151 2647 4196 noctes.

1860 4229 1943 4283 Π.
1974 4230 2194 4301 Imperii
2220 4217 2431 4286 Leonis
2457 4247 2605 4288 anno
2630 4233 2901 4305 vigesimo
2925 4234 2978 4290 in
3010 4241 3239 4306 gratiam
3279 4258 3369 4298 re-

1788 4331 1986 4391 ceptus
2015 4331 2102 4377 est
2139 4321 2429 4388 Samonas,
2460 4324 2629 4393 inque
2670 4327 2852 4380 aulam
2877 4328 3159 4384 admissus
3182 4333 3235 4386 in
3270 4350 3371 4387 ua-

1790 4414 1882 4467 tali
1938 4414 2288 4468 Constantini
2320 4414 2521 4471 Leonis
2556 4416 2654 4471 ﬁlii
2709 4434 2776 4472 ex
2826 4419 2953 4484 Zoc,
2992 4422 3159 4492 709
3220 4426 3373 4480 illius

88 4525 305 4595 ’κτίσθη
344 4503 423 4578 τὰ
466 4503 601 4591 ἆγια
650 4503 956 4594 Θεοφάνεια
987 4503 1122 4581 Ὶύπδ-
1157 4503 1433 4584 Νικολάου
1488 4548 1687 4603 πατρι-

1790 4513 1986 4573 quarta
2020 4520 2229 4569 uxore;
2275 4505 2371 4574 qui
2419 4514 2476 4561 et
2536 4506 2852 4577 baptizatus
2887 4525 2917 4563 a
2943 4511 3166 4567 Nicolao
3197 4518 3370 4583 patri-

89 4618 297 4689 ἀρχαι,
322 4619 421 4672 καὶ
448 4619 641 4687 γέγονε
668 4619 766 4671 καὶ
797 4619 1112 4690 πατρίκιος.

161 4799 260 4869 ιη’.
287 4797 385 4867 τῷ
442 4796 527 4851 κα¹
554 4798 664 4853 ξτει
693 4798 860 4853 αὑτοῦ
907 4799 1177 4870 εὐλογήθη
1216 4800 1369 4854 Λέων
1419 4806 1513 4858 καὶ
1558 4804 1683 4874 Ζωή

89 4892 237 4961 μετὰ
262 4890 369 4961 τὴν
408 4891 605 4960 ἑορτὴν
656 4893 809 4961 παρᾶ
835 4891 1008 4960 enipi
1048 4892 1425 4964 πρεσϐυτέρου
1460 4895 1556 4949 τοῦ
1590 4901 1685 4951 καὶ

89 4981 559 5053 καθαιρεθέντος.
587 4982 682 5034 καὶ
716 4981 1057 5053 ἀνηγόρευσε
1095 4983 1193 5053 τὴν
1218 4985 1411 5039 ἑαυτοῦ
1439 4990 1686 5055 γαμετὴν

86 5075 251 5143 leniri
283 5070 632 5139 Δῦγούσταν.
686 5071 851 5126 Ὅθεν
874 5074 904 5124 6
933 5075 1281 5146 πατριάρχης
1327 5076 1574 5131 ἐκώλυσε
1593 5079 1685 5132 τὸν

88 5164 330 5233 βασιλέα
384 5164 468 5227 εἰς
511 5163 615 5233 τὴν
679 5163 977 5235 ἔκκλησίαν
1023 5166 1393 5238 εἰσέρχεσθαι.
1456 5171 1547 5223 Διὸ
1590 5172 1687 5224 καλ⁸

84 5257 298 5325 ᾗρχετο
338 5254 452 5307 ἀπὺ
474 5254 572 5308 τοῦ
598 5254 775 5320 δεξιοῦ
800 5256 1001 5328 μέρους
1051 5259 1215 5330 μέχρι
1248 5258 1343 5314 τοῦ
1381 5278 1683 5334 μιτατωρι-

86 5347 239 5411 κίον,
272 5346 404 5417 μηδ’
445 5345 583 5411 ὅλως
619 5348 701 5413 είς
726 5348 795 5403 τὰ
824 5349 966 5403 κατὰ
989 5351 1283 5420 συνήθειαν
1313 5352 1680 5425 διερχόμενος.

158 5519 255 5577 ιϐ’.
288 5519 389 5591 Τῷ
416 5519 501 5592 κβ¹
529 5521 721 5576 τούτου
769 5523 878 5578 ἔτει
908 5526 1275 5597 προϐάλλεται
1304 5527 1398 5581 τὸν
1415 5529 1680 5598 Σαμωνᾶν

1792 4597 1961 4652 archa
2015 4596 2071 4652 in
2118 4607 2314 4653 sancto
2365 4598 2852 4667 Theophaniorum
2885 4601 2998 4666 die,
3045 4605 3265 4671 quando
3314 4615 3371 4660 ct

1792 4690 2059 4762 patricius
2081 4690 2353 4745 Samouas
2388 4700 2609 4746 creatus
2634 4701 2738 4745 c-st.

1865 4784 1952 4838 18.
1977 4784 2197 4853 Imperii
2235 4783 2436 4839 Leonis
2459 4801 2606 4839 anno
2630 4786 2900 4856 vigesimo
2929 4788 3108 4857 primo
3144 4790 3370 4846 benedi-

1788 4878 2025 4932 ctionem
2087 4877 2319 4944 nuptiali
2378 4877 2486 4929 ritu
2526 4877 2811 4931 consecuti
2850 4887 2978 4932 sunt
3012 4878 3122 4934 Leo
3147 4891 3207 4935 et
3235 4881 3364 4949 Zoe,

1790 4977 1912 5037 post
1938 4970 2088 5022 festa:
2116 4968 2256 5022 lucis
2306 4977 2529 5037 peracta
2576 4969 2863 5031 solemnia,
2897 4964 3110 5025 Thoma
3143 4975 3369 5046 presby-

1788 5072 1906 5116 tero
1939 5061 2289 5121 administro,
2318 5061 2415 5132 qui
2444 5069 2501 5116 et
2538 5062 2706 5133 gradu
2767 5074 2953 5117 motus
2980 5075 3105 5119 est:
3138 5082 3361 5123 uxorem

1788 5168 2009 5224 quoque
2062 5153 2226 5209 Zoem
2280 5154 2392 5210 Leo
2450 5154 2750 5225 Augustam
2806 5157 3189 5226 proclamavit.
3227 5161 3365 5218 Hinc

1789 5246 2036 5302 ecclesiae
2064 5248 2316 5318 ingressu
2345 5247 2524 5302 Leoni
2550 5246 2909 5302 interdictum
2949 5264 2978 5301 a
3008 5250 3321 5318 patriarcha
3346 5270 3360 5318 ;

1785 5337 1930 5393 unde
1957 5347 2016 5393 et
2042 5339 2458 5410 ingrediebatur
2491 5338 2779 5395 adeer
2804 5341 2973 5396 latere
3018 5342 3359 5409 tuitatoricii,

1783 5447 1885 5487 nec
1910 5430 1999 5485 via
2031 5442 2304 5488 consueta
2325 5432 2437 5486 ullo
2464 5431 2631 5488 modo
2660 5432 2955 5487 transibat.

1854 5524 1939 5579 19.
1967 5525 2187 5594 Imperii
2220 5523 2421 5579 Leonis
2445 5540 2592 5578 anno
2614 5524 2882 5595 vigesimo
2911 5525 3154 5579 secundo
3184 5526 3360 5596 impc-

83 5611 404 5681 δβασιλεὺς
439 5613 939 5685 παμκοιμὼμενον
986 5617 1074 5672 διὰ
1126 5618 1187 5672 τὸ
1245 5613 1385 5675 εἷναι
1416 5621 1679 5690 συνεργὸν

1790 5626 1930 5671 rator
1965 5618 2255 5672 Samon-am
2285 5617 2661 5672 accubitorem
2696 5616 2944 5685 praeﬁcit,
2964 5633 3074 5686 quo
3100 5617 3361 5676 videlicet

1387 5760 1621 5817 VAlilAE
1663 5759 2068 5821 LECTI'LVlib'.

153 5822 205 5857 ⁸³
238 5821 418 5887 οὕτως
450 5818 597 5893 ἔχεις
631 5838 686 5894 p.
721 5823 827 5881 558
864 5826 923 5881 d.
