4174 6442
780 436 880 498 ’171

2010 426 2393 490 SYMEONIS
2433 422 2800 485 MAGlSTRI

3930 414 4037 478 772

778 553 1029 622 atljutore
1074 563 1139 603 ac
1179 547 1329 603 socio
1381 544 1450 601 ad
1479 561 1643 601 omne
1691 545 1874 600 scelus
1929 561 1993 599 ac
2045 546 2347 616 nequitiam

2478 541 2618 595 ιύτοῦ
2654 542 2791 611 πρὸς
2822 540 3001 593 πᾶσαν
3032 535 3381 607 παρανομίαν
3408 535 3499 587 καὶ
3526 531 3744 595 κακίαν,
3776 534 3873 585 καί
3897 538 4039 585 κατὰ

783 654 1060 707 uteretur;
1082 642 1353 709 amboque
1377 640 1643 695 adversus
1665 638 1968 692 Ecclesiam
2000 638 2179 691 moliri
2211 636 2349 689 inci-

779 738 959 806 piunt.
1017 735 1378 787 Accersentes
1426 734 1574 787 enim
1622 730 1908 785 Nicolaum
1979 729 2353 800 patriarcltam

778 828 939 881 etiam
971 834 1136 894 atque
1164 825 1331 878 etiam
1362 831 1557 895 rogant
1589 832 1649 876 ut
1678 830 2001 892 quartarunt
2035 818 2353 888 nuptiarum

778 922 864 973 lex
896 919 1217 987 recipiatur.
1248 916 1405 983 Quod
1429 932 1562 971 vero
1596 915 1642 970 is
1669 914 1876 969 ineant
1926 929 1985 968 se
2024 911 2352 967 sententiam

779 1010 976 1064 adduci
1002 1009 1227 1064 minime
1256 1023 1447 1078 passus
1469 1016 1652 1068 esset,
1685 1022 1784 1077 per
1808 1006 2173 1061 Bucoleonetn
2202 1003 2354 1058 lintri

780 1100 1099 1170 impositum
1143 1101 1199 1155 in
1236 1098 1477 1153 Hieriam
1508 1099 1874 1169 trajeeerunt;
1914 1096 2152 1164 indeque
2186 1094 2356 1165 pedes

778 1192 845 1246 ad
869 1191 1223 1255 Galacrenas,
1278 1190 1396 1246 solo
1428 1191 1650 1260 copiosa
1692 1192 1818 1243 nive
1860 1196 2163 1249 constrato,
2213 1202 2355 1255 aegre

780 1285 1052 1355 pervenit.
1089 1285 1221 1354 Ejus
1251 1300 1386 1338 vero
1413 1283 1536 1338 loco
1573 1282 1864 1337 ordinatur
1905 1280 2218 1349 patriarcha
2250 1279 2357 1334 Eu-

783 1379 1026 1449 thymius
1084 1376 1401 1448 syncellus,
1434 1376 1518 1429 vir
1545 1374 1797 1444 religiosa
1853 1372 2124 1428 modestia
2179 1371 2357 1426 conti-

779 1483 1028 1538 nensque
1063 1483 1127 1522 ac
1162 1467 1319 1521 valde
1345 1466 1491 1537 pius.
1528 1480 1691 1534 quem
1718 1480 1787 1519 ex
1813 1464 1999 1518 divina
2023 1462 2358 1518 revelatione

780 1558 936 1611 aiunt
956 1566 1181 1627 quartas
1208 1557 1329 1610 illas
1362 1555 1588 1624 nuptias
1620 1554 1968 1623 suscepisse;
1999 1553 2203 1623 quippe
2233 1567 2358 1605 cum

780 1650 1084 1718 imperator
1109 1648 1357 1702 heresim
1388 1648 1651 1701 inducere
1677 1646 1839 1700 vellet
1865 1660 1929 1700 ac
1968 1645 2144 1715 legem
2166 1643 2357 1702 edere.

782 1740 948 1796 licere
1009 1740 1128 1793 viro
1192 1747 1300 1793 tres
1352 1748 1657 1807 quatuorve
1708 1753 1908 1791 uxores
1970 1736 2195 1800 habere,
2232 1748 2360 1790 cum

781 1831 944 1885 multi
974 1831 1072 1885 viri
1108 1829 1467 1885 eruditissimi
1504 1829 1556 1881 in
1591 1829 1697 1882 hoc
1719 1827 1797 1882 illi
1827 1827 2286 1896 suﬂ‘ragarentur.

2454 636 2551 702 τῆς
2588 632 2915 702 Ἐκκλησξας
2937 629 3021 701 [Ρ.
3052 628 3180 699 46η
3200 628 3459 697 ἄρχονται
3492 624 3746 694 μελετᾷν.
3780 624 4037 691 Προσκα-

2454 724 2673 776 λοῦνται
2707 724 2816 793 γὰρ
2866 721 3133 774 Νικόλαον
3169 719 3262 772 τὸν
3316 716 3696 787 πατριάρχην,
3748 716 3843 767 καὶ
3867 714 4039 766 πολιὰ

2454 815 2745 885 λιπαροῦσι
2783 814 3040 883 δεχθῆναι
3073 814 3171 881 τὴν
3202 808 3602 880 τετραγαμίαν.
3672 806 3822 858 Ἐπεὶ
3849 806 3909 857 δὲ
3940 806 4039 857 οὐκ

2457 909 2661 969 ἔπεισε,
2687 908 2776 960 διὰ
2811 904 2904 959 τοῦ
2955 903 3339 963 Βουκολέοντος
3391 900 3473 962 είς
3525 896 3720 968 μικρὸν
3755 894 4037 965 πλοιάριον

2456 1000 2855 1069 ἐμϐιϐάσαντες
2887 997 2966 1057 εἰς
2992 980 3091 1065 τὴν
3131 994 3356 1063 Ἱέρειαν
3376 990 3637 1059 περῶσιν,
3664 987 3758 1055 ἀφ’
3795 984 3864 1058 ἧς
3897 987 4037 1055 πεζῇ

2460 1094 2622 1162 μέχρι
2654 1089 3023 1158 Γαλακρηνῶν
3059 1087 3211 1156 μόλις
3246 1085 3434 1156 ἀπῄει,
3476 1084 3649 1151 χιόνος
3676 1080 4038 1149 ἐπικειμένης

2458 1183 2678 1249 πολλῆς.
2707 1182 3108 1251 Χειροτονεῖται
3140 1176 3196 1231 δὲ
3241 1177 3358 1230 ἀντ’
3389 1172 3552 1228 αὑτοῦ
3586 1172 3864 1242 Εὐθύμιος
3902 1172 4038 1236 σύγ-

2457 1274 2646 1335 κελλος
2676 1276 2755 1335 εἰς
2789 1270 3178 1343 πατριάρχίαν,
3215 1268 3354 1340 ἀνὴρ
3378 1264 3736 1339 ἱεροπρεπὴς,
3762 1267 4039 1334 ἐγκρατής

2455 1384 2517 1419 τε
2541 1366 2635 1419 καὶ
2661 1364 2893 1434 εὐλαϐὴς
2926 1364 3069 1415 πάνυ
3088 1378 3103 1393 ο
3134 1364 3191 1415 ὅν
3216 1377 3350 1435 φασι
3400 1357 3798 1423 καταδέξασθαι
3824 1358 3929 1424 τὴν
3959 1372 4041 1407 τε·

2457 1456 2771 1527 τραγαμῑαν
2798 1456 2857 1520 ἐξ
2900 1453 3298 1521 ἀποκαλύψεως
3346 1450 3520 1515 θείας,
3542 1450 3617 1513 ὡς
3645 1448 3739 1502 τοῦ
3777 1446 4042 1518 βασιλέως

2462 1546 2787 1614 βουλομένου
2823 1543 3034 1611 αἵρεσιν
3089 1542 3313 1609 ποιῆσαι
3349 1541 3443 1594 καὶ
3478 1540 3642 1608 νόμον
3682 1540 3920 1591 ἐνθεῖναι
3952 1538 4043 1588 τοῦ

2461 1638 2604 1705 ἔχειν
2625 1637 2794 1707 ἄνδρα
2818 1637 2963 1706 τρεῖς
2984 1636 3246 1701 γυναῖκας
3272 1633 3305 1703 ἢ
3333 1632 3624 1700 τέσσαρας,
3648 1629 3863 1682 πολλῶν
3888 1626 4045 1680 τοῗιτο

2460 1728 2847 1796 λογικωτάτων
2874 1724 3085 1795 ἀνδρῶν
3112 1721 3517 1792 συνεργούντων
3546 1718 3714 1788 αὐτῷ.

853 1923 943 1976 20.
1001 1923 1182 1976 Mense
1212 1913 1377 1976 iunio
1410 1929 1569 1973 ortus
1604 1928 1803 1975 ventus
1829 1894 2366 1972 Africtt—sTritonazus

2538 1912 2605 1961 κ’.
2640 1904 2733 1975 Τῷ
2788 1903 2995 1973 Ἰουνίῳ
3036 1900 3168 1971 μηνὶ
3215 1898 3437 1968 γέγονεν
3486 1895 3684 1965 ἄνεμος
3709 1894 3805 1964 Tui;
3838 1894 4048 1964 Τριτω-

781 2015 1179 2077 validissimus,
1220 2014 1383 2084 710
1422 2013 1561 2079 adeo
1600 2020 1662 2067 ut
1689 2012 1835 2067 mdes
1868 2028 2054 2066 sacras
2088 2011 2369 2080 profanas-

782 2124 891 2179 que
919 2114 1263 2170 concuteret,
1308 2106 1605 2175 cunctique
1644 2105 1711 2161 ad
1737 2104 2041 2160 subdivalia
2071 2104 2186 2157 loca
2221 2103 2371 2173 fuge-

787 2207 947 2260 rent,
999 2213 1064 2251 ac
1107 2198 1296 2250 mundi
1340 2195 1875 2250 consummationem
1923 2208 2043 2248 esse
2096 2194 2367 2247 dicerent.

787 2290 883 2346 Dei
924 2298 1105 2344 tamen
1130 2288 1424 2344 clementia
1454 2304 1517 2342 ac
1565 2287 1817 2342 bonitate
1848 2286 2110 2341 imbrium
2134 2284 2185 2338 vi
2212 2284 2372 2339 seda-

790 2382 880 2438 tus
912 2389 1017 2437 est.

860 2476 949 2528 2|.
998 2475 1158 2527 Anno
1199 2472 1464 2543 vigesimo
1523 2471 1687 2526 tertio
1727 2471 2131 2526 Saracenorum
2178 2468 2373 2523 classis

789 2563 1091 2619 Romanam
1122 2562 1389 2616 ditionem
1446 2562 1666 2616 invasit.
1699 2561 2000 2631 Imperator
2030 2573 2160 2612 vero
2189 2557 2373 2612 llimc-

791 2657 934 2710 rium
966 2655 1301 2724 logotltetam
1340 2653 1619 2706 navalium
1647 2653 1891 2706 omnium
1938 2651 2221 2720 copiarunt
2268 2651 2373 2703 du-

789 2761 909 2801 cem
944 2762 1011 2800 ac
1064 2754 1231 2815 caput
1258 2745 1538 2815 praefecit;
1574 2745 1877 2814 scribitque
1900 2744 2217 2798 Andronico
2245 2741 2373 2796 duci

792 2847 852 2892 ιιι
885 2854 944 2893 se
993 2838 1257 2909 adjungat
1298 2834 1567 2892 Himerio.
1602 2835 1776 2891 Porro
1810 2836 2077 2891 Samonas
2108 2835 2371 2904 implaca-

791 2930 889 2985 bili
934 2932 989 2984 itt
1026 2931 1406 2984 Andronicum
1448 2928 1596 2995 odio,
1634 2929 1895 2997 omnique
1927 2928 2091 2981 modo
2117 2927 2293 2980 labem
2323 2926 2374 2980 ei

792 3021 994 3077 inferre
1042 3020 1295 3086 studens,
1348 3029 1539 3074 auctor
1584 3028 1667 3073 est
1714 3018 1932 3072 cuidam
1964 3026 2025 3070 ut
2065 3018 2280 3071 occulte
2308 3015 2376 3070 ad

791 3129 919 3167 eum
956 3113 1180 3175 scribat,
1208 3112 1343 3167 Cave
1368 3114 1439 3165 sis
1468 3129 1622 3166 naves
1654 3110 1968 3181 ingrediaris
1987 3110 2122 3163 etab
2146 3108 2376 3161 Himerio

793 3206 1046 3274 capiaris.
1095 3204 1281 3257 Multis
1315 3204 1504 3273 itaque
1528 3217 1725 3272 rogans
1763 3216 2074 3271 ttrgcnsque
2104 3198 2377 3253 Androni-

796 3312 945 3359 cum,
994 3295 1381 3366 ingruentibus
1409 3294 1696 3365 Agarenis,
1732 3304 1792 3349 ut
1832 3308 2018 3347 secum
2058 3290 2348 3361 ingredere

800 3398 908 3452 tur,
941 3387 993 3442 id
1031 3404 1163 3442 vero
1208 3389 1507 3457 impetrare
1536 3402 1644 3439 non
1689 3384 1889 3455 putuit.
1926 3384 2086 3437 Solus
2118 3399 2249 3451 ergo
2280 3381 2375 3435 lli-

800 3482 1006 3535 nterius
1047 3480 1103 3534 in
1153 3479 1209 3534 S.
1257 3479 1482 3534 Tltomae
1531 3476 1745 3532 solenni
1801 3476 1892 3530 dic
1941 3492 2064 3531 cum
2117 3474 2379 3544 Agarcnis

797 3588 1127 3644 congressus
1174 3588 1425 3642 magnam
1462 3571 1749 3626 victoriam
1802 3570 2119 3639 reportavit.
2161 3569 2277 3632 Qua
2323 3582 2381 3620 re

800 3666 1018 3735 cognita
1050 3707 1065 3729 ,
1123 3664 1475 3719 Andronicus
1520 3664 1573 3717 in
1617 3662 2060 3731 desperationem
2109 3659 2383 3714 adductus

797 3771 922 3809 cum
957 3754 1214 3810 allinibus
1250 3771 1315 3809 ac
1349 3754 1615 3809 comitatu
1654 3753 1709 3807 in
1751 3751 2120 3806 defectionem
2158 3750 2385 3804 adactus

796 3856 914 3908 est:
949 3847 1252 3917 abiensque
1289 3845 1546 3901 Cabalam
1576 3844 1844 3914 oppidum
1897 3842 2210 3911 occupavit,
2245 3839 2384 3894 adeo

800 3948 861 3995 ut
898 3938 1163 3993 Samonas
1193 3936 1513 4008 imperatori
1542 3937 1863 4005 objectaret,
1898 3932 2083 3987 Nonne
2126 3932 2382 3997 dicebam,

800 4032 1031 4093 domine,
1060 4030 1251 4083 Ducem
1290 4028 1531 4082 rebellem
1559 4028 1718 4097 fore?

881 4123 973 4178 ξε.
1021 4126 1181 4178 Anno
1213 4122 1479 4192 vigesimo
1508 4129 1707 4189 quarto
1744 4117 1895 4172 misit
1926 4116 2225 4185 imperator
2252 4112 2389 4168 Grc-

810 4234 995 4287 gnram
1057 4216 1369 4269 scholarum
1423 4211 1787 4267 domesticum
1824 4250 1839 4274 ,
1887 4224 2049 4279 quem
2100 4206 2387 4261 lberitzetn

811 4317 1031 4372 vocant,
1061 4307 1358 4362 Andronici
1385 4321 1451 4359 ex
1482 4321 1651 4358 uxore
1682 4303 1918 4365 allinem,
1954 4300 2021 4353 ad
2052 4314 2177 4353 cum
2217 4312 2391 4365 expu-

810 4400 1109 4471 gnandum.
1148 4397 1305 4464 Quod
1343 4413 1467 4450 cum
1492 4396 1777 4450 didicisset
1810 4392 2177 4454 Andronicus,
2206 4406 2269 4444 ac
2296 4389 2392 4443 Ni—

813 4494 1029 4547 colaum
1075 4492 1442 4561 patriarcltam
1488 4490 1733 4542 Ecclesia
1781 4488 2020 4556 ejectum
2067 4484 2390 4548 audivisset,

2470 2003 2617 2063 ναίος
2653 1996 2901 2067 σφοδρὸς,
2965 1995 3039 2057 ὡς
3095 1996 3375 2046 ωσσείσαι
3405 1991 3679 2058 οἰκήματα
3716 1990 3813 2041 καὶ
3843 1987 4047 2052 ἐκκληυ

2473 2094 2616 2155 σίας,
2669 2092 2764 2145 καὶ
2822 2091 3030 2149 πάντας
3058 2086 3284 2155 φεύγειν
3325 2085 3382 2135 ὲν
3416 2083 3699 2151 ὑπαίθροις
3732 2082 3827 2135 καὶ
3870 2080 4049 2147 λέγειν

2472 2184 2744 2251 κοσμικὴν
2769 2181 3079 2234 συντέλειαν
3126 2174 3293 2230 εἶναι.
3334 2174 3499 2228 Ἀλλὰ
3532 2178 3597 2245 τῇ
3624 2174 3718 2227 τοῦ
3755 2173 3895 2227 Θεοῦ
3934 2173 4049 2241 φιλ-

2471 2273 2755 2345 ανθρωπίᾳ
2776 2271 2841 2325 δι’
2874 2272 3096 2342 ὄμϐρων
3125 2268 3357 2337 ἐπαύθη.

2544 2457 2650 2512 κα’.
2690 2455 2782 2527 Τῷ
2825 2452 2910 2523 κγ’
2940 2452 3048 2506 ἔτει
3083 2452 3269 2513 στόλος
3326 2446 3663 2521 Σαρακηνῶν
3716 2445 3861 2497 κατὰ
3910 2444 4051 2495 Ῥω-

2478 2547 2652 2617 μαίων
2677 2544 2921 2612 ἐξῆλθεν.
2953 2540 3293 2610 Προεϐάλετο
3324 2538 3381 2590 δὲ
3410 2540 3437 2590 ὁ
3465 2536 3716 2606 βασιλεὺς
3752 2535 3988 2603 Ἰμὲριον
4010 2533 4056 2563 ³⁸

2471 2640 2564 2691 τὸν
2614 2635 2906 2704 λογοθέτην
2972 2631 3215 2701 κεφαλὴν
3277 2630 3498 2683 πάντων
3558 2627 3670 2679 τῶν
3767 2626 4055 2694 πλωῖμων.

2474 2730 2683 2798 Γράφει
2730 2727 2787 2779 δὲ
2827 2726 2921 2777 καὶ
2994 2721 3315 2793 Ἀνδρονίκῳ
3341 2720 3421 2790 τῷ
3475 2719 3637 2771 Δουκὶ
3678 2716 3959 2769 συνελθεῖν
3980 2716 4060 2783 τῷ

2485 2820 2725 2893 Ἱμερίῳ.
2772 2818 2829 2870 '0
2853 2816 2909 2868 δὲ
2940 2815 3204 2883 Σαμωνᾶς
3233 2812 3586 2873 ἀδιάλλακτος
3607 2808 3681 2861 ὢν
3709 2807 3789 2876 τῷ
3842 2807 4063 2878 Ἀνδρο-

2475 2915 2607 2984 νίκῳ
2660 2912 2753 2964 καὶ
2801 2912 2963 2963 παντὶ
3005 2909 3192 2977 τρόπῳ
3248 2905 3497 2958 κακῶσαι
3524 2902 3686 2955 αὑτὸν
3711 2900 4058 2963 σπουδάζων,

2480 3004 2653 3057 πείθει
2700 3002 2821 3055 τινὰ
2859 3000 3067 3071 γράψαι
3106 2996 3256 3065 αὐτῷ
3280 2995 3487 3066 κρύφα,
3524 2992 3619 3059 Μὴ
3660 2992 3950 3057 εἰσέλθῃς
3974 2994 4065 3055 εις

2478 3098 2548 3151 τὰ
2580 3095 2829 3162 καρὰϐια
2885 3092 2981 3146 καὶ
3016 3088 3319 3159 κρατηθῇς
3369 3087 3529 3154 παρὰ
3570 3085 3847 3154 ’1μερίου.
3885 3084 4065 3135 Πολλὰ

2479 3196 2533 3246 δὲ
2560 3194 2651 3243 τὶν
2686 3188 3019 3257 Ἀνδρόνικον
3048 3184 3457 3250 ἀναγκάσαντος
3491 3178 3752 3233 εἰσελθεῖν
3784 3178 3885 3229 σὺν
3912 3176 4065 3244 αύτῷ

2478 3284 2585 3335 τῶν
2631 3279 2947 3349 Ἀγαρηνῶν
2982 3275 3348 3343 ἐπικειμένων
3380 3273 3481 3325 οὐκ
3536 3269 3785 3337 ἐπείσθη.
3828 3268 4067 3337 Ἱμέριος

2480 3378 2536 3430 δὲ
2575 3376 2733 3445 μόνος
2764 3376 2821 3425 ὲν
2854 3372 2919 3440 τῇ
2966 3369 3151 3438 ἡμέρᾳ
3198 3366 3292 3417 τοῦ
3331 3364 3485 3433 ἁγίου
3537 3361 3711 3430 Θωμᾶ
3768 3358 4067 3427 συμϐαλὼν

2484 3469 2719 3536 πόλεμον
2752 3464 2888 3533 μετὰ
2913 3462 3022 3515 τῶν
3059 3457 3379 3527 Ἀγαρηνῶν
3420 3454 3662 3525 μεγάλην
3684 3452 3843 3521 νίκην
3876 3453 4068 3522 εἱργάο

2484 3577 2635 3613 σατο.
2682 3556 2854 3610 Τοῦτο
2908 3552 3097 3623 μαθὼν
3158 3550 3495 3619 Ἀνδρόνικος
3546 3546 3640 3599 καὶ
3670 3545 3944 3611 ἀπογνοὺς
3972 3545 4070 3595 σὺν

2483 3656 2594 3713 τοῖς
2654 3648 2974 3717 συγγενέσιν
3024 3643 3190 3697 αὐτοῦ
3250 3642 3346 3694 καὶ
3379 3638 3689 3710 ἀνθρώποις
3723 3636 4071 3691 ἀποστασίαν

2486 3739 2730 3807 ἐποίησε,
2753 3735 2840 3787 καὶ
2868 3731 3122 3788 ἀπελθὼν
3156 3731 3460 3801 ἐκράτησεν
3482 3726 3580 3798 τὴν
3604 3725 3865 3779 Κάϐαλαν
3891 3726 4068 3785 πόλιν,

2486 3832 2561 3895 ὡς
2578 3833 2750 3884 εἰπεῖν
2768 3828 3031 3899 Σαμωνᾶν
3059 3825 3104 3857 ⁸⁷
3136 3824 3272 3894 πρὸς
3289 3823 3380 3875 τὸν
3404 3819 3655 3891 βασιλέα·
3677 3820 3803 3871 Οὐκ
3824 3817 4069 3885 ἔλεγον.

2486 3921 2533 3980 ὦ
2564 3923 2851 3988 δέσποτα,
2885 3919 3192 3987 ἀντὰρτην
3218 3912 3371 3969 εἶναι
3395 3913 3500 3967 τὸν
3530 3911 3759 3973 Δοῦκα;

2560 4102 2664 4176 κβ⁹.
2699 4103 2791 4173 Τῷ
2817 4100 2897 4156 κδ’
2946 4102 3057 4155 ἔτει
3082 4098 3401 4153 ἀπέστειλεν
3430 4099 3457 4151 δ
3491 4096 3741 4166 βασιλεὺς
3780 4096 4071 4165 Γρηγορᾶν

2490 4200 2581 4251 τὴν
2614 4198 2933 4266 δομέστικον
2962 4192 3069 4245 τῶν
3093 4189 3302 4260 σχολῶν
3331 4188 3421 4241 τὸν
3454 4186 3783 4258 Ἰϐηρίτξην,
3828 4188 4074 4253 συμπέν·

2492 4288 2648 4357 θερον
2683 4287 2813 4337 δντα
2863 4282 3227 4351 Ἀνδρονίκου,
3271 4282 3352 4342 εἰς
3375 4278 3436 4331 τὸ
3474 4276 3935 4346 καταπολεμῆσαι
3978 4278 4075 4329 αύ-

2492 4379 2604 4429 τόν.
2638 4375 2842 4430 Μαθὼν
2866 4375 2922 4426 δὲ
2947 4373 3106 4426 τοῦτο
3139 4371 3497 4440 Ἀνδρόνικος,
3522 4368 3765 4431 ἀκούσας
3795 4384 3857 4420 τε
3879 4370 4079 4422 arma!

2493 4473 2520 4523 ὁ
2551 4469 2897 4537 πατριάρχης
2951 4467 3049 4535 τῆς
3094 4464 3427 4534 Ἑκκλησίας
3458 4460 3733 4529 ἐξεώσθη,
3756 4461 4077 4529 προσέφυγε

813 4585 881 4640 ad
913 4584 1195 4655 Agarenos
1219 4598 1326 4637 una
1354 4598 1476 4636 cum
1500 4581 1749 4651 cognatis
1771 4588 1825 4631 et
1858 4578 2060 4632 iatniIia
2090 4577 2375 4645 amicisque

2497 4566 2605 4622 τοῖς
2648 4560 2967 4629 ’Λγαρηνοῖς
2992 4556 3109 4627 ἅμα
3132 4556 3421 4622 συγγενέσι
3444 4554 3538 4605 καὶ
3568 4552 3760 4620 φίλοις.
3794 4552 4080 4621 Ἐλυπήθη

812 4677 1077 4747 confugit.
1118 4676 1192 4729 Ea
1225 4690 1313 4728 res
1346 4674 1583 4728 Leonem
1629 4673 1859 4725 moleste
1888 4668 2100 4723 habuit.
2147 4668 2225 4722 Ac
2264 4682 2395 4721 vero

814 4770 970 4840 711
1004 4770 1402 4821 Saracenorum
1440 4780 1608 4818 unum
1630 4780 1660 4818 e
1680 4763 1936 4833 pratorio
1962 4760 2161 4815 blande
2191 4760 2395 4815 habens

816 4859 1249 4927 muneribusque
1308 4857 1654 4920 concilians,
1712 4855 1781 4909 ad
1834 4854 2212 4910 Andronicum
2269 4869 2393 4907 cum

811 4952 959 5006 bulla
992 4966 1160 5003 aurea
1193 4948 1485 5016 rubrisque
1537 4946 1737 5001 litteris
1772 4960 1925 4999 more
1961 4946 2110 5014 regio
2132 4984 2146 5006 ,
2198 4946 2396 5011 exiguo

811 5058 974 5097 cereo
1015 5041 1213 5094 baculo
1253 5039 1484 5101 inclusa,
1524 5036 1694 5091 misit.
1730 5037 2025 5106 Egressum
2061 5034 2395 5089 Saracenum

811 5148 843 5186 e
865 5143 1161 5201 conspectu
1211 5130 1559 5201 imperatoris
1589 5127 1823 5182 accersit
1845 5126 2133 5186 Satnonas,
2163 5125 2350 5193 aitque
2380 5142 2394 5178 :

813 5217 927 5273 Scis
971 5218 1095 5290 quid
1131 5217 1354 5271 teneas?
1401 5218 1649 5287 (propter
1678 5230 1900 5271 cereum
1945 5214 2205 5268 nimirum
2232 5230 2395 5285 quem

815 5327 980 5365 manu
1011 5309 1283 5380 gestabat)
1317 5308 1485 5380 Syria
1517 5324 1698 5378 nempe
1734 5306 1952 5361 exitium
1979 5306 2280 5377 .’Datisque
2305 5322 2390 5376 pe-

2495 4654 2549 4707 δὲ
2581 4653 2732 4706 Λέων
2764 4653 2841 4714 είς
2880 4650 3062 4711 τοῦτο,
3098 4649 3194 4701 καὶ
3213 4647 3276 4717 δὴ
3304 4645 3621 4715 Σαρακηνδν
3651 4644 3761 4696 ἀπὸ
3786 4642 3886 4695 τοῦ
3915 4661 4081 4711 πραιι

2496 4744 2695 4814 τωρίου
2736 4741 3274 4812 φιλοφρονησάμενος
3326 4736 3613 4790 ἀπέστειλε
3658 4735 3797 4805 πρὸς
3828 4735 3923 4787 τὸν
3964 4735 4087 4787 Ἀν-

2497 4838 2742 4906 δρόνικον
2784 4834 2924 4904 μετὰ
2981 4830 3399 4903 χρυσοϐούλλιον
3451 4829 3536 4901 [Ρ.
3565 4826 3693 4895 4681
3742 4827 3828 4879 διὰ
3858 4828 4087 4879 κιναϐά-

2503 4945 2643 4999 ρεος,
2680 4926 2859 4997 βαλὼν
2888 4925 3020 4979 αὐτὸ
3061 4923 3273 4977 ἔνδοθεν
3300 4922 3525 4990 φατλίου
3550 4920 3787 4988 τράκτου
3824 4918 4081 4989 βραχέος.

2512 5018 2849 5083 Ἐξελθόντος
2903 5018 2960 5070 δὲ
3013 5016 3108 5069 τοῦ
3137 5012 3455 5083 Σαρακηνοῦ
3504 5012 3612 5063 ἀπὸ
3663 5007 3962 5079 προσώπου
3992 5010 4089 5061 τοὶ

2502 5110 2786 5182 βασιλέως,
2824 5109 3216 5178 προσκαλεῖται
3261 5105 3424 5159 αὐτὸν
3458 5104 3485 5155 ὁ
3528 5102 3815 5171 Σαμωνᾶς,
3850 5100 3948 5150 καί
3985 5119 4091 5166 φη-

2501 5220 2602 5257 σιν·
2629 5200 2808 5267 Οἶδας
2840 5203 2896 5254 τί
2919 5198 3199 5268 κρατεῖςξ
3230 5195 3409 5267 (τοῦτο
3441 5191 3611 5245 εἰπὼν
3634 5192 3722 5244 διὰ
3748 5190 3836 5241 τδν
3868 5195 4087 5257 κηρονο)

2498 5296 2615 5362 τὴν
2633 5295 2940 5348 ἀπώλειαν
2962 5292 3072 5358 τῆς
3096 5291 3333 5357 ΣυρΙας.
3366 5286 3475 5340 Καὶ
3494 5285 3613 5347 δοὺς
3648 5282 3798 5350 αὐτῷ
3823 5285 4091 5351 χρήματα

816 5398 996 5453 cuniis
1014 5374 1189 5454 'Uzeri
1230 5374 1285 5450 in
1328 5374 1523 5451 manus
1556 5374 1699 5449 tradi
1738 5395 1922 5466 jussit.
1953 5374 2375 5462 Comprcbensu:

2503 5388 2876 5463 παρήγγειλεν
2908 5386 2984 5448 εἰς
3034 5385 3137 5452 τὴν
3159 5383 3317 5451 χεῖρα
3360 5376 3455 5431 τοῦ
3491 5376 3675 5446 Ούζὴρ
3704 5374 3893 5443 βαλεῖν
3934 5374 4090 5425 αὐτό.

819 5490 1003 5559 itaque
1047 5488 1393 5544 Andronicus
1426 5504 1549 5543 cum
1585 5487 1702 5542 suis
1736 5488 1788 5541 in
1824 5486 2042 5541 vincula
2078 5486 2393 5557 conjicitur.

820 5582 1120 5653 Sciensque
1168 5583 1312 5635 hanc
1360 5582 1436 5635 illi
1475 5581 1726 5635 Samonae
1757 5580 1884 5634 tlolo
1910 5580 2155 5634 fraudem
2200 5580 2394 5633 iactam

821 5688 963 5739 esse,
1006 5674 1333 5728 necessitate
1381 5671 1631 5736 adactus,
1676 5672 1891 5742 cjurata
1923 5669 2233 5724 Christiana
2270 5668 2396 5733 ﬁde,

2440 5478 2441 5481 “
2516 5484 2575 5535 '0
2608 5482 2667 5536 δὲ
2699 5480 2857 5533 τοῦτο
2886 5474 3208 5545 πεποίηκεν.
3233 5471 3534 5540 Κρατεῐται
3555 5463 3649 5519 οὖν
3680 5464 3777 5517 καὶ
3801 5463 4093 5531 δεσμεῐται

2521 5576 2856 5644 Ἀνδρόνικος
2906 5571 3000 5623 καὶ
3032 5570 3083 5622 οί
3124 5570 3219 5619 σὺν
3247 5563 3397 5633 αὐτῷ
3422 5577 3437 5593 ·
3484 5560 3579 5613 καὶ
3609 5558 3801 5628 μαθὼν
3826 5557 3907 5618 ὡς
3938 5555 4095 5609 τοῦτο

2510 5668 2730 5734 γέγονεν
2778 5661 2928 5730 αὑτῷ
2955 5662 3042 5716 διὰ
3089 5658 3243 5713 δόλου
3276 5653 3369 5708 τοῦ
3420 5650 3674 5723 Σαμωνᾶ,
3722 5646 4097 5715 ἀναγκασθεὶς

2107 5764 2339 5819 VARUE
2377 5759 2780 5818 LECTIONES.

896 5859 943 5895 ⁸⁸
978 5860 1235 5932 ἰΙμέριον
1264 5877 1317 5931 ρι
1342 5860 1447 5916 29.9
1481 5858 1535 5913 b.
1615 5855 1657 5888 ’τ
1686 5854 1921 5926 Σαμωνὰ
1949 5853 2011 5910 Ρ.
