4174 6442
162 402 265 462 773

1175 391 1544 454 ANNAIES.
1583 413 1643 431 σ’-
1675 387 1817 449 LEO
1849 385 2127 446 BASlLll
2175 385 2454 448 FILIUS.

3332 385 3435 447 ΤΗ

162 518 521 586 ἐμαγαρισεν.
578 513 636 565 ’0
662 512 717 563 δὲ
753 510 1159 571 Κωνσταντίνος
1195 508 1292 561 καὶ
1326 508 1374 558 οἱ
1404 503 1581 558 λοιποὶ
1610 500 1745 555 εἰδό-

1857 496 2149 550 Mahutneti
2205 512 2262 549 se
2307 498 2480 549 sacris
2525 495 2744 564 polluit.
2801 494 3202 549 Constantinus
3248 509 3434 554 autem

161 625 246 670 τες
270 607 349 669 ὡς
399 604 661 659 ἀδύνατόν
692 606 809 656 ἑστι
842 604 934 655 τὸν
973 601 1314 670 Ἀνδρόνικον
1340 596 1598 662 ἐξελθεῖν,
1629 595 1745 666 μετ’

160 701 219 750 οὗ
253 698 393 751 πολὺ
445 699 511 768 τῇ
551 696 714 766 βουλῇ
764 694 931 749 αὑτοῦ
981 694 1135 763 μόνοι
1184 693 1332 761 φυγῇ
1385 690 1744 760 χρησάμεκοι,

160 791 296 857 ὅπερ
334 788 614 857 θαύματος
664 785 837 851 ἄξιον.
869 786 933 839 ὲκ
970 786 1145 856 μέσης
1183 784 1382 854 Συρίας
1412 784 1491 843 εἰς
1535 780 1750 850 Ῥωμα-

161 882 276 933 νίαν
302 880 549 952 ἐξῆλθον,
582 880 723 935 κατὰ
760 880 943 950 χώραν
973 876 1394 947 πολεμούμενοι.

230 1154 340 1216 κγ’.
379 1147 516 1201 Τότε
541 1148 652 1201 aut
677 1145 896 1218 Ταρσοῦ
941 1144 1116 1200 ἐλθὼν
1140 1147 1199 1200 ὲν
1227 1148 1295 1217 τῇ
1320 1144 1471 1198 πόλει
1499 1146 1628 1218 περὶ
1654 1144 1750 1199 τοῦ

160 1238 521 1307 διαλλαγῆναι
577 1238 607 1292 ὃ
662 1254 723 1293 τε
774 1236 1122 1307 Ἀραλϐἀκης
1171 1238 1200 1290 6
1229 1238 1409 1308 γέρων
1444 1239 1537 1290 καὶ
1592 1238 1621 1291 6
1655 1237 1750 1292 τοῦ

162 1330 404 1395 Σαμωνᾶ
450 1330 632 1399 πατὴρ
653 1344 668 1360 ’
712 1327 809 1392 οὓς
846 1329 942 1381 καὶ
974 1328 1269 1397 δεξάμενος
1304 1330 1335 1382 6
1363 1319 1617 1397 βασιλεὺς
1646 1327 1750 1381 ὑπ-

164 1420 373 1487 έδειξεν
413 1421 505 1475 τὸν
560 1422 658 1490 τῆς
720 1421 1017 1491 ἐκκλησίας
1077 1422 1307 1490 κόσμον,
1353 1422 1491 1490 ὅπερ
1530 1419 1751 1487 ἀνάξιόν

164 1514 316 1565 ἐστιν
371 1510 765 1581 Χριστιανικῆς
820 1511 1251 1573 καταστάσεως,
1302 1509 1397 1563 τοῦ
1451 1509 1750 1564 θεάσασθαι

162 1598 319 1667 παρὰ
348 1598 458 1651 τῶν
488 1596 668 1651 ἀθέων
695 1598 760 1650 τὰ
791 1597 913 1668 ἱερὰ
941 1598 1109 1668 σκεύη
1140 1598 1235 1651 τοῦ
1263 1596 1422 1652 Θεοῦ.
1462 1597 1521 1651 ’0
1562 1598 1620 1652 δὲ
1655 1600 1750 1652 τοῦ

162 1688 407 1757 Σαμωνᾶ
433 1690 619 1759 πατὴρ
642 1688 800 1761 ἦθελε
841 1692 1083 1743 συνεῖναι
1107 1689 1186 1759 τῷ
1226 1690 1327 1760 υἱῷ
1353 1691 1519 1744 αὑτοῦ
1553 1691 1647 1745 καὶ
1675 1693 1751 1761 μὴ

162 1775 307 1833 εἶναι
358 1782 438 1843 είς
495 1781 718 1851 Συρίαν.
766 1781 823 1834 '0
866 1782 923 1835 δὲ
950 1783 1216 1851 Σαμωνᾶς
1247 1783 1553 1854 παρῄνεσεν
1579 1782 1747 1853 αὐτῷ,

161 1871 342 1939 λέγων
364 1886 378 1899 ’
419 1870 631 1941 Κράτει
652 1870 766 1939 τὴν
793 1871 1004 1926 πίστιν
1034 1887 1176 1928 σου.
1209 1872 1385 1943 Κάγὼ
1406 1876 1459 1927 sl
1485 1873 1749 1943 δυνηθῶ,

160 1965 493 2032 ἐλεύσομαι
526 1964 612 2035 μᾶ
633 1968 772 2019 Mor
802 1966 953 2033 πρὸς
985 1965 1078 2021 σέ.

235 2058 333 2115 κδ’.
376 2059 467 2128 Τῷ
492 2058 567 2113 κε’
591 2060 701 2113 ἔτει
724 2058 913 2122 αὑτοῦ,
932 2062 999 2130 τῇ
1022 2060 1206 2132 ἡμέρᾳ
1226 2061 1323 2130 τῆς
1350 2061 1749 2133 Πεντηκοστῆς,

163 2153 355 2221 στέφει
386 2153 537 2205 Λέων
564 2152 592 2205 6
616 2151 869 2221 βασιλεὺς
894 2154 1304 2207 Κωνσταντῖνον
1323 2154 1415 2207 τὸν
1450 2155 1563 2209 υίὸν
1583 2157 1750 2211 αὑτοῦ

160 2246 257 2298 τὸν
285 2245 801 2317 Πορφυρογὲννητον
823 2246 912 2301 διὰ
934 2246 1212 2316 Εὑθυμίου
1259 2249 1619 2318 πατριάρχου.
1658 2250 1753 2303 Δέ-

161 2340 341 2391 ὃωκεν
375 2339 434 2390 δὶ
472 2339 737 2408 Σαμωνᾶς
797 2339 1206 2392 Κωνσταντῖνον
1239 2338 1529 2409 ἄνθρωπον
1560 2341 1749 2407 αὑτοῦ,

161 2431 255 2482 τὸν
288 2430 655 2485 δουλεύσαντα
708 2432 973 2503 πρότερον
1024 2430 1291 2499 Βασιλείῳ
1342 2434 1627 2504 μαγίστρῳ
1658 2435 1751 2488 καὶ

162 2522 260 2573 ἐπὶ
302 2520 400 2573 τοῦ
435 2521 743 2574 κανικλείου
767 2563 782 2587 ,
822 2522 916 2574 τοῦ
955 2522 1228 2575 δουλεὺειν
1278 2524 1398 2591 Ζωῇ
1438 2525 1748 2595 Λὺγοὺστῃ.

170 2610 270 2671 ’ος
305 2608 404 2661 καὶ
448 2610 713 2680 ἠγαπήθη
770 2610 941 2663 πολλὰ
988 2611 1139 2682 παρὰ
1176 2629 1235 2664 τε
1271 2612 1364 2665 τοῦ
1404 2614 1628 2677 Λέοντος
1656 2617 1749 2669 τοῦ

164 2699 441 2769 βασιλέως
473 2701 571 2753 καὶ
590 2701 686 2770 τῆς
711 2701 1050 2771 Ᾱὺγοὺστης.
1082 2702 1243 2756 Ὅθεν
1270 2706 1365 2758 καὶ
1396 2706 1564 2760 πολλὰ
1590 2710 1750 2774 ἐφθό-

162 2810 246 2845 νει
278 2794 550 2863 Σαμωνὶς
583 2793 765 2853 αὑτὸν,
796 2795 889 2847 καὶ
916 2793 1175 2866 ἐλοιδόρει
1206 2795 1281 2858 ὡς
1306 2799 1517 2850 συνόντι
1552 2804 1617 2869 τῇ
1644 2802 1753 2853 Αὑ-

162 2882 399 2953 γοὺστῃ.
444 2884 623 2952 ὀπερ
646 2884 675 2937 6
706 2883 961 2952 βασιλεὺς
1005 2884 1313 2956 ὑπονοήσας
1357 2890 1556 2956 ἀληθὲς
1588 2886 1750 2957 εἶναι,

164 2976 468 3045 ἀπέκειρεν
500 2976 663 3029 αὑτῖιν
691 2976 780 3029 διὰ
804 2976 1069 3045 Σαμωνᾶν
1091 2980 1149 3032 ὲν
1168 2981 1235 3049 τῇ
1273 2983 1407 3051 μονῇ
1443 2980 1535 3035 τοῦ
1570 2983 1751 3052 Ἀγίου

162 3064 472 3133 Ταρασίου.
502 3064 638 3118 Μετ’
669 3066 851 3136 ὀλίγον
878 3066 933 3120 δὶ
961 3066 1161 3138 ὥρισεν
1192 3068 1285 3121 τὸν
1326 3070 1592 3141 Σαμωνᾶν
1617 3073 1752 3127 ἀνα-

1849 588 2055 656 aliique
2104 589 2273 657 probe
2316 587 2689 657 intelligentes
2728 587 2845 641 lieri
2893 603 3001 640 non
3036 599 3281 656 possent
3314 590 3430 643 Au-

1850 678 2113 733 dronicus
2139 679 2426 744 evaderet,
2476 679 2631 733 brevi
2684 689 2808 748 post
2854 678 3003 734 illius
3051 680 3285 734 consilio
3328 681 3434 735 soli

1853 772 1992 839 logie
2041 771 2299 841 praesidio
2342 772 2426 825 usi
2471 772 2583 842 (res
2630 787 2763 826 sane
2798 770 3162 828 admiratione
3205 774 3433 842 dignal)

1849 881 1917 919 ex
1962 869 2143 924 media
2197 866 2394 937 Syria,
2452 881 2552 935 per
2613 866 2847 921 infestos
2894 864 3131 920 subinde
3188 866 3431 921 hostium

1852 975 2060 1016 cuneos
2104 961 2283 1030 iisque
2331 958 2571 1029 fatigati,
2620 958 2674 1012 in
2730 958 2994 1012 “ornante
3038 957 3266 1013 ditionis
3311 961 3432 1015 loca

1851 1069 2099 1108 εγτιςοτο.

1924 1146 2015 1201 25.
2064 1146 2145 1200 Ad
2170 1161 2232 1199 ea
2259 1156 2504 1216 tempora
2538 1144 2687 1198 venit
2725 1144 2778 1198 in
2804 1144 2995 1199 urbem
3020 1161 3049 1198 a
3074 1145 3249 1201 Tarso
3277 1160 3435 1199 com-

1854 1238 2178 1295 mutationis
2216 1254 2378 1294 causa
2412 1255 2581 1294 senex
2638 1237 2945 1293 Abalbaces
2973 1247 3030 1292 et
3062 1238 3314 1292 Santona:
3341 1254 3436 1307 pa-

1855 1342 1958 1387 ter.
1992 1332 2248 1402 Acceptis
2281 1331 2584 1401 imperator
2619 1330 2771 1385 omni
2813 1329 3153 1384 humanitate
3188 1330 3438 1384 ecclesia:

1851 1441 2108 1484 ornatum
2156 1444 2376 1482 omnem
2424 1427 2701 1491 ostendit,
2741 1423 2888 1479 haud
2932 1432 3084 1477 certe
3121 1420 3437 1476 Christiano

1854 1522 1987 1584 ritu,
2018 1537 2117 1590 per
2154 1535 2317 1589 quem
2346 1534 2375 1570 a
2407 1516 2514 1572 lide
2549 1516 2832 1570 extraneis
2874 1528 3028 1568 sacra
3066 1511 3159 1565 Dei
3192 1525 3318 1564 vasa
3353 1509 3439 1562 vi-

1854 1613 1987 1668 dere
2053 1612 2198 1666 hami
2250 1610 2535 1665 convenit.
2583 1608 2834 1661 Samon-.e
2883 1605 3024 1675 patri
3072 1604 3290 1656 animus
3334 1602 3438 1656 fuit

1854 1700 2245 1755 morandiculn
2269 1697 2380 1751 (ilio
2412 1712 2515 1751 nec
2551 1696 2605 1750 iu
2635 1694 2848 1765 Syriam
2882 1691 3218 1757 revertendi.
3244 1690 3435 1745 Enim-

1856 1806 1986 1845 vero
2022 1791 2346 1845 dehortatus
2381 1796 2468 1843 est
2507 1787 2806 1847 Samonas,
2851 1785 3076 1853 aitque:
3121 1781 3254 1834 Tene
3275 1779 3434 1848 ﬁdem

1857 1894 2048 1939 tuam:
2086 1900 2179 1954 ego
2211 1884 2415 1955 potius,
2466 1882 2512 1934 si
2544 1896 2636 1950 per
2669 1878 2979 1948 facultatem
3002 1875 3244 1939 licuerit,
3286 1873 3357 1928 ad
3387 1880 3437 1925 te

1858 1991 2099 2046 pergam.

1924 2066 2015 2121 24.
2058 2063 2276 2134 Imperii
2320 2062 2522 2118 Leonis
2558 2075 2702 2114 anno
2756 2057 3026 2129 vigesimo
3071 2056 3290 2126 quinto.
3345 2054 3435 2108 die

1855 2170 2046 2218 sancto
2085 2162 2459 2222 Pentecostes,
2510 2158 2672 2228 712
2715 2164 2944 2211 coronat
2988 2154 3100 2209 Leo
3140 2153 3436 2220 imperator

1854 2251 2277 2308 Constantinum
2310 2250 2482 2303 lilium
2506 2264 2668 2303 suum
2703 2247 2757 2300 in
2793 2245 3075 2317 porphyra
3112 2252 3301 2297 natum
3340 2258 3438 2309 per

1856 2341 2210 2413 Euthymium
2238 2340 2630 2409 patriarcham.
2667 2336 2829 2393 Dedit
2856 2352 2987 2389 vero
3010 2332 3405 2388 Samonastloa

1857 2434 2162 2489 stantinum
2203 2433 2485 2486 hominem
2526 2446 2710 2493 suum,
2759 2428 2854 2499 qui
2898 2429 3051 2498 prius
3082 2424 3284 2480 Basilio
3324 2438 3437 2475 ina-

1855 2528 2026 2597 gistro
2063 2543 2128 2582 ac
2147 2526 2378 2581 canit-lci
2420 2523 2680 2593 ιιι-πίθοιο
2712 2523 2767 2576 in
2804 2518 3114 2575 ministerio
3143 2517 3345 2578 fuerat,
3381 2514 3434 2566 in

1853 2620 1990 2672 Zoes
2037 2619 2294 2687 Augusta:
2345 2613 2695 2683 obsequium.
2747 2610 2849 2666 llic
2901 2610 3061 2679 longe
3115 2604 3438 2661 carissimus

1856 2709 2023 2764 Leoni
2060 2708 2377 2778 imperatori
2418 2722 2483 2761 ac
2530 2706 2790 2774 Augusta:
2827 2701 3006 2757 factus
3066 2708 3170 2755 est.
3232 2696 3436 2763 Quatn.

1853 2802 2045 2857 obrem
2070 2800 2277 2870 ingenti
2310 2800 2365 2854 in
2391 2814 2518 2853 eum
2552 2796 2758 2852 invidia
2786 2794 3047 2848 incensus
3073 2790 3336 2846 Samonas
3356 2784 3437 2841 rei

1853 2906 2132 2946 eumeum
2181 2891 2427 2960 Augusta
2475 2884 2795 2943 secretioris
2847 2891 3090 2937 accusat.
3126 2881 3437 2948 Veramque

1854 2985 2263 3039 accusationem
2298 2983 2613 3051 suspicatus
2650 2979 2781 3036 Leo.
2816 2976 3046 3047 gratiam
3079 2973 3329 3029 Samona:
3354 2972 3437 3025 la-

1854 3087 2067 3141 cturus,
2097 3075 2525 3131 Constantinum
2566 3073 2621 3127 in
2654 3072 2708 3126 S.
2735 3069 2945 3124 Tarasii
2981 3082 3195 3123 comam
3232 3080 3437 3135 ponere

162 3157 433 3212 λαϐέσθαι
466 3158 631 3212 αὑτὸν
669 3160 729 3212 ιν
770 3161 838 3229 τῇ
887 3163 1025 3231 μονῇ
1064 3161 1132 3215 τὰ
1174 3163 1400 3234 Σπεῖρα,
1429 3164 1752 3236 βουλόμενος

1857 3170 2026 3241 iubet.
2070 3169 2227 3223 Brevi
2268 3179 2452 3223 autem
2510 3175 2633 3235 post
2686 3166 2939 3219 Santones
2990 3160 3253 3230 praecepit
3286 3166 3348 3211 ut
3382 3157 3436 3209 in

163 3251 335 3303 πάλιν
354 3248 723 3304 ἀναλαϐέσθαι
746 3252 929 3307 αὐτόν.
949 3253 1224 3307 Ἀπελοὼν
1241 3254 1335 3309 οὑν
1354 3258 1382 3308 6
1406 3257 1659 3327 βασιλεὺς
1675 3265 1755 3325 είς

164 3341 477 3411 πρέκενσον
516 3341 576 3393 ὲν
601 3339 678 3411 τῷ
727 3342 1011 3413 Δαματρὺ,
1046 3346 1136 3396 καὶ
1167 3346 1224 3397 ὲν
1264 3350 1329 3417 τῇ
1362 3352 1497 3419 μονῇ
1528 3350 1620 3403 τοῦ
1654 3354 1756 3404 Σα-

166 3435 330 3502 μωνᾶ
366 3433 693 3504 ἀριστήσας,
726 3429 833 3487 εἶδε
869 3434 960 3488 τὸν
999 3437 1430 3495 Κωνσταντίνον.
1471 3444 1578 3496 Kal.
1608 3463 1753 3514 παρ-

162 3526 302 3580 ευθὺ
351 3525 555 3597 ὥρισεν
600 3527 692 3579 τὸν
740 3527 1033 3597 Σαμωνᾶν,
1066 3532 1163 3583 καὶ
1190 3531 1435 3586 ἐνέδυσεν
1473 3537 1634 3591 αὑτὸν
1664 3556 1755 3591 κο-

163 3619 371 3688 ομικὰ,
425 3620 520 3671 καὶ
572 3619 802 3688 ἱκέρασε
853 3620 932 3690 τῷ
994 3619 1203 3690 βασιλεί
1246 3624 1326 3686 είς
1360 3625 1419 3678 τὸ
1450 3625 1752 3697 κλητόρων,

165 3711 255 3785 [Ρ.
284 3710 334 3764 ιι
359 3709 421 3783 9]
439 3713 534 3764 καὶ
571 3710 880 3782 ὑπέστρεψε
910 3712 1051 3782 μετᾶ
1084 3713 1259 3769 ταῦτα
1288 3716 1345 3768 ἐν
1375 3715 1452 3786 τῷ
1487 3718 1751 3789 παλατίῳ.

165 3803 281 3855 Καὶ
321 3802 487 3855 πάλιν
507 3800 783 3868 φθονεῖται
815 3803 1223 3868 κωνσταντῖνος
1251 3806 1355 3859 ὑπὺ
1394 3807 1489 3861 τοῦ
1520 3810 1757 3880 Σαμωνᾶ

162 3896 256 3948 δια
290 3895 396 3966 τὴν
434 3894 569 3964 πρὸς
613 3894 776 3947 αὑτὸν
805 3896 1029 3967 ἀγάπην
1060 3897 1154 3950 τοῦ
1187 3898 1477 3968 βασιλέως,
1505 3904 1596 3955 καὶ
1629 3903 1754 3973 βου-

163 3990 220 4040 λε
233 3987 393 4043 ὑεται
424 3988 564 4058 μετὰ
594 3988 686 4041 τοῦ
738 3988 1070 4059 Τζιρίθωνος
1100 3991 1195 4044 καὶ
1240 3991 1418 4046 ἄλλων
1446 3995 1627 4057 τινῶν,
1663 3998 1756 4050 καὶ

164 4080 392 4133 ποιοῦσι
441 4081 652 4150 χάρτην
696 4082 1076 4153 πολυλοίδορον
1132 4085 1274 4140 κατὰ
1322 4086 1415 4138 τοῦ
1471 4088 1754 4157 βασιλέως,

166 4175 492 4244 γράψαντος
522 4175 619 4227 καὶ
670 4174 1031 4240 συντάξαντος
1060 4178 1225 4231 αὑτὸν
1256 4180 1351 4232 τοῦ
1412 4180 1636 4243 Ῥοδίου,
1673 4201 1758 4235 vo-

165 4269 367 4336 ταρξου
390 4265 545 4326 ὄντος
570 4263 665 4318 τοῦ
694 4266 949 4337 Σαμωνᾱ.
988 4268 1265 4334 Ἐλθόντος
1285 4271 1343 4324 δὲ
1372 4272 1465 4326 τοῦ
1493 4272 1757 4343 βασιλέως

167 4362 226 4410 ἐν
272 4362 342 4428 τῇ
386 4359 618 4430 Μεγάλῃ
654 4359 939 4431 ἐκκλησίᾳ,
969 4360 1192 4431 ἔρριψεν
1221 4362 1385 4415 αὑτὸν
1407 4365 1464 4415 ἐν
1492 4365 1570 4436 τῷ
1600 4384 1757 4435 μιτα-

162 4448 443 4519 τωρικίῳ.
459 4447 649 4517 Εὑρὼν
675 4447 769 4501 οὑν
788 4451 951 4503 αὑτὸν
967 4454 995 4503 ὁ
1017 4452 1271 4520 βασιλεὺς
1298 4455 1391 4506 καὶ
1410 4456 1674 4523 ἀναγνοὺς
1699 4459 1756 4509 ἐν

1856 3262 2189 3319 monasterio
2226 3277 2351 3327 suo,
2387 3260 2531 3329 quod
2586 3258 2743 3327 Spira
2784 3263 3005 3316 vocant,
3032 3266 3158 3305 eum
3186 3249 3435 3317 recipiat,

1856 3355 2048 3409 volens
2070 3355 2249 3423 ipsum
2289 3352 2343 3405 in
2372 3350 2611 3403 cilicium
2639 3348 2924 3401 reducere.
2952 3345 3220 3411 Egressus
3251 3341 3437 3407 itaque

1857 3444 2175 3513 imperator,
2209 3442 2507 3510 habitoque
2558 3454 2817 3507 processu
2853 3435 2917 3488 ad
2944 3435 3317 3502 Datuatryum,
3357 3437 3440 3483 at-

1856 3552 1963 3607 que
2014 3536 2067 3589 in
2118 3534 2368 3589 Samonm
2426 3530 2769 3585 monasterio
2819 3540 3081 3596 pransus,
3123 3521 3440 3577 Constanti-

1857 3646 1988 3684 num
2015 3628 2184 3692 vidit;
2215 3627 2511 3693 statimque
2536 3623 2784 3678 Samona:
2802 3618 3129 3689 praecipiens
3149 3614 3440 3668 seculares

1857 3741 1981 3781 cum
2038 3732 2221 3778 vestes
2265 3720 2488 3781 induit;
2543 3716 2874 3784 miscuitque
2920 3710 3236 3781 imperatori
3296 3708 3440 3761 inter

1855 3815 2067 3886 epulas.
2102 3828 2167 3866 ac
2193 3819 2380 3880 postea
2412 3809 2466 3862 in
2494 3807 2755 3877 palatium
2788 3816 3045 3857 reversus
3062 3810 3164 3853 est.
3197 3798 3442 3852 Rursus-

1856 3923 1963 3979 que
1991 3905 2288 3961 inardescit
2330 3902 2581 3957 Samoua:
2615 3897 2845 3958 invidia,
2876 3910 2983 3965 qua
3017 3891 3439 3949 Constantinum

1858 4002 2160 4071 imperator
2176 3994 2615 4067 prosequebatur
2644 3988 3050 4046 benevolentia.
3081 3985 3440 4053 Consilioque

1858 4106 1985 4147 cum
2039 4089 2363 4144 Tziritbone
2400 4102 2465 4141 ac
2502 4082 2836 4157 quibusdam
2884 4079 3007 4135 aliis
3053 4078 3191 4132 inito
3220 4116 3235 4140 ,
3280 4077 3441 4144 longe

1860 4182 2126 4240 lamosam
2177 4181 2508 4249 plenamque
2563 4174 2830 4232 conviciis
2878 4170 3143 4224 adversus
3202 4169 3441 4235 impera-

1865 4289 2038 4334 torem
2074 4275 2320 4329 chartam
2359 4280 2610 4332 exarant,
2663 4266 3053 4323 conscribente
3095 4278 3160 4317 ac
3208 4275 3437 4328 compo-

1861 4379 2027 4426 nente
2072 4367 2290 4422 Rhodio
2321 4365 2571 4419 Samona-
2603 4360 2852 4423 notario;
2902 4372 3065 4426 quam
3111 4355 3439 4422 imperatore

1862 4463 1929 4517 ad
1963 4461 2221 4529 Maiorem
2259 4456 2549 4512 ecclesiam
2572 4453 2829 4507 veniente
2859 4450 2913 4503 in
2942 4446 3288 4502 ll'letatoricio
3314 4458 3441 4509 pro-

168 4539 394 4610 μεγά).ῃ
425 4538 599 4608 θλίψει
622 4534 713 4611 ἦν,
738 4540 919 4609 ζητῶν
952 4542 1044 4595 τὸν
1071 4542 1231 4597 τοῦτο
1285 4546 1607 4617 ποιήσαντα.
1658 4549 1753 4603 Γέ-

1857 4554 2007 4625 jecit.
2046 4526 2298 4606 ‘0ﬂ'cuso
2348 4548 2649 4616 imperator
2701 4543 2959 4609 lectoque
3012 4537 3234 4599 libello,
3272 4535 3438 4587 etiam

164 4648 296 4699 γονε
326 4631 385 4683 δὲ
423 4630 538 4682 τότε
568 4630 808 4700 ἔκλειψις
839 4633 1091 4704 σελήνης,
1123 4637 1218 4689 καὶ
1247 4638 1535 4707 διωρίσατο
1555 4642 1583 4693 6
1606 4642 1759 4712 βασι-

165 4722 296 4783 λεὺς
328 4722 446 4783 τοῖς
466 4721 584 4773 τότε
614 4722 974 4793 ἀστρονόμοις
1014 4728 1192 4779 εἰπεῖν
1231 4729 1595 4801 ἀποτέλεσμα,
1630 4734 1759 4785 Εἰσ-

165 4812 474 4882 ερχόμενος
521 4811 576 4863 δὲ
621 4813 650 4864 6
701 4812 1023 4866 Πανταλέων
1048 4818 1454 4887 μητροπολίτης
1494 4820 1629 4891 πρὸς
1668 4822 1758 4874 τὸν

166 4904 431 4973 βασιλέα,
459 4900 747 4973 ἠρώτησεν
766 4905 928 4958 αὑτὸν
962 4906 1225 4977 Σαμωνᾶς
1246 4925 1260 4939 °
1294 4912 1398 4976 Εἰς
1426 4913 1557 4964 τίνα
1588 4913 1761 4968 ἐστίν

165 4993 205 5062 ἠ
236 4994 553 5059 xdxumc;
593 4993 651 5046 '0
682 4993 738 5047 δὲ
772 4992 877 5064 ἔφη
899 5015 911 5027 ⁸
971 5000 1075 5062 Εἰς
1101 4997 1176 5051 σέ
1201 5014 1216 5029 ο
1261 5002 1359 5053 καὶ
1404 5001 1511 5055 ἐὰν
1546 5000 1754 5072 διέλθῃ

180 5086 454 5140 Ἰουνίου
508 5090 598 5153 ιγ’,
632 5084 838 5138 ἔκτοτε
887 5087 1069 5140 οὐδὲν
1098 5091 1280 5157 πείσῃ
1313 5094 1522 5147 κακόν.
1556 5093 1645 5164 Τῷ
1699 5094 1755 5148 δὲ

168 5175 396 5249 βασιλεῖ
456 5171 611 5230 εἶπεν
645 5179 724 5240 είς
779 5177 872 5232 τὸν
902 5179 1156 5251 δεύτερον
1207 5181 1352 5251 ἔχειν
1385 5186 1483 5257 τὴν
1515 5187 1757 5241 κάκωσιν

168 5274 271 5341 τῆς
300 5270 558 5341 σελήνης.
592 5270 649 5322 ’0
680 5270 737 5323 δὲ
768 5270 1020 5340 βασιλεὺς
1050 5273 1289 5327 ὑπέλαϐε
1317 5275 1476 5329 τοῦτο
1505 5278 1584 5339 είς
1606 5275 1757 5329 Ἀλέ-

167 5366 414 5435 ξανδρον
471 5365 564 5416 τὸν
620 5364 789 5417 αὑτοῦ
820 5364 1072 5434 ἀδελφόν.
1113 5367 1270 5421 Μετὰ
1309 5366 1468 5421 τοῦτο
1497 5368 1553 5421 δὲ
1615 5369 1759 5432 ἰδίως

166 5462 197 5512 ὁ
228 5454 517 5525 Τζιρὶοων
555 5454 633 5524 τῷ
662 5454 871 5526 βασιλεῖ
896 5452 1051 5510 εἶπεν
1080 5457 1161 5510 ὃτι
1188 5460 1216 5511 6
1245 5458 1510 5528 Σαμωνᾶς
1542 5460 1760 5528 ἐποίησε

166 5553 232 5603 τὸ
274 5548 590 5603 πιττάκιον.
627 5549 736 5602 Καὶ
767 5548 928 5613 εὐθὺς
962 5550 1327 5616 καταϐιϐάζει
1368 5552 1459 5605 τὸν
1496 5552 1764 5620 Σαμωνᾶν

169 5646 251 5705 εἰς
287 5641 388 5693 τὸν
416 5636 564 5692 οἷκον
594 5638 759 5692 αὑτοῦ
812 5642 907 5692 καὶ
936 5642 1081 5692 ποιεῖ
1116 5640 1371 5710 μοναχὸν,
1408 5636 1526 5693 εἶτα
1557 5642 1762 5708 ἀπάγει

170 5739 254 5798 εἰς
285 5733 389 5802 τὴν
425 5732 593 5803 μονὴν
632 5730 903 5802 Εὑθυμίου
935 5731 1030 5785 τοῦ
1062 5736 1426 5804 πατριάρχου.
1461 5734 1571 5787 Καὶ
1601 5734 1759 5787 πάλιν

168 5824 564 5895 λιδιδορηοέντα
618 5823 923 5893 ἀπάγουσιν
961 5827 1040 5889 εἰς
1102 5826 1199 5896 τὴν
1240 5824 1329 5878 τοῦ
1383 5823 1759 5895 Μαρτινακίου

1859 4652 2026 4712 atque
2060 4639 2225 4693 etiam
2249 4636 2418 4692 animi
2454 4633 2650 4690 anxius
2676 4632 2983 4696 dolensque
3015 4629 3135 4697 ejus
3158 4638 3438 4679 auctorem

1861 4732 2197 4803 inquirebat.
2225 4728 2469 4799 Contigit
2496 4742 2629 4780 vero
2655 4733 2786 4778 tunc
2811 4723 2998 4776 lunam
3030 4720 3301 4793 deiicere;
3326 4727 3439 4770 sta-

1862 4826 2077 4894 tuitque
2130 4823 2434 4890 imperator
2484 4828 2834 4873 astronomos
2864 4854 2878 4875 ,
2928 4812 3022 4881 qui
3068 4820 3185 4864 tum
3216 4810 3270 4862 in
3304 4808 3441 4861 urhc

1861 4913 2195 4984 erant,quid
2228 4912 2448 4966 tandem
2488 4908 2795 4977 deliquium
2846 4905 2980 4959 illud
3021 4901 3182 4973 713
3220 4910 3442 4971 proten-

1863 5009 2044 5069 deret,
2098 5005 2303 5058 dicere.
2338 5003 2591 5071 lngresso
2627 5007 2815 5053 autem
2853 4991 3189 5049 Pantale'one
3229 4996 3440 5042 metro-

1864 5102 2031 5172 polita
2062 5098 2129 5154 ad
2161 5098 2574 5165 imperatorem.
2602 5090 2881 5163 quaerebat
2908 5102 2973 5140 ex
2997 5102 3065 5141 eo
3091 5084 3353 5138 Samonas
3382 5081 3437 5133 in

1863 5204 2027 5259 quem
2059 5186 2304 5240 maleﬁca
2336 5185 2419 5238 vis
2448 5181 2778 5236 intenderet.
2812 5178 2912 5233 Cui
2946 5178 3035 5230 ille
3061 5193 3074 5229 :
3115 5175 3177 5227 In
3206 5182 3254 5225 te
3282 5172 3440 5224 uimi-

1865 5300 2003 5336 rum.
2051 5280 2124 5335 Ac
2164 5278 2424 5348 siquidem
2460 5277 2616 5329 tertia
2648 5274 2849 5327 decima
2878 5271 3026 5324 Junii
3068 5268 3259 5323 mensis
3291 5273 3441 5318 trau-

1862 5374 2032 5435 sierit,
2068 5369 2201 5425 nihil
2240 5370 2476 5439 deinceps
2500 5368 2714 5439 gravius
2756 5362 2992 5436 patieris.
3042 5359 3213 5414 Leoni
3257 5366 3441 5410 autem

1866 5463 2182 5535 imperatori
2229 5462 2367 5517 dixit
2410 5462 2555 5515 lunze
2603 5457 2935 5513 maleﬁcium
2993 5469 3121 5508 eum
3166 5450 3442 5519 respicere

1864 5556 1958 5625 qui
1983 5551 2261 5608 secundus
2297 5553 2350 5606 in
2388 5550 2670 5621 republica
2727 5549 2993 5611 exsistat;
3028 5545 3172 5614 quod
3207 5543 3443 5609 impera-

1867 5657 1952 5699 tor
1981 5644 2047 5699 de
2078 5646 2246 5697 fratre
2276 5659 2377 5697 suo
2424 5642 2734 5695 Alexandro
2764 5637 2994 5706 accepit.
3031 5637 3223 5689 Postea
3266 5631 3443 5686 'l‘ziri-

1871 5736 1964 5788 tho
1997 5734 2164 5789 Leoni
2198 5748 2447 5787 seorsum
2472 5732 2607 5785 dixit
2631 5731 2926 5785 Satncnam
2961 5727 3133 5782 libelli
3161 5736 3443 5779 auctorem

1865 5841 2008 5881 esse.
2090 5826 2398 5897 Statimque
2447 5824 2620 5894 gradu
2660 5823 2934 5897 dejectum
2980 5822 3037 5875 in
3077 5819 3251 5892 ipsius
3297 5817 3445 5874 aedes
