4174 6442
802 367 908 430 773

2050 380 2433 443 SYMEUNIS
2473 383 2841 443 MAGISTRI

3955 396 4061 454 775

802 479 1017 549 ablegat
1070 496 1131 535 ac
1173 482 1302 538 facit
1350 487 1699 541 monachum.
1768 490 1973 544 Exinde
1994 493 2062 546 ad
2094 494 2363 565 Euthymii

2481 497 2671 563 μονήν.
2704 495 3075 560 Καταϐιϐἀζει
3105 495 3199 552 οὖν
3247 500 3339 554 τὴν
3380 502 3664 571 Σαμωνᾶν,
3699 504 3873 555 ποιῶν
3906 507 4061 557 Κων-

802 575 1128 641 patriarchzc
1184 580 1582 633 monasterium
1613 582 1840 635 abducit
1870 601 1884 648 ;
1922 600 1986 638 ac
2018 601 2212 640 rursus
2240 603 2366 641 con

800 665 937 718 vicia
994 666 1291 733 jactantem
1353 671 1419 723 ad
1473 670 1779 726 Martinacii
1832 678 2226 733 monasterium
2266 689 2373 731 trn-

798 754 959 809 hunt.
1015 757 1248 814 Samona
1283 777 1415 831 ergo
1455 762 1524 815 ab
1549 762 1728 817 ollicio
1764 777 1949 820 amoto
1977 767 2374 823 Constantinus

798 849 1083 903 accubitor
1110 852 1406 918 przeiicitnr
1425 871 1438 918 ;
1458 856 1545 908 cui
1565 855 1673 910 Leo
1700 855 1754 910 in
1774 858 1952 914 Nosiis
1980 861 2371 914 monasterium

2480 591 2758 640 σταντίνον
2795 591 3295 661 παρακοιμώμενον
3320 610 3333 623 ·
3373 594 3467 646 καὶ
3502 596 3675 658 κτίζει
3709 597 3862 665 αὐτῷ
3892 599 4059 666 μονὴν

2480 680 2538 731 ὲν
2568 679 2811 742 Νοσιαϊς,
2856 680 2951 732 καὶ
2986 682 3235 735 ἀπελθὼν
3278 686 3414 752 μετὰ
3458 686 3728 754 Εὑθυμίου
3788 691 4059 757 nepti?-

2479 786 2575 840 χου
2624 770 2923 837 ὲγκαινίζει
2952 774 3143 843 αὑτήν.
3182 776 3367 840 Ἀξιὸν
3396 776 3453 829 δὲ
3502 777 3656 844 ὀλίγα
3688 780 3885 844 εἰπεῖν,
3922 780 4058 848 ποίῳ

2479 863 2668 932 τρόπῳ
2710 865 2743 931 ἡ
2773 864 2915 933 μονὴ
2940 864 3049 916 τῶν
3081 866 3292 919 Νοσιῶν
3329 867 3592 923 ἔκτισται.

794 942 1065 1001 exstruit:
1109 945 1493 1015 profectusque
1540 964 1663 1003 cum
1721 951 2013 1023 Euthymio
2055 955 2368 1023 patriarcha
2402 954 2549 1009 illius
2607 957 2852 1011 enczenia
2902 960 3141 1028 peragit.
3197 958 3352 1014 Haud
3394 978 3527 1017 vero
3575 965 3817 1019 alienum
3888 983 4055 1035 pauca

796 1037 1002 1096 dicere,
1050 1046 1107 1087 ut
1153 1038 1492 1106 explicemus
1525 1058 1632 1110 qua
1668 1044 1888 1098 demum
1920 1048 2131 1101 ratione
2168 1048 2454 1102 Nosiarum
2484 1050 2876 1103 monasterium
2916 1051 3198 1103 conditum
3246 1052 3341 1105 sit.

868 1129 957 1182 25.
1022 1129 1227 1184 Habuit
1273 1132 1673 1191 Constantinus
1716 1148 1926 1207 patrem
1974 1157 2161 1195 senem
2191 1144 2371 1195 virum

796 1218 1111 1285 religiosum
1148 1235 1211 1274 ac
1248 1222 1527 1277 timentem
1553 1226 1746 1281 Deum.
1784 1229 1923 1284 Huic
1954 1231 2007 1285 in
2038 1234 2229 1287 eodem
2253 1235 2371 1303 ipso

794 1307 1084 1364 Nosiarum
1120 1312 1242 1366 loco
1273 1315 1529 1384 exiguum
1565 1318 1632 1371 ad
1660 1336 1808 1375 mare
1837 1323 2216 1379 suburbanum
2252 1336 2371 1381 erat

793 1416 859 1456 ac
883 1412 1047 1457 tenue
1083 1403 1242 1472 plane
1272 1407 1637 1475 praediolum;
1683 1410 1871 1481 inquo
1906 1425 1960 1468 et
1984 1430 2126 1485 aqua
2160 1433 2280 1471 sese
2313 1419 2366 1472 in

793 1498 1060 1551 concham
1100 1499 1390 1557 eﬂ‘undens
1422 1504 1663 1560 viatores
1695 1508 1857 1563 latice
1889 1512 2189 1565 recreabat.
2227 1512 2371 1567 Con-

794 1587 917 1657 tigit
959 1605 1092 1643 vero
1139 1592 1365 1647 militem
1392 1594 1458 1647 ad
1489 1612 1607 1649 eam
1635 1613 1830 1668 aquam
1866 1602 2126 1666 transire,
2163 1603 2368 1673 sitique

793 1675 1005 1739 sedata,
1025 1680 1323 1748 quosjusto
1352 1681 1536 1737 labore
1564 1701 1819 1741 nummos
1847 1690 2158 1756 quaesierat.
2191 1692 2368 1746 eilun-

2548 1139 2644 1194 κε’.
2677 1133 2849 1205 ύῦτος
2884 1144 2911 1196 6
2949 1145 3361 1207 Κωνσταντῖνος
3401 1139 3513 1214 εἶχε
3556 1146 3771 1216 πατέρα
3821 1148 4055 1217 γέροντα

2476 1231 2678 1303 εὐλαϐῆ
2711 1234 2805 1285 καὶ
2831 1234 3168 1303 φοϐούμενον
3192 1233 3281 1287 τὸν
3318 1234 3472 1300 Θεὸν,
3506 1235 3564 1299 ὃς
3594 1238 3688 1289 καὶ
3712 1239 3773 1289 ὲν
3798 1239 3953 1309 αὐτῷ
3981 1240 4053 1307 τῷ

2472 1323 2623 1393 τόπῳ
2677 1322 2787 1375 τῶν
2825 1324 3037 1377 Νοσιῶν
3094 1326 3462 1397 προαστίτζην
3500 1326 3764 1396 ἐκέκτητο
3818 1330 3961 1399 πρὸς
3989 1335 4052 1399 τῇ

2474 1414 2717 1486 θαλάσσῃ
2748 1416 2888 1469 πάνυ
2922 1417 3139 1487 μικρὸν,
3174 1419 3231 1469 ὲν
3263 1410 3307 1485 ᾧ
3331 1420 3425 1469 καὶ
3459 1418 3600 1491 ὕδωρ
3628 1421 3719 1473 ἐπὶ
3750 1421 4052 1493 δεξαμενὴν

2470 1503 2720 1557 ὲκὸαλὼν
2752 1507 2866 1569 τοῖς
2903 1506 3105 1569 ὁδίταις
3149 1507 3322 1562 ἐποίει
3355 1510 3710 1580 παραψυχήν.
3758 1511 3851 1564 Ἐν
3881 1517 4052 1584 τούτῳ

2469 1597 2547 1668 τῷ
2581 1595 2733 1650 ὕδατι
2758 1597 2956 1669 συνέϐη
2985 1599 3327 1669 στρατιώτην
3356 1600 3688 1671 διέρχεσθαι,
3710 1605 3808 1656 καὶ
3841 1607 4051 1675 ἁναψύ-

2473 1688 2637 1754 ξαντα
2691 1689 2940 1742 ὲκδαλείν
2974 1692 3117 1761 ειπερ
3148 1693 3211 1744 ὲκ
3240 1693 3453 1746 δικαίου
3494 1696 3662 1765 πόρου
3710 1692 3862 1765 εἶχεν
3903 1717 4051 1767 νομι-

794 1767 929 1822 (lere
960 1785 1023 1823 ac
1054 1786 1238 1824 secum
1297 1786 1654 1843 computare:
1698 1789 1855 1834 erant
1904 1792 2084 1837 autem
2133 1785 2199 1838 ad
2246 1787 2363 1841 auri

2479 1779 2720 1849 σμάτων,
2762 1780 2854 1833 καὶ
2884 1755 3189 1852 ἀριθμῆσαι
3240 1784 3413 1837 αὑτά·
3459 1755 3724 1856 καὶ-ἦσαν
3747 1755 3831 1850 sic
3865 1755 4055 1857 λίτρας

794 1867 912 1913 tres
943 1860 1129 1916 libras.
1180 1863 1335 1917 Tunc
1374 1881 1628 1936 surgens,
1665 1880 1723 1922 ut
1761 1870 1871 1926 fere
1922 1872 2000 1934 ﬁt,
2038 1889 2369 1931 conscenso.

794 1967 905 2020 que
956 1969 1101 2021 equo
1135 1955 1269 2009 abiit
1300 1969 1480 2027 empto
1544 1959 1784 2026 itinere,
1832 1967 2060 2033 pecunia
2103 1968 2214 2023 illic
2262 1970 2366 2025 loci

795 2044 1004 2098 relicta.
1039 2047 1201 2118 714
1222 2047 1398 2103 Senex
1436 2052 1640 2121 itaque,
1673 2057 1750 2109 nti
1785 2058 1952 2111 moris
1980 2070 2119 2123 erat,
2158 2078 2277 2115 sese
2300 2064 2366 2117 ad

792 2136 1059 2190 concham
1106 2139 1339 2203 confert,
1379 2157 1621 2212 auroque
1649 2144 1870 2201 invento
1902 2149 2022 2218 ejus
2046 2153 2138 2219 qui
2168 2153 2369 2209 amise-

792 2238 879 2281 rat
900 2244 1135 2284 maerore
1176 2231 1289 2301 ipse
1315 2232 1567 2289 adicitur.
1616 2238 1817 2292 Verum
1848 2242 1992 2309 apud
2031 2258 2087 2297 se
2120 2260 2364 2307 servans.

794 2334 906 2373 non
931 2322 1182 2376 cessabat
1220 2333 1353 2392 quot
1380 2327 1637 2382 noctibus
1662 2344 1689 2381 a
1724 2330 1836 2386 Deo
1870 2332 2172 2403 eﬂlagitans
2196 2339 2366 2405 utqui

792 2409 1061 2480 iacturam
1105 2410 1332 2477 iecerat,
1366 2429 1462 2469 sua
1514 2418 1735 2473 tandem
1786 2432 2111 2492 recepturus
2138 2426 2365 2481 rediret.

791 2500 1066 2557 Cancrum
1112 2504 1273 2560 miles
1322 2507 1413 2561 ubi
1448 2508 1556 2577 jam
1599 2510 1757 2580 Pylas
1812 2517 2212 2579 transmiserat,
2242 2534 2367 2572 cum

794 2592 874 2649 illi
912 2595 967 2648 in
1000 2605 1237 2651 mentem
1268 2600 1627 2667 pecuniarum
1655 2605 1917 2667 venisset.
1950 2623 2051 2662 nec
2079 2610 2208 2677 quid
2235 2627 2369 2679 pra:-

792 2693 882 2741 sto
917 2702 1056 2756 opus
1082 2686 1159 2741 illi
1198 2701 1566 2755 succurreret,
1592 2692 1697 2749 iter
1729 2696 1901 2751 tristis
1931 2698 2144 2767 agebat.
2182 2700 2368 2755 Tertio

793 2787 977 2833 autem
1008 2790 1133 2850 post
1161 2798 1308 2836 anno
1347 2784 1414 2837 ad
1446 2784 1737 2841 Nosiarum
1771 2788 1951 2843 locum
1983 2792 2151 2857 venit,
2192 2809 2367 2863 equo-

790 2881 899 2936 que
931 2869 1289 2935 exscendens,
1337 2871 1430 2926 illo
1474 2883 1659 2943 potato
1687 2876 1803 2946 ipse
1832 2893 2052 2949 quoque
2085 2881 2245 2945 bibit,
2281 2899 2366 2937 se-

791 2953 985 3024 ditque
1030 2958 1465 3027 cogitabundus,
1505 2977 1569 3017 ac
1607 2964 1717 3018 alto
1740 2965 1907 3021 ducto
1946 2970 2221 3039 suspirio:
2272 2972 2367 3026 Hic

792 3063 977 3116 nempe
1006 3049 1126 3113 loci,
1182 3051 1383 3117 aiebat,
1423 3055 1544 3107 vita:
1572 3070 1780 3110 omnem
1809 3071 2154 3115 commeatum
2187 3065 2362 3118 amisi.

792 3137 1032 3192 lnaudiit
1058 3143 1393 3197 venerabilis
1425 3159 1614 3208 senex,
1640 3162 1705 3201 ac
1734 3149 1865 3217 quid
1898 3151 2002 3206 hoc
2035 3164 2181 3207 esset
2215 3156 2361 3224 quod

791 3228 1066 3284 acciderat
1099 3231 1478 3303 interrogavit.
1524 3235 1623 3290 Cui
1663 3237 1752 3291 ille
1780 3255 1795 3291 :
1836 3240 1932 3294 Hic
1951 3259 2079 3311 quos
2112 3246 2363 3299 habebam

790 3336 1034 3375 nummos
1072 3339 1327 3393 omneque
1352 3326 1614 3395 peculium
1647 3331 1831 3394 amisi;
1875 3334 2170 3404 statimque
2198 3338 2362 3392 etiam

809 3427 973 3467 ocum
1031 3414 1313 3477 ostendit.
1368 3412 1742 3489 marsu'piique
1806 3423 2083 3493 signacula
2127 3442 2189 3481 ac
2242 3431 2361 3484 auri

789 3503 1153 3573 quantitatem
1197 3505 1389 3561 edixit.
1447 3510 1573 3563 Mox
1610 3510 1774 3565 homo
1810 3514 1904 3567 Dei
1940 3530 2206 3571 summam
2238 3521 2361 3577 sinu

787 3594 1049 3658 extrahit,
1068 3596 1253 3667 aitque
1282 3614 1296 3651 :
1324 3597 1467 3653 Num
1490 3602 1583 3654 hoc
1612 3606 1878 3673 cognoscis
1902 3608 1927 3661 ?
1953 3608 2048 3661 Ille
2079 3625 2234 3671 vero.
2269 3612 2363 3667 diu

787 3686 991 3756 gaudio
1020 3703 1314 3758 suppressa
1357 3706 1512 3756 voce,
1552 3694 1643 3748 vix
1670 3696 1926 3752 tandem:
1961 3699 2123 3766 Sane,
2162 3703 2360 3773 inquit,

787 3778 930 3831 istud
965 3787 1040 3832 est
1073 3780 1128 3833 id
1160 3782 1299 3850 quod
1330 3783 1505 3836 amisi.
1562 3784 1791 3854 Aitque:
1828 3787 1940 3841 Tibi
1970 3794 2163 3861 accipe,
2194 3807 2362 3850 certus

786 3885 871 3922 me
903 3885 1007 3923 non
1044 3873 1313 3939 aperuisse
1336 3913 1350 3935 ,
1397 3890 1491 3928 nec
1529 3878 1654 3945 quid
1692 3879 1832 3932 intus
1879 3883 2165 3950 repositum
2189 3887 2254 3937 sit
2290 3888 2364 3940 vi-

785 3958 943 4013 disse.
988 3952 1233 4031 Accepto
1271 3966 1495 4019 sacculo
1536 3968 1760 4037 rogabat
1801 3970 1890 4025 ille
1922 3986 2107 4027 senem
2142 3984 2203 4029 ut
2233 3977 2361 4032 inde

786 4060 1036 4104 sumeret
1063 4063 1329 4120 quantum
1364 4055 1553 4109 vellet.
1604 4057 1675 4111 At
1715 4058 1804 4113 ille
1840 4062 2024 4115 renuit
2060 4064 2359 4134 quidquam

786 4142 1083 4212 attingere.
1151 4144 1520 4210 Quamobrem
1583 4149 1741 4204 miles
1803 4152 1961 4208 laatus
2011 4155 2152 4210 viam
2205 4173 2358 4212 suam

785 4231 923 4295 abit,
977 4248 1043 4288 ac
1087 4235 1199 4290 Deo
1241 4238 1446 4305 gratias
1482 4254 1671 4308 agens.
1721 4242 1862 4313 Ergo
1891 4254 2051 4299 nocte
2076 4246 2164 4300 illa
2193 4264 2359 4304 senex

786 4339 841 4377 in
888 4325 1097 4381 somnis
1125 4326 1403 4382 Christum
1429 4330 1494 4383 ad
1528 4348 1586 4385 se
1612 4333 1922 4387 venientem
1948 4338 2145 4402 cernit,
2195 4348 2358 4408 atque

2471 1875 2619 1942 τρεῖς
2675 1873 3077 1944 ἀριθμούμενα.
3139 1871 3270 1928 Εἶτα
3317 1877 3578 1941 ἀναστὰς,
3643 1873 3733 1931 οἷα
3811 1883 4052 1951 συμϐαί-

2475 1984 2576 2029 νει,
2611 1965 2688 2036 τῷ
2712 1967 2863 2038 ἵππῳ
2902 1966 3094 2030 ἐπιϐὰς
3118 1965 3291 2037 ᾤχετο
3321 1968 3418 2040 τὴν
3452 1971 3572 2025 ὁδὸν
3604 1972 3791 2036 αὐτοῦ,
3832 1977 3897 2026 τὸ
3928 1993 4057 2044 χρυ-

2476 2058 2591 2109 σίον
2614 2058 2756 2111 κατὰ
2791 2058 2881 2111 τὸν
2906 2059 3071 2113 τόπον
3112 2061 3291 2128 ἀφείς.
3354 2062 3441 2123 Ὠς
3461 2061 3553 2113 οὖν
3588 2062 3706 2126 ἔθος
3738 2060 3890 2132 εἶχεν
3913 2068 3941 2117 6
3972 2072 4055 2130 γέ-

2478 2164 2605 2219 ρων,
2662 2148 2886 2218 ἐξῆλθεν
2930 2151 3066 2220 πρὸς
3112 2151 3213 2220 τὴν
3260 2150 3581 2222 δεξαμενὴν,
3639 2154 3732 2206 καὶ
3787 2157 3968 2226 εὑρὼν
3999 2161 4055 2209 τὸ

2474 2242 2698 2310 χρυσίον
2723 2242 2966 2312 ἐλυπήθη
2987 2244 3087 2314 τὴν
3105 2243 3200 2295 τοῦ
3220 2243 3585 2308 ἀπολέσαντος
3606 2246 3847 2317 ἀθυμίαν
3870 2268 3885 2280 ο
3909 2253 4055 2317 ὅμως

2476 2334 2534 2385 ὲν
2560 2333 2738 2404 ἑαυτῷ
2753 2334 3057 2402 φυλάττων,
3079 2336 3138 2387 οὺ
3161 2335 3403 2387 διέλιπεν
3428 2338 3537 2389 ἀπὸ
3560 2340 3753 2401 νυκτὸς
3787 2342 3867 2403 εἰς
3887 2342 4054 2393 νύκτα

2475 2424 2766 2493 εὐχόμενος
2816 2422 2894 2493 τῷ
2922 2423 3040 2493 Θεῴ
3085 2422 3275 2477 τοῦτον
3326 2424 3498 2478 ἐλθεῖν
3543 2428 3635 2477 καὶ
3666 2428 3965 2480 ἁπολαὸεἰιι
4003 2430 4059 2481 τὸ

2477 2514 2625 2568 ἴδιον.
2651 2512 2736 2585 [Ρ.
2779 2514 2904 2586 4⁵70]
2950 2516 3006 2568 Ὁ
3042 2515 3222 2585 μέντοι
3249 2514 3587 2585 στρατιώτης
3624 2518 3723 2580 τὰς
3750 2518 3931 2581 πύλας
3962 2538 4054 2570 πε-

2477 2609 2646 2677 ράσας
2672 2608 2767 2662 καὶ
2792 2607 3167 2677 ἐπιμνησθεὶς,
3202 2610 3352 2677 ὅμως
3382 2625 3434 2661 τι
3453 2611 3675 2680 ποιῆσαι
3712 2612 3787 2680 μὴ
3818 2612 4059 2682 δυνάμε-

2474 2719 2582 2766 νος,
2610 2701 2709 2769 τὴν
2754 2701 2875 2754 ὁδὸν
2909 2700 3076 2754 αὐτοῦ
3124 2700 3291 2771 ἀπῄει
3345 2701 3705 2767 λυπούμενος.
3762 2704 3878 2756 Καὶ
3916 2706 4054 2773 μεεᾶ

2473 2793 2653 2863 τρίτον
2687 2796 2931 2847 ἐνιαυτὸν
2961 2795 3178 2865 ῑρχεται
3202 2795 3339 2866 πρὸς
3365 2795 3455 2849 τὸν
3481 2794 3646 2847 τόπον
3678 2794 3788 2847 τῶν
3813 2795 4055 2859 Nostri»,

2474 2886 2682 2939 καὶτοῦ
2713 2888 2880 2939 ἵππου
2911 2886 3122 2950 ἀποϐὰς
3149 2888 3311 2940 αὑτὸν
3358 2888 3456 2957 μὲν
3486 2888 3755 2949 ἐπότισεν,
3787 2887 3930 2938 ἀλλᾶ
3960 2890 4056 2939 καὶ

2474 2980 2636 3042 αὐτὸς
2670 2979 2808 3033 πιὼν
2854 2980 3087 3051 ἐκάθητο
3146 2979 3391 3043 σύννους,
3425 2980 3517 3032 καὶ
3581 2979 3843 3043 στενάξας
3875 2976 4056 3045 εἶπεν,

2390 3106 2434 3167 C
2472 3074 2554 3125 ὃτι
2603 3074 2699 3125 Ἐν
2751 3074 2939 3138 τούτῳ
2965 3071 3045 3138 τῷ
3093 3074 3252 3135 τόπῳ
3282 3071 3567 3126 ἀπώλεσὰ
3590 3089 3710 3167 μου
3739 3070 3855 3138 τὴν

2468 3166 2637 3219 Τοῦτο
2675 3166 2912 3227 ἀκούσας
2968 3168 2996 3218 6
3022 3166 3202 3235 τίμιος
3252 3165 3432 3233 γέρων
3463 3161 3824 3233 ἐπηρώτησεν
3864 3163 4051 3232 αὐτῷ·

2472 3258 2532 3311 T1
2560 3257 2674 3327 ἆρα
2721 3257 2788 3311 τὸ
2843 3256 3103 3326 συμϐὰν,
3150 3257 3315 3325 stopie
3338 3272 3498 3325 μου;
3532 3255 3589 3306 '0
3644 3255 3700 3307 δὲ
3742 3251 3937 3317 εἶπεν,
3969 3258 4055 3306 ὅτι

2478 3349 2762 3403 Ἐνταῦθα
2790 3348 3074 3403 ἀπώλεσα
3123 3350 3482 3417 νομίσματα.
3535 3346 3643 3398 Καὶ
3677 3345 3925 3414 παρευθὺ
3959 3348 4055 3398 καὶ

2466 3441 2556 3494 τὸν
2578 3442 2743 3494 τόπον
2778 3440 3146 3502 ὑπεδείκνυεν,
3182 3442 3274 3491 καὶ
3302 3442 3369 3491 τὰ
3394 3440 3595 3507 σημεῖα
3639 3437 3731 3488 τοῦ
3760 3438 4053 3506 βαλαντίςυ

2466 3535 2559 3585 καὶ
2580 3532 2640 3584 τὸ
2667 3533 2831 3585 πόσον
2858 3532 3064 3598 ἔλεγεν.
3100 3532 3207 3584 Καὶ
3234 3533 3261 3581 6
3284 3529 3569 3600 ἄνθρωπος
3596 3528 3691 3580 τοῦ
3719 3526 3859 3580 Θεοῦ
3887 3528 4053 3591 εὐθὺς

2466 3624 2673 3689 ὲξέλκει
2699 3625 2856 3677 τοῦτο
2885 3626 2933 3656 ⁸⁸
2954 3622 3048 3676 τοῦ
3080 3624 3284 3677 κόλπου
3312 3622 3500 3687 αὑτοῦ,
3544 3621 3635 3675 καί
3666 3636 3799 3690 φησι
3820 3636 3836 3650 ο
3877 3623 4049 3673 Γνω-

2457 3716 2638 3786 ρίζεις
2670 3718 2889 3781 τοῦτο,
2932 3718 2989 3769 '0
3022 3718 3079 3769 δὲ
3103 3717 3313 3786 acacia.
3359 3717 3453 3767 ἐπὶ
3503 3713 3637 3766 πολὺ
3684 3714 4053 3780 κατασχεθεὶς

2465 3810 2633 3879 ὅμως,
2688 3808 2819 3871 Ναὶ,
2871 3804 3063 3873 εἶπεν,
3130 3805 3275 3874 ὅπερ
3319 3803 3626 3863 ἀπώλεσα,
3671 3804 3824 3856 αὑτό
3852 3805 4049 3856 ἐστιν.

2468 3902 2571 3952 Καί
2597 3916 2785 3969 φησιν’
2827 3901 3113 3953 Ἀπόλαόε
3144 3898 3313 3959 αὐτὸ,
3348 3896 3923 3963 πληροφορούμενος
3971 3896 4051 3959 ὡς

2465 3995 2574 4045 οὐκ
2628 3991 2840 4059 νῇνοιξιι
2897 3990 3065 4052 αὐτὸ.
3128 3988 3271 4043 οὐδὲ
3293 3983 3457 4041 εἶδον
3487 3986 3542 4039 τί
3588 3986 3761 4038 ἐστιν
3789 3986 4049 4039 ἔσωθεν.

2465 4084 2635 4137 Τοῦτο
2683 4083 2861 4136 λαϐὼν
2891 4084 2920 4134 6
2956 4082 3267 4151 ἄνθρωπος,
3314 4078 3654 4149 παρακαλῶν
3688 4078 3734 4109 ³⁸
3770 4078 3960 4130 λαϐεῖν
3991 4079 4051 4141 ἐξ

2464 4176 2628 4228 αὐτοῦ
2690 4177 2788 4227 ὅσα
2843 4173 2940 4227 καὶ
2975 4172 3247 4242 βούλεται.
3317 4171 3375 4224 'U
3407 4172 3464 4222 δὲ
3524 4170 3626 4221 οὑκ
3687 4168 3961 4236 ἠθέλησεν
3990 4170 4053 4220 τδ

2466 4268 2701 4320 σύνολον.
2753 4265 2916 4318 Ὅθεν
2971 4266 2999 4317 6
3049 4263 3390 4334 στρατιώτης
3448 4261 3751 4331 ἀπέρχεται
3790 4261 3895 4329 τὴν
3930 4260 4053 4311 ὁδὸν

2464 4359 2653 4421 αὑτοῦ,
2675 4358 2881 4429 χαίρων
2910 4359 3004 4410 καὶ
3027 4355 3369 4427 εὐχαριστῶν
3400 4354 3479 4423 τῷ
3507 4354 3648 4423 Θεῷ.
3690 4353 3802 4422 Τῆς
3826 4350 3924 4405 οὖν
3954 4371 4053 4403 νυ-

785 4414 1082 4480 dicentem,
1107 4416 1255 4482 Quod
1274 4420 1327 4472 iu
1345 4436 1463 4473 eum
1489 4431 1539 4474 te
1562 4425 1773 4478 modum
1800 4427 1962 4496 715
1988 4444 2114 4497 erga
2136 4431 2357 4485 militem

2468 4455 2595 4517 κτδς
2631 4414 2847 4521 έιέείνης
2875 4453 2978 4523 ὁρᾷ
3011 4414 3131 4504 κατ’
3164 4414 3295 4520 θναρ
3320 4450 3407 4502 τὸν
3448 4414 3680 4518 ipim-rw
3696 4414 3926 4499 ἐλθόντα
3955 4446 4055 4497 καὶ

784 4505 1052 4571 habueris,
1081 4524 1216 4571 ecce,
1234 4510 1332 4573 ait,
1366 4528 1522 4566 mane
1555 4514 1729 4581 ﬁlium
1757 4526 1906 4570 tuum
1924 4520 2232 4574 accubitoris
2259 4525 2356 4575 lio-

782 4611 911 4648 nore
931 4597 1276 4653 sublimatum
1302 4610 1551 4672 tuumque
1569 4605 1661 4657 hoc
1680 4606 2040 4662 suburbanum
2068 4612 2125 4664 in
2153 4624 2356 4667 vastum

786 4690 1167 4742 monasterium
1186 4692 1239 4742 in
1265 4693 1364 4744 mei
1393 4692 1621 4762 gloriam
1650 4699 2054 4752 convertendum
2077 4704 2356 4757 auditurus

780 4790 857 4827 es.
902 4775 1040 4839 Quin
1072 4789 1127 4829 tu
1165 4780 1277 4849 ipse
1316 4782 1503 4834 horum
1529 4784 1739 4836 nomine
1784 4788 2069 4840 mercedem
2117 4790 2355 4859 recipies.

784 4867 1054 4924 Postridie
1078 4885 1212 4924 vero
1239 4873 1359 4942 ejus
1385 4874 1463 4927 rei
1487 4875 1716 4929 nuntius
1742 4877 1939 4933 allatus
1966 4889 2083 4945 cst;
2108 4897 2211 4936 nec
2240 4886 2361 4952 pln-

786 4978 875 5017 res
897 4964 1013 5017 dies
1041 4965 1384 5031 ellluxerant,
1411 4983 1535 5021 cum
1557 4983 1827 5039 propensa
1856 4971 2055 5029 Leonis
2080 4976 2359 5032 voluntate

781 5062 947 5123 atque
978 5057 1255 5123 expensis,
1291 5058 1371 5111 uti
1406 5058 1615 5113 dictum
1640 5069 1745 5125 est,
1768 5070 2051 5118 exstructo
2085 5076 2361 5120 monaste—

781 5147 886 5210 rio,
906 5148 1134 5202 solemni
1167 5149 1512 5206 dedicatione
1537 5151 1744 5207 divinis
1776 5152 2036 5209 laudibus
2062 5156 2219 5211 locus
2247 5158 2359 5212 ire-

779 5250 1077 5308 quentatus
1104 5250 1211 5297 est.

848 5375 939 5429 26.
984 5376 1187 5429 Eodem
1230 5392 1397 5437 anno,
1436 5376 1706 5446 producto
1740 5376 1806 5431 ad
1831 5386 1957 5431 octo
2000 5394 2217 5433 menses
2252 5380 2352 5436 Sa-

780 5476 1012 5521 racenbs
1074 5466 1217 5521 inter
1286 5483 1349 5521 ac
1408 5468 1708 5522 llimerium
1772 5470 2106 5539 logolhetam
2170 5474 2349 5527 navali

778 5558 944 5623 bello,
972 5558 1239 5620 Romano,
1266 5559 1359 5628 qui
1387 5571 1571 5629 postea
1611 5575 1793 5613 rermn
1830 5560 2033 5628 potitus
2064 5572 2168 5625 est,
2203 5562 2347 5616 Sami

781 5661 1039 5721 pratore,
1092 5654 1269 5706 victus
1321 5651 1599 5706 Himerius
1644 5659 1747 5715 est,
1790 5652 2113 5721 cunctisque
2147 5652 2258 5707 fere
2296 5654 2347 5707 in

2463 4548 2686 4601 εἰπόντα
2736 4544 2914 4614 αὐτῷ·
2960 4542 3107 4597 Ἀνθ’
3138 4538 3225 4596 ὦν
3254 4541 3445 4605 οὕτως
3464 4540 3759 4604 ἐποίησας
3801 4539 3893 4600 εις
3939 4536 4055 4588 τὸν·

2464 4637 2849 4706 στρατιώτην,
2876 4634 3006 4689 ιόοὺ
3035 4634 3243 4701 αὔριον
3269 4633 3554 4693 ἀκούσεις
3585 4629 3915 4698 γενόμενον
3935 4644 4054 4679 πα-

2456 4725 2905 4795 ρακοιμώμενον
2937 4726 3043 4777 τόν
3066 4724 3200 4777 υἱόν
3247 4739 3387 4783 σου,
3421 4721 3519 4773 καὶ
3575 4719 3641 4772 τὸ
3681 4718 4055 4785 προάστειίν

2465 4837 2581 4874 σου
2610 4819 2785 4872 τοῦτο
2815 4818 2900 4882 είς
2926 4814 3126 4886 μονὴν
3152 4814 3423 4884 μεγάλην
3452 4810 3868 4881 γενησόμενον
3896 4810 4053 4876 πρὸς

2458 4912 2814 4979 δοξονῖογιαν
2840 4909 3013 4978 ἐμήν.
3046 4907 3149 4961 Καὶ
3179 4907 3258 4960 σὺ
3280 4905 3348 4959 δὲ
3380 4904 3562 4970 αὐτὸς
3586 4904 3697 4955 τὸν
3724 4901 3879 4968 ὑπὲρ
3910 4904 4054 4956 τού-

2457 5021 2575 5057 των
2607 5002 2827 5073 μισθὸν
2877 4999 3121 5069 κομιεῐς.
3178 4998 3397 5067 Πρωῖας
3427 4996 3483 5049 δὲ
3514 4994 3813 5063 γενομένης
3840 4994 3905 5046 τὸ
3940 4995 4054 5063 μή-

2457 5112 2606 5164 νυμα
2639 5090 2822 5163 ἦλθεν,
2858 5092 2953 5146 καὶ
2988 5091 3105 5161 μετ’
3131 5089 3318 5157 ὀλίγας
3358 5089 3571 5158 ἡμέρας
3606 5089 3671 5156 τῇ
3700 5086 3921 5155 θελήσει
3951 5086 4055 5140 τοῦ

2461 5189 2727 5260 βασιλέως
2757 5190 2850 5240 καὶ
2883 5190 2951 5258 τῇ
2985 5186 3169 5256 ἐξόδῳ,
3210 5184 3285 5247 ὡς
3314 5183 3552 5254 εἴρηται,
3587 5181 3649 5233 τὸ
3678 5184 4055 5250 μονασ-τήριον

2460 5281 2782 5352 ᾠκοδομήθη
2816 5282 2910 5333 καὶ
2936 5278 3305 5351 ἐνεθρονίσθη.

2533 5370 2645 5436 κς’.
2674 5371 2765 5440 Τῷ
2789 5369 2937 5439 αὐτῷ
2966 5369 3098 5434 ἔτει,
3122 5371 3213 5420 ἐπὶ
3243 5366 3388 5420 ὀκτὼ
3424 5367 3599 5436 μῆνας
3644 5365 3739 5416 τοῦ
3776 5382 4053 5433 ναυμαχι-

2458 5465 2557 5521 κοῦ
2595 5464 2835 5533 πολέμου
2865 5463 2974 5515 τῶν
3011 5462 3345 5532 Σαρακηνῶν
3387 5461 3683 5529 γενομένου
3715 5456 3855 5527 μετὰ
3900 5457 4049 5526 Ἰμε-

2463 5558 2578 5627 ρίου
2640 5556 2734 5609 τοῦ
2800 5554 3107 5621 λογοθέτου,
3176 5552 3486 5622 στρατηγοῦ
3550 5551 3702 5611 ὖντος
3762 5551 3823 5601 ἐν
3878 5550 4053 5617 Σάμῳ

2467 5648 2749 5721 Ῥωμανοῦ
2795 5648 2889 5700 τοῦ
2949 5647 3086 5717 μετᾶ
3118 5645 3288 5700 ταῦτα
3352 5644 3792 5714 βασιλεύσαντος,
3826 5641 4045 5713 ἡττήθη

2066 5742 2298 5800 γΑιιιΑῐ
2344 5741 2751 5799 1.Ε‹;Τ1οΝΕ5.

856 5828 903 5863 ⁸⁸
942 5831 1130 5886 τοῦτον
1165 5829 1227 5888 1⁸.
1333 5833 1378 5865 ⁸⁸
1413 5834 1711 5904 παρεκάλει
1741 5848 1928 5902 margo
1958 5830 2017 5887 Γ.
