  <div class='ocr_page' id='page_1' title='image "/cluster/home/n/w/nwhite01/storage/ocr_20150623/109/nnc1.0046979867/396.png"; bbox 0 0 4174 6442; ppageno 0'>
   <div class='ocr_carea' id='block_1_1' title="bbox 163 452 263 513">
    <p class='ocr_par' dir='ltr' id='par_1_1' title="bbox 163 452 263 513">
     <span class='ocr_line' id='line_1_1' title="bbox 163 452 263 513; baseline 0.03 -3"><span class='ocrx_word' id='word_1_1' title='bbox 163 452 263 513; x_wconf 69' lang='grc' dir='ltr'><strong>ΤΠ</strong></span> 
     </span>
    </p>
   </div>
   <div class='ocr_carea' id='block_1_2' title="bbox 1285 441 2275 505">
    <p class='ocr_par' dir='ltr' id='par_1_2' title="bbox 1285 441 2275 505">
     <span class='ocr_line' id='line_1_2' title="bbox 1285 441 2275 505; baseline -0.006 0"><span class='ocrx_word' id='word_1_2' title='bbox 1285 444 1649 505; x_wconf 77' lang='lat' dir='ltr'><strong>ANNALES.</strong></span> <span class='ocrx_word' id='word_1_3' title='bbox 1691 470 1756 480; x_wconf 89' lang='grc'><strong>-·</strong></span> <span class='ocrx_word' id='word_1_4' title='bbox 1799 441 2275 502; x_wconf 68' lang='lat' dir='ltr'><strong>ALEXANDEIL</strong></span> 
     </span>
    </p>
   </div>
   <div class='ocr_carea' id='block_1_3' title="bbox 3309 439 3416 498">
    <p class='ocr_par' dir='ltr' id='par_1_3' title="bbox 3309 439 3416 498">
     <span class='ocr_line' id='line_1_3' title="bbox 3309 439 3416 498; baseline 0 -2"><span class='ocrx_word' id='word_1_5' title='bbox 3309 439 3416 498; x_wconf 69' lang='lat'><strong>778</strong></span> 
     </span>
    </p>
   </div>
   <div class='ocr_carea' id='block_1_4' title="bbox 174 552 1759 639">
    <p class='ocr_par' dir='ltr' id='par_1_4' title="bbox 174 559 1737 639">
     <span class='ocr_line' id='line_1_4' title="bbox 174 559 1737 639; baseline -0.011 -17"><span class='ocrx_word' id='word_1_6' title='bbox 174 569 408 639; x_wconf 75' lang='grc' dir='ltr'><strong>Ἱμέριος</strong></span> <span class='ocrx_word' id='word_1_7' title='bbox 439 566 533 619; x_wconf 72' lang='grc' dir='ltr'>καὶ</span> <span class='ocrx_word' id='word_1_8' title='bbox 569 564 720 635; x_wconf 82' lang='grc' dir='ltr'>μόλις</span> <span class='ocrx_word' id='word_1_9' title='bbox 748 559 1000 629; x_wconf 82' lang='grc' dir='ltr'>διεσώθη,</span> <span class='ocrx_word' id='word_1_10' title='bbox 1027 560 1247 611; x_wconf 77' lang='grc' dir='ltr'>πάντων</span> <span class='ocrx_word' id='word_1_11' title='bbox 1270 560 1386 611; x_wconf 74' lang='grc' dir='ltr'>ἐκεῖ</span> <span class='ocrx_word' id='word_1_12' title='bbox 1414 559 1597 626; x_wconf 78' lang='grc' dir='ltr'>σχεδὸν</span> <span class='ocrx_word' id='word_1_13' title='bbox 1624 574 1737 609; x_wconf 80' lang='grc' dir='ltr'>κιν-</span> 
     </span>
    </p>
   </div>
   <div class='ocr_carea' id='block_1_5' title="bbox 1863 552 3410 639">
    <p class='ocr_par' dir='ltr' id='par_1_5' title="bbox 1863 552 3410 623">
     <span class='ocr_line' id='line_1_5' title="bbox 1863 552 3410 623; baseline -0.001 -16"><span class='ocrx_word' id='word_1_14' title='bbox 1863 555 1967 607; x_wconf 70' lang='grc' dir='ltr'>πίιτο</span> <span class='ocrx_word' id='word_1_15' title='bbox 1996 555 2300 623; x_wconf 88' lang='lat' dir='ltr'><strong>periculum</strong></span> <span class='ocrx_word' id='word_1_16' title='bbox 2331 554 2586 606; x_wconf 79' lang='lat' dir='ltr'><strong>adductis</strong></span> <span class='ocrx_word' id='word_1_17' title='bbox 2620 554 2706 605; x_wconf 72' lang='lat' dir='ltr'><strong>vix</strong></span> <span class='ocrx_word' id='word_1_18' title='bbox 2739 554 2851 621; x_wconf 88' lang='lat' dir='ltr'><strong>ipse</strong></span> <span class='ocrx_word' id='word_1_19' title='bbox 2890 552 3181 606; x_wconf 80' lang='lat' dir='ltr'><strong>incolumis</strong></span> <span class='ocrx_word' id='word_1_20' title='bbox 3216 554 3410 605; x_wconf 74' lang='lat' dir='ltr'><strong>evasit.</strong></span> 
     </span>
    </p>
   </div>
   <div class='ocr_carea' id='block_1_6' title="bbox 163 649 1741 721">
    <p class='ocr_par' dir='ltr' id='par_1_6' title="bbox 163 649 1741 721">
     <span class='ocr_line' id='line_1_6' title="bbox 163 649 1741 721; baseline -0.009 -7"><span class='ocrx_word' id='word_1_21' title='bbox 163 660 555 715; x_wconf 81' lang='grc' dir='ltr'>δυνευσάντων.</span> <span class='ocrx_word' id='word_1_22' title='bbox 577 656 731 710; x_wconf 83' lang='grc' dir='ltr'><strong>Μετὰ</strong></span> <span class='ocrx_word' id='word_1_23' title='bbox 751 654 909 706; x_wconf 75' lang='grc' dir='ltr'>τοῦτο</span> <span class='ocrx_word' id='word_1_24' title='bbox 940 654 1091 705; x_wconf 81' lang='grc' dir='ltr'>Λέων</span> <span class='ocrx_word' id='word_1_25' title='bbox 1119 653 1147 703; x_wconf 86' lang='grc' dir='ltr'>ὁ</span> <span class='ocrx_word' id='word_1_26' title='bbox 1174 649 1425 721; x_wconf 65' lang='grc' dir='ltr'>βασιλετις</span> <span class='ocrx_word' id='word_1_27' title='bbox 1454 652 1599 702; x_wconf 79' lang='grc' dir='ltr'>νοσεῖ</span> <span class='ocrx_word' id='word_1_28' title='bbox 1628 666 1741 702; x_wconf 81' lang='grc' dir='ltr'>κοι-</span> 
     </span>
    </p>
   </div>
   <div class='ocr_carea' id='block_1_7' title="bbox 163 742 1745 821">
    <p class='ocr_par' dir='ltr' id='par_1_7' title="bbox 163 742 1745 821">
     <span class='ocr_line' id='line_1_7' title="bbox 163 742 1745 821; baseline -0.009 -16"><span class='ocrx_word' id='word_1_29' title='bbox 163 750 341 821; x_wconf 80' lang='grc' dir='ltr'>λιακῷ</span> <span class='ocrx_word' id='word_1_30' title='bbox 394 750 681 818; x_wconf 81' lang='grc' dir='ltr'>νοσήματι.</span> <span class='ocrx_word' id='word_1_31' title='bbox 731 747 925 812; x_wconf 81' lang='grc' dir='ltr'><strong>Γέγονε</strong></span> <span class='ocrx_word' id='word_1_32' title='bbox 985 744 1042 796; x_wconf 77' lang='grc' dir='ltr'>δὲ</span> <span class='ocrx_word' id='word_1_33' title='bbox 1091 744 1184 795; x_wconf 68' lang='grc' dir='ltr'>καὶ</span> <span class='ocrx_word' id='word_1_34' title='bbox 1212 742 1541 811; x_wconf 77' lang='grc' dir='ltr'>ἐμπρησμὸς</span> <span class='ocrx_word' id='word_1_35' title='bbox 1573 744 1650 803; x_wconf 82' lang='grc' dir='ltr'><strong>είς</strong></span> <span class='ocrx_word' id='word_1_36' title='bbox 1679 742 1745 791; x_wconf 68' lang='grc' dir='ltr'>τὰ</span> 
     </span>
    </p>
   </div>
   <div class='ocr_carea' id='block_1_8' title="bbox 164 833 1745 913">
    <p class='ocr_par' dir='ltr' id='par_1_8' title="bbox 164 833 1745 913">
     <span class='ocr_line' id='line_1_8' title="bbox 164 833 1745 913; baseline -0.008 -17"><span class='ocrx_word' id='word_1_37' title='bbox 164 842 506 913; x_wconf 84' lang='grc' dir='ltr'>κηρουλάρια</span> <span class='ocrx_word' id='word_1_38' title='bbox 554 840 654 909; x_wconf 84' lang='grc' dir='ltr'>τῆς</span> <span class='ocrx_word' id='word_1_39' title='bbox 710 838 971 905; x_wconf 76' lang='grc' dir='ltr'>Μεγάλης</span> <span class='ocrx_word' id='word_1_40' title='bbox 1023 835 1340 905; x_wconf 80' lang='grc' dir='ltr'>ἐκκλησίας,</span> <span class='ocrx_word' id='word_1_41' title='bbox 1373 836 1468 886; x_wconf 68' lang='grc' dir='ltr'>καὶ</span> <span class='ocrx_word' id='word_1_42' title='bbox 1503 833 1745 902; x_wconf 79' lang='grc' dir='ltr'>ὲκὰησαν</span> 
     </span>
    </p>
   </div>
   <div class='ocr_carea' id='block_1_9' title="bbox 164 926 1745 1003">
    <p class='ocr_par' dir='ltr' id='par_1_9' title="bbox 164 926 1745 1003">
     <span class='ocr_line' id='line_1_9' title="bbox 164 926 1745 1003; baseline -0.006 -17"><span class='ocrx_word' id='word_1_43' title='bbox 164 936 228 986; x_wconf 69' lang='grc' dir='ltr'>τὰ</span> <span class='ocrx_word' id='word_1_44' title='bbox 264 933 599 1003; x_wconf 82' lang='grc' dir='ltr'>χαρτοθέσια</span> <span class='ocrx_word' id='word_1_45' title='bbox 662 931 839 984; x_wconf 80' lang='grc' dir='ltr'>πάντα</span> <span class='ocrx_word' id='word_1_46' title='bbox 876 929 969 981; x_wconf 73' lang='grc' dir='ltr'>καὶ</span> <span class='ocrx_word' id='word_1_47' title='bbox 1005 930 1038 996; x_wconf 89' lang='grc' dir='ltr'>ὴ</span> <span class='ocrx_word' id='word_1_48' title='bbox 1072 927 1328 997; x_wconf 79' lang='grc' dir='ltr'>σακέλλη.</span> <span class='ocrx_word' id='word_1_49' title='bbox 1363 928 1442 997; x_wconf 78' lang='grc' dir='ltr'><strong>Τῇ</strong></span> <span class='ocrx_word' id='word_1_50' title='bbox 1469 928 1523 978; x_wconf 75' lang='grc' dir='ltr'>δὲ</span> <span class='ocrx_word' id='word_1_51' title='bbox 1554 926 1620 978; x_wconf 83' lang='grc' dir='ltr'>ια’</span> <span class='ocrx_word' id='word_1_52' title='bbox 1653 927 1745 979; x_wconf 73' lang='grc' dir='ltr'>τοῦ</span> 
     </span>
    </p>
   </div>
   <div class='ocr_carea' id='block_1_10' title="bbox 164 1017 1748 1093">
    <p class='ocr_par' dir='ltr' id='par_1_10' title="bbox 164 1017 1748 1093">
     <span class='ocr_line' id='line_1_10' title="bbox 164 1017 1748 1093; baseline -0.008 -15"><span class='ocrx_word' id='word_1_53' title='bbox 164 1026 345 1079; x_wconf 80' lang='grc' dir='ltr'>Μαΐου</span> <span class='ocrx_word' id='word_1_54' title='bbox 380 1023 550 1093; x_wconf 75' lang='grc' dir='ltr'>μηνὸς</span> <span class='ocrx_word' id='word_1_55' title='bbox 580 1020 808 1090; x_wconf 84' lang='grc' dir='ltr'>τελευτᾷ</span> <span class='ocrx_word' id='word_1_56' title='bbox 837 1020 987 1072; x_wconf 86' lang='grc' dir='ltr'>Λέων</span> <span class='ocrx_word' id='word_1_57' title='bbox 1018 1020 1047 1070; x_wconf 84' lang='grc' dir='ltr'>ὁ</span> <span class='ocrx_word' id='word_1_58' title='bbox 1082 1018 1360 1088; x_wconf 74' lang='grc' dir='ltr'>βασιλεὺς,</span> <span class='ocrx_word' id='word_1_59' title='bbox 1395 1017 1748 1086; x_wconf 71' lang='grc' dir='ltr'>προχειρισά-</span> 
     </span>
    </p>
   </div>
   <div class='ocr_carea' id='block_1_11' title="bbox 167 1108 1749 1186">
    <p class='ocr_par' dir='ltr' id='par_1_11' title="bbox 167 1108 1749 1186">
     <span class='ocr_line' id='line_1_11' title="bbox 167 1108 1749 1186; baseline -0.008 -18"><span class='ocrx_word' id='word_1_60' title='bbox 167 1133 331 1186; x_wconf 80' lang='grc' dir='ltr'>μενος</span> <span class='ocrx_word' id='word_1_61' title='bbox 382 1114 733 1183; x_wconf 74' lang='grc' dir='ltr'>Ἀλέξανδρον</span> <span class='ocrx_word' id='word_1_62' title='bbox 759 1112 851 1163; x_wconf 77' lang='grc' dir='ltr'>τὸν</span> <span class='ocrx_word' id='word_1_63' title='bbox 901 1109 1067 1164; x_wconf 76' lang='grc' dir='ltr'>αὑτοῦ</span> <span class='ocrx_word' id='word_1_64' title='bbox 1116 1109 1342 1175; x_wconf 69' lang='grc' dir='ltr'>ἀδελφὸν</span> <span class='ocrx_word' id='word_1_65' title='bbox 1393 1109 1656 1177; x_wconf 75' lang='grc' dir='ltr'><strong>βασιλέα·</strong></span> <span class='ocrx_word' id='word_1_66' title='bbox 1692 1108 1749 1159; x_wconf 82' lang='grc' dir='ltr'>ὃν</span> 
     </span>
    </p>
   </div>
   <div class='ocr_carea' id='block_1_12' title="bbox 168 1200 1750 1272">
    <p class='ocr_par' dir='ltr' id='par_1_12' title="bbox 168 1200 1750 1272">
     <span class='ocr_line' id='line_1_12' title="bbox 168 1200 1750 1272; baseline -0.005 -13"><span class='ocrx_word' id='word_1_67' title='bbox 168 1206 318 1269; x_wconf 68' lang='grc' dir='ltr'>ἰδὼν,</span> <span class='ocrx_word' id='word_1_68' title='bbox 351 1205 428 1267; x_wconf 85' lang='grc' dir='ltr'>ὦς</span> <span class='ocrx_word' id='word_1_69' title='bbox 470 1221 654 1271; x_wconf 67' lang='grc' dir='ltr'>φασιν,</span> <span class='ocrx_word' id='word_1_70' title='bbox 687 1203 1071 1272; x_wconf 69' lang='grc' dir='ltr'><strong>εἰσερχόμενον</strong></span> <span class='ocrx_word' id='word_1_71' title='bbox 1102 1200 1239 1271; x_wconf 72' lang='grc' dir='ltr'>πρὸς</span> <span class='ocrx_word' id='word_1_72' title='bbox 1270 1201 1429 1252; x_wconf 64' lang='grc' dir='ltr'>αὑτὸν</span> <span class='ocrx_word' id='word_1_73' title='bbox 1458 1201 1559 1269; x_wconf 68' lang='grc' dir='ltr'>ἔφη</span> <span class='ocrx_word' id='word_1_74' title='bbox 1585 1218 1597 1229; x_wconf 75' lang='grc'>⁶</span> <span class='ocrx_word' id='word_1_75' title='bbox 1631 1200 1750 1252; x_wconf 80' lang='grc' dir='ltr'>Ἴδε</span> 
     </span>
    </p>
   </div>
   <div class='ocr_carea' id='block_1_13' title="bbox 167 1295 1750 1367">
    <p class='ocr_par' dir='ltr' id='par_1_13' title="bbox 167 1295 1750 1367">
     <span class='ocr_line' id='line_1_13' title="bbox 167 1295 1750 1367; baseline -0.007 -11"><span class='ocrx_word' id='word_1_76' title='bbox 167 1302 268 1356; x_wconf 74' lang='grc' dir='ltr'>καὶ</span> <span class='ocrx_word' id='word_1_77' title='bbox 308 1306 343 1356; x_wconf 81' lang='grc' dir='ltr'><em>ὁ</em></span> <span class='ocrx_word' id='word_1_78' title='bbox 364 1302 550 1366; x_wconf 79' lang='grc' dir='ltr'>κακὸς</span> <span class='ocrx_word' id='word_1_79' title='bbox 582 1299 788 1367; x_wconf 83' lang='grc' dir='ltr'>καιρὸς</span> <span class='ocrx_word' id='word_1_80' title='bbox 814 1300 963 1365; x_wconf 82' lang='grc' dir='ltr'>μετὰ</span> <span class='ocrx_word' id='word_1_81' title='bbox 985 1295 1049 1367; x_wconf 79' lang='grc' dir='ltr'>ιγ’</span> <span class='ocrx_word' id='word_1_82' title='bbox 1079 1295 1308 1366; x_wconf 75' lang='grc' dir='ltr'>μηνῶν,</span> <span class='ocrx_word' id='word_1_83' title='bbox 1351 1296 1521 1349; x_wconf 81' lang='grc' dir='ltr'>πολλὰ</span> <span class='ocrx_word' id='word_1_84' title='bbox 1541 1295 1750 1359; x_wconf 58' lang='grc' dir='ltr'>δεηθεὶς</span> 
     </span>
    </p>
   </div>
   <div class='ocr_carea' id='block_1_14' title="bbox 164 1388 1576 1462">
    <p class='ocr_par' dir='ltr' id='par_1_14' title="bbox 164 1388 1576 1462">
     <span class='ocr_line' id='line_1_14' title="bbox 164 1388 1576 1462; baseline -0.005 -17"><span class='ocrx_word' id='word_1_85' title='bbox 164 1393 336 1447; x_wconf 74' lang='grc' dir='ltr'>αὐτοῦ</span> <span class='ocrx_word' id='word_1_86' title='bbox 370 1392 662 1462; x_wconf 78' lang='grc' dir='ltr'><strong>φυλάττειν</strong></span> <span class='ocrx_word' id='word_1_87' title='bbox 691 1390 781 1442; x_wconf 75' lang='grc' dir='ltr'><strong>τὸν</strong></span> <span class='ocrx_word' id='word_1_88' title='bbox 810 1389 927 1443; x_wconf 74' lang='grc' dir='ltr'>υἱὸν</span> <span class='ocrx_word' id='word_1_89' title='bbox 949 1388 1112 1441; x_wconf 72' lang='grc' dir='ltr'>αὐτοῦ</span> <span class='ocrx_word' id='word_1_90' title='bbox 1146 1390 1576 1441; x_wconf 80' lang='grc' dir='ltr'>Κωνσταντῖνον.</span> 
     </span>
    </p>
   </div>
   <div class='ocr_carea' id='block_1_15' title="bbox 179 1545 1753 1617">
    <p class='ocr_par' dir='ltr' id='par_1_15' title="bbox 179 1545 1753 1617">
     <span class='ocr_line' id='line_1_15' title="bbox 179 1545 1753 1617; baseline -0.006 -14"><span class='ocrx_word' id='word_1_91' title='bbox 179 1547 489 1617; x_wconf 75' lang='grc' dir='ltr'>Ῥωμαίων</span> <span class='ocrx_word' id='word_1_92' title='bbox 518 1549 820 1611; x_wconf 71' lang='grc' dir='ltr'>,βασιλεὺς</span> <span class='ocrx_word' id='word_1_93' title='bbox 869 1546 1257 1611; x_wconf 71' lang='grc' dir='ltr'>Ἀλέξανδρος</span> <span class='ocrx_word' id='word_1_94' title='bbox 1285 1545 1407 1617; x_wconf 61' lang='grc' dir='ltr'>σὺν</span> <span class='ocrx_word' id='word_1_95' title='bbox 1436 1547 1753 1617; x_wconf 43' lang='lat' dir='ltr'><strong>latrator-</strong></span> 
     </span>
    </p>
   </div>
   <div class='ocr_carea' id='block_1_16' title="bbox 226 1612 1718 1688">
    <p class='ocr_par' dir='ltr' id='par_1_16' title="bbox 226 1612 1718 1688">
     <span class='ocr_line' id='line_1_16' title="bbox 226 1612 1718 1688; baseline -0.004 -16"><span class='ocrx_word' id='word_1_96' title='bbox 226 1612 375 1688; x_wconf 61' lang='grc' dir='ltr'><strong>τίὶθῳ</strong></span> <span class='ocrx_word' id='word_1_97' title='bbox 397 1617 478 1682; x_wconf 82' lang='grc' dir='ltr'>τῷ</span> <span class='ocrx_word' id='word_1_98' title='bbox 506 1618 1052 1686; x_wconf 65' lang='grc' dir='ltr'>Πορφιιρογεννήτῳ</span> <span class='ocrx_word' id='word_1_99' title='bbox 1097 1617 1230 1682; x_wconf 83' lang='grc' dir='ltr'>ἑτος</span> <span class='ocrx_word' id='word_1_100' title='bbox 1256 1614 1306 1666; x_wconf 87' lang='grc' dir='ltr'>α’</span> <span class='ocrx_word' id='word_1_101' title='bbox 1342 1615 1564 1681; x_wconf 66' lang='grc' dir='ltr'>ἡμέρας</span> <span class='ocrx_word' id='word_1_102' title='bbox 1594 1612 1718 1680; x_wconf 63' lang='grc' dir='ltr'>κιν..</span> 
     </span>
    </p>
   </div>
   <div class='ocr_carea' id='block_1_17' title="bbox 240 1728 1755 1806">
    <p class='ocr_par' dir='ltr' id='par_1_17' title="bbox 240 1728 1755 1806">
     <span class='ocr_line' id='line_1_17' title="bbox 240 1728 1755 1806; baseline -0.004 -20"><span class='ocrx_word' id='word_1_103' title='bbox 240 1731 328 1806; x_wconf 76' lang='grc' dir='ltr'><strong>[Ρ.</strong></span> <span class='ocrx_word' id='word_1_104' title='bbox 370 1731 498 1804; x_wconf 72' lang='grc'><strong>471]</strong></span> <span class='ocrx_word' id='word_1_105' title='bbox 536 1733 755 1801; x_wconf 77' lang='grc' dir='ltr'>Κόσμου</span> <span class='ocrx_word' id='word_1_106' title='bbox 788 1731 904 1795; x_wconf 76' lang='grc' dir='ltr'>ἔτος</span> <span class='ocrx_word' id='word_1_107' title='bbox 936 1730 1095 1803; x_wconf 48' lang='grc' dir='ltr'>οςυξ,</span> <span class='ocrx_word' id='word_1_108' title='bbox 1118 1730 1216 1797; x_wconf 83' lang='grc' dir='ltr'>τῆς</span> <span class='ocrx_word' id='word_1_109' title='bbox 1244 1728 1391 1788; x_wconf 84' lang='grc' dir='ltr'>θείας</span> <span class='ocrx_word' id='word_1_110' title='bbox 1427 1728 1755 1798; x_wconf 79' lang='grc' dir='ltr'>σαρκώσεως</span> 
     </span>
    </p>
   </div>
   <div class='ocr_carea' id='block_1_18' title="bbox 166 1820 1754 1894">
    <p class='ocr_par' dir='ltr' id='par_1_18' title="bbox 166 1820 1754 1894">
     <span class='ocr_line' id='line_1_18' title="bbox 166 1820 1754 1894; baseline -0.004 -17"><span class='ocrx_word' id='word_1_111' title='bbox 166 1824 289 1892; x_wconf 61' lang='lat' dir='ltr'><strong>53C,</strong></span> <span class='ocrx_word' id='word_1_112' title='bbox 335 1822 622 1892; x_wconf 79' lang='grc' dir='ltr'>Ῥωμαίων</span> <span class='ocrx_word' id='word_1_113' title='bbox 655 1823 910 1894; x_wconf 73' lang='grc' dir='ltr'>βασιλεὺς</span> <span class='ocrx_word' id='word_1_114' title='bbox 951 1821 1297 1891; x_wconf 71' lang='grc' dir='ltr'>Ἀλέξανδρος</span> <span class='ocrx_word' id='word_1_115' title='bbox 1342 1821 1438 1871; x_wconf 72' lang='grc' dir='ltr'>σὺν</span> <span class='ocrx_word' id='word_1_116' title='bbox 1466 1820 1754 1871; x_wconf 83' lang='grc' dir='ltr'>Κωνσταν-</span> 
     </span>
    </p>
   </div>
   <div class='ocr_carea' id='block_1_19' title="bbox 1851 644 3419 713">
    <p class='ocr_par' dir='ltr' id='par_1_19' title="bbox 1851 644 3419 713">
     <span class='ocr_line' id='line_1_19' title="bbox 1851 644 3419 713; baseline -0.003 -14"><span class='ocrx_word' id='word_1_117' title='bbox 1851 647 2056 699; x_wconf 75' lang='lat' dir='ltr'><strong>Exinde</strong></span> <span class='ocrx_word' id='word_1_118' title='bbox 2085 646 2195 698; x_wconf 87' lang='lat' dir='ltr'><strong>Leo</strong></span> <span class='ocrx_word' id='word_1_119' title='bbox 2217 645 2443 698; x_wconf 70' lang='grc' dir='ltr'>ριιεὶίοοο</span> <span class='ocrx_word' id='word_1_120' title='bbox 2468 645 2663 698; x_wconf 91' lang='lat' dir='ltr'><strong>morbo</strong></span> <span class='ocrx_word' id='word_1_121' title='bbox 2691 644 2943 697; x_wconf 80' lang='lat' dir='ltr'><strong>laborare</strong></span> <span class='ocrx_word' id='word_1_122' title='bbox 2966 646 3151 712; x_wconf 69' lang='lat' dir='ltr'><strong>coepit.</strong></span> <span class='ocrx_word' id='word_1_123' title='bbox 3179 644 3419 713; x_wconf 76' lang='lat' dir='ltr'><strong>Conligit</strong></span> 
     </span>
    </p>
   </div>
   <div class='ocr_carea' id='block_1_20' title="bbox 1852 737 3424 807">
    <p class='ocr_par' dir='ltr' id='par_1_20' title="bbox 1852 737 3424 807">
     <span class='ocr_line' id='line_1_20' title="bbox 1852 737 3424 807; baseline -0.002 -18"><span class='ocrx_word' id='word_1_124' title='bbox 1852 753 1982 791; x_wconf 68' lang='lat' dir='ltr'><strong>vero</strong></span> <span class='ocrx_word' id='word_1_125' title='bbox 2009 737 2325 791; x_wconf 84' lang='lat' dir='ltr'><strong>incendium</strong></span> <span class='ocrx_word' id='word_1_126' title='bbox 2362 737 2415 789; x_wconf 91' lang='lat' dir='ltr'><strong>in</strong></span> <span class='ocrx_word' id='word_1_127' title='bbox 2459 738 2660 807; x_wconf 76' lang='lat' dir='ltr'><strong>Magna:</strong></span> <span class='ocrx_word' id='word_1_128' title='bbox 2694 737 2939 790; x_wconf 76' lang='lat' dir='ltr'><strong>ecclesia:</strong></span> <span class='ocrx_word' id='word_1_129' title='bbox 2967 737 3283 795; x_wconf 81' lang='lat' dir='ltr'><strong>Cerulariis,</strong></span> <span class='ocrx_word' id='word_1_130' title='bbox 3314 753 3424 805; x_wconf 72' lang='lat' dir='ltr'><strong>quo</strong></span> 
     </span>
    </p>
   </div>
   <div class='ocr_carea' id='block_1_21' title="bbox 1849 830 3417 885">
    <p class='ocr_par' dir='ltr' id='par_1_21' title="bbox 1849 830 3417 885">
     <span class='ocr_line' id='line_1_21' title="bbox 1849 830 3417 885; baseline -0.002 -2"><span class='ocrx_word' id='word_1_131' title='bbox 1849 831 2133 884; x_wconf 84' lang='lat' dir='ltr'><strong>combusta</strong></span> <span class='ocrx_word' id='word_1_132' title='bbox 2176 831 2493 884; x_wconf 90' lang='lat' dir='ltr'><strong>chartarum</strong></span> <span class='ocrx_word' id='word_1_133' title='bbox 2535 832 2771 885; x_wconf 88' lang='lat' dir='ltr'><strong>armaria</strong></span> <span class='ocrx_word' id='word_1_134' title='bbox 2818 830 3002 882; x_wconf 88' lang='lat' dir='ltr'><strong>omnia</strong></span> <span class='ocrx_word' id='word_1_135' title='bbox 3042 838 3096 881; x_wconf 80' lang='lat' dir='ltr'><strong>et</strong></span> <span class='ocrx_word' id='word_1_136' title='bbox 3137 832 3417 883; x_wconf 83' lang='lat' dir='ltr'><strong>sacellum.</strong></span> 
     </span>
    </p>
   </div>
   <div class='ocr_carea' id='block_1_22' title="bbox 1850 920 3420 989">
    <p class='ocr_par' dir='ltr' id='par_1_22' title="bbox 1850 920 3420 989">
     <span class='ocr_line' id='line_1_22' title="bbox 1850 920 3420 989; baseline -0.002 -13"><span class='ocrx_word' id='word_1_137' title='bbox 1850 924 1976 976; x_wconf 82' lang='lat' dir='ltr'><strong>Maii</strong></span> <span class='ocrx_word' id='word_1_138' title='bbox 2010 934 2192 978; x_wconf 90' lang='lat' dir='ltr'><strong>autem</strong></span> <span class='ocrx_word' id='word_1_139' title='bbox 2239 924 2327 977; x_wconf 91' lang='lat' dir='ltr'><strong>die</strong></span> <span class='ocrx_word' id='word_1_140' title='bbox 2368 922 2659 975; x_wconf 88' lang='lat' dir='ltr'><strong>undecima</strong></span> <span class='ocrx_word' id='word_1_141' title='bbox 2697 922 2934 975; x_wconf 87' lang='lat' dir='ltr'><strong>moritur</strong></span> <span class='ocrx_word' id='word_1_142' title='bbox 2963 920 3073 974; x_wconf 80' lang='lat' dir='ltr'><strong>Leo</strong></span> <span class='ocrx_word' id='word_1_143' title='bbox 3102 921 3420 989; x_wconf 74' lang='lat' dir='ltr'><strong>imperator.</strong></span> 
     </span>
    </p>
   </div>
   <div class='ocr_carea' id='block_1_23' title="bbox 1850 1012 3425 1080">
    <p class='ocr_par' dir='ltr' id='par_1_23' title="bbox 1850 1012 3425 1080">
     <span class='ocr_line' id='line_1_23' title="bbox 1850 1012 3425 1080; baseline -0.006 -13"><span class='ocrx_word' id='word_1_144' title='bbox 1850 1015 2160 1067; x_wconf 77' lang='lat' dir='ltr'><strong>Alexandro</strong></span> <span class='ocrx_word' id='word_1_145' title='bbox 2195 1014 2367 1068; x_wconf 76' lang='lat' dir='ltr'><strong>fratre</strong></span> <span class='ocrx_word' id='word_1_146' title='bbox 2415 1012 2700 1080; x_wconf 85' lang='lat' dir='ltr'><strong>designato</strong></span> <span class='ocrx_word' id='word_1_147' title='bbox 2736 1014 3108 1080; x_wconf 88' lang='lat' dir='ltr'><strong>imperatore;</strong></span> <span class='ocrx_word' id='word_1_148' title='bbox 3154 1027 3264 1078; x_wconf 91' lang='lat' dir='ltr'><strong>quo</strong></span> <span class='ocrx_word' id='word_1_149' title='bbox 3307 1012 3425 1061; x_wconf 60' lang='lat' dir='ltr'><strong>visu</strong></span> 
     </span>
    </p>
   </div>
   <div class='ocr_carea' id='block_1_24' title="bbox 1850 1103 3424 1171">
    <p class='ocr_par' dir='ltr' id='par_1_24' title="bbox 1850 1103 3424 1171">
     <span class='ocr_line' id='line_1_24' title="bbox 1850 1103 3424 1171; baseline -0.003 -14"><span class='ocrx_word' id='word_1_150' title='bbox 1850 1106 1917 1159; x_wconf 87' lang='lat' dir='ltr'><strong>ad</strong></span> <span class='ocrx_word' id='word_1_151' title='bbox 1953 1121 2010 1159; x_wconf 78' lang='lat' dir='ltr'><strong>se</strong></span> <span class='ocrx_word' id='word_1_152' title='bbox 2035 1108 2289 1160; x_wconf 76' lang='lat' dir='ltr'><strong>veniente</strong></span> <span class='ocrx_word' id='word_1_153' title='bbox 2310 1106 2513 1159; x_wconf 79' lang='lat' dir='ltr'><strong>dixisse</strong></span> <span class='ocrx_word' id='word_1_154' title='bbox 2541 1104 2716 1158; x_wconf 79' lang='lat' dir='ltr'><strong>fertur</strong></span> <span class='ocrx_word' id='word_1_155' title='bbox 2750 1122 2762 1155; x_wconf 87' lang='lat'>:</span> <span class='ocrx_word' id='word_1_156' title='bbox 2796 1103 2873 1155; x_wconf 81' lang='lat' dir='ltr'><strong>En</strong></span> <span class='ocrx_word' id='word_1_157' title='bbox 2909 1116 2953 1156; x_wconf 87' lang='lat' dir='ltr'><strong>et</strong></span> <span class='ocrx_word' id='word_1_158' title='bbox 2979 1114 3185 1171; x_wconf 74' lang='lat' dir='ltr'><strong>tempus</strong></span> <span class='ocrx_word' id='word_1_159' title='bbox 3226 1104 3424 1156; x_wconf 82' lang='lat' dir='ltr'><strong>malum</strong></span> 
     </span>
    </p>
   </div>
   <div class='ocr_carea' id='block_1_25' title="bbox 1852 1194 3414 1266">
    <p class='ocr_par' dir='ltr' id='par_1_25' title="bbox 1852 1194 3414 1266">
     <span class='ocr_line' id='line_1_25' title="bbox 1852 1194 3414 1266; baseline -0.003 -15"><span class='ocrx_word' id='word_1_160' title='bbox 1852 1208 1964 1266; x_wconf 76' lang='lat' dir='ltr'><strong>post</strong></span> <span class='ocrx_word' id='word_1_161' title='bbox 2025 1199 2271 1250; x_wconf 78' lang='lat' dir='ltr'><strong>tredecim</strong></span> <span class='ocrx_word' id='word_1_162' title='bbox 2320 1214 2554 1260; x_wconf 77' lang='lat' dir='ltr'><strong>menses,</strong></span> <span class='ocrx_word' id='word_1_163' title='bbox 2597 1196 2833 1249; x_wconf 88' lang='lat' dir='ltr'><strong>multum</strong></span> <span class='ocrx_word' id='word_1_164' title='bbox 2899 1210 3097 1265; x_wconf 76' lang='lat' dir='ltr'><strong>rogans</strong></span> <span class='ocrx_word' id='word_1_165' title='bbox 3150 1205 3209 1249; x_wconf 85' lang='lat' dir='ltr'><strong>ut</strong></span> <span class='ocrx_word' id='word_1_166' title='bbox 3239 1194 3414 1249; x_wconf 84' lang='lat' dir='ltr'><strong>lilium</strong></span> 
     </span>
    </p>
   </div>
   <div class='ocr_carea' id='block_1_26' title="bbox 1855 1287 2767 1343">
    <p class='ocr_par' dir='ltr' id='par_1_26' title="bbox 1855 1287 2767 1343">
     <span class='ocr_line' id='line_1_26' title="bbox 1855 1287 2767 1343; baseline -0.004 -1"><span class='ocrx_word' id='word_1_167' title='bbox 1855 1304 2013 1342; x_wconf 88' lang='lat' dir='ltr'><strong>suum</strong></span> <span class='ocrx_word' id='word_1_168' title='bbox 2048 1287 2470 1343; x_wconf 84' lang='lat' dir='ltr'><strong>Constantinum</strong></span> <span class='ocrx_word' id='word_1_169' title='bbox 2498 1295 2767 1343; x_wconf 75' lang='lat' dir='ltr'><strong>servaret.</strong></span> 
     </span>
    </p>
   </div>
   <div class='ocr_carea' id='block_1_27' title="bbox 1855 1542 3431 1610">
    <p class='ocr_par' dir='ltr' id='par_1_27' title="bbox 1855 1542 3431 1610">
     <span class='ocr_line' id='line_1_27' title="bbox 1855 1542 3431 1610; baseline -0.005 -11"><span class='ocrx_word' id='word_1_170' title='bbox 1855 1545 2217 1600; x_wconf 80' lang='lat' dir='ltr'><strong>Romanorum</strong></span> <span class='ocrx_word' id='word_1_171' title='bbox 2262 1546 2551 1610; x_wconf 81' lang='lat' dir='ltr'><strong>imperator</strong></span> <span class='ocrx_word' id='word_1_172' title='bbox 2583 1542 2881 1597; x_wconf 76' lang='lat' dir='ltr'><strong>Alexander</strong></span> <span class='ocrx_word' id='word_1_173' title='bbox 2911 1560 3025 1595; x_wconf 85' lang='lat' dir='ltr'><strong>cum</strong></span> <span class='ocrx_word' id='word_1_174' title='bbox 3078 1542 3431 1596; x_wconf 73' lang='lat' dir='ltr'><strong>Constantino</strong></span> 
     </span>
    </p>
   </div>
   <div class='ocr_carea' id='block_1_28' title="bbox 2069 1612 3183 1687">
    <p class='ocr_par' dir='ltr' id='par_1_28' title="bbox 2069 1612 3183 1687">
     <span class='ocr_line' id='line_1_28' title="bbox 2069 1612 3183 1687; baseline -0.005 -18"><span class='ocrx_word' id='word_1_175' title='bbox 2069 1617 2569 1687; x_wconf 80' lang='lat' dir='ltr'><strong>Porphyrogetmeto</strong></span> <span class='ocrx_word' id='word_1_176' title='bbox 2597 1630 2797 1665; x_wconf 83' lang='lat' dir='ltr'><strong>annum</strong></span> <span class='ocrx_word' id='word_1_177' title='bbox 2831 1612 2855 1666; x_wconf 83' lang='grc' dir='ltr'><em>Ι</em></span> <span class='ocrx_word' id='word_1_178' title='bbox 2899 1613 3007 1665; x_wconf 84' lang='lat' dir='ltr'><strong>dies</strong></span> <span class='ocrx_word' id='word_1_179' title='bbox 3041 1629 3183 1665; x_wconf 79' lang='lat' dir='ltr'><strong>xxix.</strong></span> 
     </span>
    </p>
   </div>
   <div class='ocr_carea' id='block_1_29' title="bbox 1926 1726 3431 1790">
    <p class='ocr_par' dir='ltr' id='par_1_29' title="bbox 1926 1726 3431 1790">
     <span class='ocr_line' id='line_1_29' title="bbox 1926 1726 3431 1790; baseline -0.005 -8"><span class='ocrx_word' id='word_1_180' title='bbox 1926 1729 2118 1782; x_wconf 72' lang='lat' dir='ltr'><strong>Mundi</strong></span> <span class='ocrx_word' id='word_1_181' title='bbox 2157 1744 2336 1783; x_wconf 90' lang='lat' dir='ltr'><strong>annus</strong></span> <span class='ocrx_word' id='word_1_182' title='bbox 2390 1728 2525 1781; x_wconf 74' lang='lat' dir='ltr'><strong>6.l07</strong></span> <span class='ocrx_word' id='word_1_183' title='bbox 2556 1767 2571 1790; x_wconf 88' lang='lat'><strong><em>,</em></strong></span> <span class='ocrx_word' id='word_1_184' title='bbox 2616 1727 2816 1780; x_wconf 77' lang='lat' dir='ltr'><strong>divina:</strong></span> <span class='ocrx_word' id='word_1_185' title='bbox 2861 1726 3258 1778; x_wconf 83' lang='lat' dir='ltr'><strong>incarnationis</strong></span> <span class='ocrx_word' id='word_1_186' title='bbox 3304 1726 3431 1785; x_wconf 79' lang='lat'><strong>907,</strong></span> 
     </span>
    </p>
   </div>
   <div class='ocr_carea' id='block_1_30' title="bbox 1858 1818 3435 1888">
    <p class='ocr_par' dir='ltr' id='par_1_30' title="bbox 1858 1818 3435 1888">
     <span class='ocr_line' id='line_1_30' title="bbox 1858 1818 3435 1888; baseline -0.002 -16"><span class='ocrx_word' id='word_1_187' title='bbox 1858 1818 2155 1887; x_wconf 85' lang='lat' dir='ltr'><strong>imperator</strong></span> <span class='ocrx_word' id='word_1_188' title='bbox 2200 1819 2507 1873; x_wconf 78' lang='lat' dir='ltr'><strong>Alexander</strong></span> <span class='ocrx_word' id='word_1_189' title='bbox 2556 1834 2680 1872; x_wconf 91' lang='lat' dir='ltr'><strong>cum</strong></span> <span class='ocrx_word' id='word_1_190' title='bbox 2728 1818 3090 1872; x_wconf 74' lang='lat' dir='ltr'><strong>Constantino</strong></span> <span class='ocrx_word' id='word_1_191' title='bbox 3122 1818 3435 1888; x_wconf 80' lang='lat' dir='ltr'><strong>Porpher-</strong></span> 
     </span>
    </p>
   </div>
   <div class='ocr_carea' id='block_1_31' title="bbox 166 1908 1759 1987">
    <p class='ocr_par' dir='ltr' id='par_1_31' title="bbox 166 1910 1751 1987">
     <span class='ocr_line' id='line_1_31' title="bbox 166 1910 1751 1987; baseline -0.006 -17"><span class='ocrx_word' id='word_1_192' title='bbox 166 1921 297 1985; x_wconf 76' lang='grc' dir='ltr'>τίνῳ</span> <span class='ocrx_word' id='word_1_193' title='bbox 319 1919 824 1987; x_wconf 76' lang='grc' dir='ltr'>Πορφυρογεννήτῳ</span> <span class='ocrx_word' id='word_1_194' title='bbox 842 1916 942 1986; x_wconf 81' lang='grc' dir='ltr'><strong>υἱῴ</strong></span> <span class='ocrx_word' id='word_1_195' title='bbox 966 1915 1214 1975; x_wconf 81' lang='grc' dir='ltr'>Λέοντος,</span> <span class='ocrx_word' id='word_1_196' title='bbox 1244 1914 1490 1965; x_wconf 75' lang='grc' dir='ltr'>ἐνιαυτὸν</span> <span class='ocrx_word' id='word_1_197' title='bbox 1524 1918 1570 1962; x_wconf 83' lang='grc' dir='ltr'>α’</span> <span class='ocrx_word' id='word_1_198' title='bbox 1614 1910 1751 1980; x_wconf 84' lang='grc' dir='ltr'><strong>ήμέ-</strong></span> 
     </span>
    </p>
   </div>
   <div class='ocr_carea' id='block_1_32' title="bbox 1863 1908 3435 1987">
    <p class='ocr_par' dir='ltr' id='par_1_32' title="bbox 1863 1908 3435 1980">
     <span class='ocr_line' id='line_1_32' title="bbox 1863 1908 3435 1980; baseline -0.001 -18"><span class='ocrx_word' id='word_1_199' title='bbox 1863 1922 2092 1980; x_wconf 85' lang='lat' dir='ltr'><strong>genneto</strong></span> <span class='ocrx_word' id='word_1_200' title='bbox 2118 1910 2318 1964; x_wconf 87' lang='lat' dir='ltr'><strong>Leonis</strong></span> <span class='ocrx_word' id='word_1_201' title='bbox 2349 1910 2484 1971; x_wconf 84' lang='lat' dir='ltr'><strong>ﬁlio,</strong></span> <span class='ocrx_word' id='word_1_202' title='bbox 2522 1925 2727 1963; x_wconf 91' lang='lat' dir='ltr'><strong>annum</strong></span> <span class='ocrx_word' id='word_1_203' title='bbox 2762 1910 2783 1963; x_wconf 83' lang='lat' dir='ltr'><strong>l</strong></span> <span class='ocrx_word' id='word_1_204' title='bbox 2815 1910 2935 1963; x_wconf 88' lang='lat' dir='ltr'><strong>dies</strong></span> <span class='ocrx_word' id='word_1_205' title='bbox 2959 1908 3050 1962; x_wconf 74' lang='lat'><strong>29.</strong></span> <span class='ocrx_word' id='word_1_206' title='bbox 3100 1908 3217 1962; x_wconf 80' lang='lat' dir='ltr'><strong>Mox</strong></span> <span class='ocrx_word' id='word_1_207' title='bbox 3253 1910 3435 1978; x_wconf 74' lang='lat' dir='ltr'><strong>itaque</strong></span> 
     </span>
    </p>
   </div>
   <div class='ocr_carea' id='block_1_33' title="bbox 168 2002 1754 2077">
    <p class='ocr_par' dir='ltr' id='par_1_33' title="bbox 168 2002 1754 2077">
     <span class='ocr_line' id='line_1_33' title="bbox 168 2002 1754 2077; baseline -0.004 -17"><span class='ocrx_word' id='word_1_208' title='bbox 168 2025 269 2077; x_wconf 85' lang='grc' dir='ltr'><strong>ρας</strong></span> <span class='ocrx_word' id='word_1_209' title='bbox 295 2005 400 2060; x_wconf 72' lang='lat' dir='ltr'><strong>xO&#39;.</strong></span> <span class='ocrx_word' id='word_1_210' title='bbox 439 2008 497 2061; x_wconf 86' lang='grc'><strong>’0</strong></span> <span class='ocrx_word' id='word_1_211' title='bbox 526 2002 619 2060; x_wconf 70' lang='grc' dir='ltr'>οὖν</span> <span class='ocrx_word' id='word_1_212' title='bbox 662 2005 1008 2076; x_wconf 80' lang='grc' dir='ltr'>Ἀλέξανδρος</span> <span class='ocrx_word' id='word_1_213' title='bbox 1039 2005 1366 2065; x_wconf 79' lang='grc' dir='ltr'><strong>ἀποστείλας</strong></span> <span class='ocrx_word' id='word_1_214' title='bbox 1392 2002 1552 2064; x_wconf 74' lang='grc' dir='ltr'>εὐθὺς</span> <span class='ocrx_word' id='word_1_215' title='bbox 1580 2002 1754 2071; x_wconf 71' lang='grc' dir='ltr'>ἧγαγε</span> 
     </span>
    </p>
   </div>
   <div class='ocr_carea' id='block_1_34' title="bbox 166 2096 1753 2168">
    <p class='ocr_par' dir='ltr' id='par_1_34' title="bbox 166 2096 1753 2168">
     <span class='ocr_line' id='line_1_34' title="bbox 166 2096 1753 2168; baseline -0.003 -17"><span class='ocrx_word' id='word_1_216' title='bbox 166 2099 442 2151; x_wconf 80' lang='grc' dir='ltr'>Νικόλαον</span> <span class='ocrx_word' id='word_1_217' title='bbox 498 2101 563 2151; x_wconf 67' lang='grc' dir='ltr'>ἐκ</span> <span class='ocrx_word' id='word_1_218' title='bbox 610 2097 982 2168; x_wconf 82' lang='grc' dir='ltr'>Γαλακρηνῶν</span> <span class='ocrx_word' id='word_1_219' title='bbox 1044 2098 1139 2148; x_wconf 79' lang='grc' dir='ltr'>καὶ</span> <span class='ocrx_word' id='word_1_220' title='bbox 1199 2097 1537 2164; x_wconf 80' lang='grc' dir='ltr'>ἐνεθρόνισεν</span> <span class='ocrx_word' id='word_1_221' title='bbox 1572 2096 1753 2159; x_wconf 79' lang='grc' dir='ltr'>αὑτὸν,</span> 
     </span>
    </p>
   </div>
   <div class='ocr_carea' id='block_1_35' title="bbox 168 2186 1759 2257">
    <p class='ocr_par' dir='ltr' id='par_1_35' title="bbox 168 2186 1759 2257">
     <span class='ocr_line' id='line_1_35' title="bbox 168 2186 1759 2257; baseline -0.003 -16"><span class='ocrx_word' id='word_1_222' title='bbox 168 2187 510 2256; x_wconf 84' lang='grc' dir='ltr'>καταγαγὼν</span> <span class='ocrx_word' id='word_1_223' title='bbox 541 2188 832 2257; x_wconf 76' lang='grc' dir='ltr'>Εὑθύμιον,</span> <span class='ocrx_word' id='word_1_224' title='bbox 861 2188 919 2240; x_wconf 86' lang='grc' dir='ltr'>ὃν</span> <span class='ocrx_word' id='word_1_225' title='bbox 954 2188 1050 2240; x_wconf 62' lang='grc' dir='ltr'><strong>καὶ⁵</strong></span> <span class='ocrx_word' id='word_1_226' title='bbox 1072 2189 1151 2250; x_wconf 89' lang='grc' dir='ltr'><strong>είς</strong></span> <span class='ocrx_word' id='word_1_227' title='bbox 1172 2187 1266 2239; x_wconf 82' lang='grc' dir='ltr'>τοῦ</span> <span class='ocrx_word' id='word_1_228' title='bbox 1321 2186 1549 2253; x_wconf 84' lang='grc' dir='ltr'>Ἀγαθοῦ</span> <span class='ocrx_word' id='word_1_229' title='bbox 1584 2186 1759 2254; x_wconf 76' lang='grc' dir='ltr'>ἐξορί-</span> 
     </span>
    </p>
   </div>
   <div class='ocr_carea' id='block_1_36' title="bbox 169 2275 1759 2348">
    <p class='ocr_par' dir='ltr' id='par_1_36' title="bbox 169 2275 1759 2348">
     <span class='ocr_line' id='line_1_36' title="bbox 169 2275 1759 2348; baseline -0.004 -16"><span class='ocrx_word' id='word_1_230' title='bbox 169 2296 271 2343; x_wconf 84' lang='grc' dir='ltr'><strong>σας</strong></span> <span class='ocrx_word' id='word_1_231' title='bbox 311 2279 435 2348; x_wconf 85' lang='grc' dir='ltr'>μετ’</span> <span class='ocrx_word' id='word_1_232' title='bbox 466 2278 655 2345; x_wconf 79' lang='grc' dir='ltr'>ὀλίγας</span> <span class='ocrx_word' id='word_1_233' title='bbox 680 2277 893 2347; x_wconf 79' lang='grc' dir='ltr'>ἡμέρας</span> <span class='ocrx_word' id='word_1_234' title='bbox 920 2278 1000 2339; x_wconf 90' lang='grc' dir='ltr'><strong>είς</strong></span> <span class='ocrx_word' id='word_1_235' title='bbox 1026 2275 1363 2346; x_wconf 83' lang='grc' dir='ltr'>Μαγναῦραν</span> <span class='ocrx_word' id='word_1_236' title='bbox 1392 2278 1644 2345; x_wconf 83' lang='grc' dir='ltr'>ήνεγκεν,</span> <span class='ocrx_word' id='word_1_237' title='bbox 1666 2277 1759 2328; x_wconf 74' lang='grc' dir='ltr'>καὶ</span> 
     </span>
    </p>
   </div>
   <div class='ocr_carea' id='block_1_37' title="bbox 168 2367 1760 2438">
    <p class='ocr_par' dir='ltr' id='par_1_37' title="bbox 168 2367 1760 2438">
     <span class='ocr_line' id='line_1_37' title="bbox 168 2367 1760 2438; baseline -0.003 -15"><span class='ocrx_word' id='word_1_238' title='bbox 168 2372 449 2424; x_wconf 76' lang='grc' dir='ltr'>σελέντιον</span> <span class='ocrx_word' id='word_1_239' title='bbox 476 2372 573 2423; x_wconf 72' lang='grc' dir='ltr'>καὶ</span> <span class='ocrx_word' id='word_1_240' title='bbox 632 2369 850 2423; x_wconf 80' lang='grc' dir='ltr'>σύνοδον</span> <span class='ocrx_word' id='word_1_241' title='bbox 901 2370 1017 2421; x_wconf 76' lang='grc' dir='ltr'>ἐκεῖ</span> <span class='ocrx_word' id='word_1_242' title='bbox 1041 2372 1294 2437; x_wconf 83' lang='grc' dir='ltr'><strong>ποιήσας,</strong></span> <span class='ocrx_word' id='word_1_243' title='bbox 1320 2367 1419 2438; x_wconf 80' lang='grc' dir='ltr'><strong>τὴν</strong></span> <span class='ocrx_word' id='word_1_244' title='bbox 1443 2369 1760 2437; x_wconf 80' lang='grc' dir='ltr'>καθαίρεσιν</span> 
     </span>
    </p>
   </div>
   <div class='ocr_carea' id='block_1_38' title="bbox 167 2456 1762 2529">
    <p class='ocr_par' dir='ltr' id='par_1_38' title="bbox 167 2456 1762 2529">
     <span class='ocr_line' id='line_1_38' title="bbox 167 2456 1762 2529; baseline -0.004 -14"><span class='ocrx_word' id='word_1_245' title='bbox 167 2461 338 2516; x_wconf 79' lang='grc' dir='ltr'>αὑτοῦ</span> <span class='ocrx_word' id='word_1_246' title='bbox 388 2460 657 2525; x_wconf 82' lang='grc' dir='ltr'>ποιοῦσιν,</span> <span class='ocrx_word' id='word_1_247' title='bbox 705 2461 917 2529; x_wconf 76' lang='grc' dir='ltr'>ἀτίμως</span> <span class='ocrx_word' id='word_1_248' title='bbox 954 2460 1224 2521; x_wconf 82' lang='grc' dir='ltr'>τίλλοντες</span> <span class='ocrx_word' id='word_1_249' title='bbox 1254 2456 1348 2510; x_wconf 82' lang='grc' dir='ltr'>τοῦ</span> <span class='ocrx_word' id='word_1_250' title='bbox 1401 2456 1762 2529; x_wconf 85' lang='grc' dir='ltr'>ἱεροπρεποῦς</span> 
     </span>
    </p>
   </div>
   <div class='ocr_carea' id='block_1_39' title="bbox 168 2549 1760 2623">
    <p class='ocr_par' dir='ltr' id='par_1_39' title="bbox 168 2549 1760 2623">
     <span class='ocr_line' id='line_1_39' title="bbox 168 2549 1760 2623; baseline -0.003 -16"><span class='ocrx_word' id='word_1_251' title='bbox 168 2555 268 2607; x_wconf 73' lang='grc' dir='ltr'>καὶ</span> <span class='ocrx_word' id='word_1_252' title='bbox 320 2552 657 2621; x_wconf 81' lang='grc' dir='ltr'>άξιαγάστου</span> <span class='ocrx_word' id='word_1_253' title='bbox 704 2554 913 2606; x_wconf 72' lang='grc' dir='ltr'>ἐκείνου</span> <span class='ocrx_word' id='word_1_254' title='bbox 968 2549 1159 2620; x_wconf 82' lang='grc' dir='ltr'>ἀνδρὸς</span> <span class='ocrx_word' id='word_1_255' title='bbox 1210 2551 1309 2623; x_wconf 81' lang='grc' dir='ltr'>τὴν</span> <span class='ocrx_word' id='word_1_256' title='bbox 1360 2550 1635 2618; x_wconf 82' lang='grc' dir='ltr'>γενειάδα,</span> <span class='ocrx_word' id='word_1_257' title='bbox 1667 2553 1760 2602; x_wconf 75' lang='grc' dir='ltr'>καὶ</span> 
     </span>
    </p>
   </div>
   <div class='ocr_carea' id='block_1_40' title="bbox 167 2641 1760 2714">
    <p class='ocr_par' dir='ltr' id='par_1_40' title="bbox 167 2641 1760 2714">
     <span class='ocr_line' id='line_1_40' title="bbox 167 2641 1760 2714; baseline -0.003 -14"><span class='ocrx_word' id='word_1_258' title='bbox 167 2647 338 2709; x_wconf 73' lang='grc' dir='ltr'>ἄλλας</span> <span class='ocrx_word' id='word_1_259' title='bbox 368 2647 521 2708; x_wconf 71' lang='grc' dir='ltr'>τινὰς</span> <span class='ocrx_word' id='word_1_260' title='bbox 545 2645 732 2714; x_wconf 71' lang='grc' dir='ltr'>ὕϐρεις</span> <span class='ocrx_word' id='word_1_261' title='bbox 753 2644 848 2697; x_wconf 74' lang='grc' dir='ltr'>καὶ</span> <span class='ocrx_word' id='word_1_262' title='bbox 881 2644 1072 2708; x_wconf 81' lang='grc' dir='ltr'>ποινὰς</span> <span class='ocrx_word' id='word_1_263' title='bbox 1107 2642 1257 2712; x_wconf 83' lang='grc' dir='ltr'><strong>αὑτῷ</strong></span> <span class='ocrx_word' id='word_1_264' title='bbox 1290 2642 1663 2710; x_wconf 73' lang='grc' dir='ltr'>ἐπιφέροντες,</span> <span class='ocrx_word' id='word_1_265' title='bbox 1695 2641 1760 2704; x_wconf 78' lang='grc' dir='ltr'>ἃς</span> 
     </span>
    </p>
   </div>
   <div class='ocr_carea' id='block_1_41' title="bbox 167 2730 1757 2807">
    <p class='ocr_par' dir='ltr' id='par_1_41' title="bbox 167 2730 1757 2807">
     <span class='ocr_line' id='line_1_41' title="bbox 167 2730 1757 2807; baseline -0.002 -17"><span class='ocrx_word' id='word_1_266' title='bbox 167 2738 396 2807; x_wconf 68' lang='grc' dir='ltr'>ἡσύχως</span> <span class='ocrx_word' id='word_1_267' title='bbox 441 2738 535 2790; x_wconf 71' lang='grc' dir='ltr'><strong>καὶ</strong></span> <span class='ocrx_word' id='word_1_268' title='bbox 569 2738 758 2807; x_wconf 74' lang='grc' dir='ltr'>πράως</span> <span class='ocrx_word' id='word_1_269' title='bbox 794 2737 824 2789; x_wconf 86' lang='grc' dir='ltr'><strong>ό</strong></span> <span class='ocrx_word' id='word_1_270' title='bbox 863 2737 1008 2803; x_wconf 74' lang='grc' dir='ltr'>ίερδς</span> <span class='ocrx_word' id='word_1_271' title='bbox 1039 2737 1245 2805; x_wconf 77' lang='grc' dir='ltr'>ποιμὴν</span> <span class='ocrx_word' id='word_1_272' title='bbox 1291 2730 1446 2797; x_wconf 77' lang='grc' dir='ltr'>οὗτος</span> <span class='ocrx_word' id='word_1_273' title='bbox 1477 2735 1757 2803; x_wconf 76' lang='grc' dir='ltr'>ὑπέμεινε.</span> 
     </span>
    </p>
   </div>
   <div class='ocr_carea' id='block_1_42' title="bbox 170 2827 1764 2896">
    <p class='ocr_par' dir='ltr' id='par_1_42' title="bbox 170 2827 1764 2896">
     <span class='ocr_line' id='line_1_42' title="bbox 170 2827 1764 2896; baseline -0.004 -11"><span class='ocrx_word' id='word_1_274' title='bbox 170 2829 285 2885; x_wconf 72' lang='grc' dir='ltr'><strong>Καὶ</strong></span> <span class='ocrx_word' id='word_1_275' title='bbox 309 2829 477 2881; x_wconf 80' lang='grc' dir='ltr'>πάλιν</span> <span class='ocrx_word' id='word_1_276' title='bbox 500 2828 759 2896; x_wconf 76' lang='grc' dir='ltr'><strong>ἐπέμφθη</strong></span> <span class='ocrx_word' id='word_1_277' title='bbox 782 2828 862 2889; x_wconf 76' lang='grc' dir='ltr'>εἰς</span> <span class='ocrx_word' id='word_1_278' title='bbox 883 2827 977 2880; x_wconf 82' lang='grc' dir='ltr'>τοῦ</span> <span class='ocrx_word' id='word_1_279' title='bbox 1017 2827 1274 2895; x_wconf 79' lang='grc' dir='ltr'><strong>Ἀγαθοῦ,</strong></span> <span class='ocrx_word' id='word_1_280' title='bbox 1304 2827 1433 2880; x_wconf 76' lang='grc' dir='ltr'>ἔνθα</span> <span class='ocrx_word' id='word_1_281' title='bbox 1458 2830 1553 2881; x_wconf 78' lang='grc' dir='ltr'>καὶ</span> <span class='ocrx_word' id='word_1_282' title='bbox 1577 2828 1764 2879; x_wconf 85' lang='grc' dir='ltr'>τελευ-</span> 
     </span>
    </p>
   </div>
   <div class='ocr_carea' id='block_1_43' title="bbox 170 2920 1763 2991">
    <p class='ocr_par' dir='ltr' id='par_1_43' title="bbox 170 2920 1763 2991">
     <span class='ocr_line' id='line_1_43' title="bbox 170 2920 1763 2991; baseline -0.001 -18"><span class='ocrx_word' id='word_1_283' title='bbox 170 2922 346 2991; x_wconf 80' lang='grc' dir='ltr'>τήσας</span> <span class='ocrx_word' id='word_1_284' title='bbox 401 2921 751 2975; x_wconf 85' lang='grc' dir='ltr'>κατατίθεται</span> <span class='ocrx_word' id='word_1_285' title='bbox 808 2922 865 2972; x_wconf 73' lang='grc' dir='ltr'><strong>ιν</strong></span> <span class='ocrx_word' id='word_1_286' title='bbox 896 2922 963 2990; x_wconf 83' lang='grc' dir='ltr'><strong>τῇ</strong></span> <span class='ocrx_word' id='word_1_287' title='bbox 989 2920 1154 2973; x_wconf 80' lang='grc' dir='ltr'>αὐτοῦ</span> <span class='ocrx_word' id='word_1_288' title='bbox 1213 2923 1348 2991; x_wconf 77' lang='grc' dir='ltr'>μονῇ</span> <span class='ocrx_word' id='word_1_289' title='bbox 1378 2922 1435 2971; x_wconf 82' lang='grc' dir='ltr'>ὲν</span> <span class='ocrx_word' id='word_1_290' title='bbox 1461 2920 1636 2979; x_wconf 77' lang='grc' dir='ltr'>πόλει.</span> <span class='ocrx_word' id='word_1_291' title='bbox 1674 2922 1763 2982; x_wconf 88' lang='grc' dir='ltr'><strong>είς</strong></span> 
     </span>
    </p>
   </div>
   <div class='ocr_carea' id='block_1_44' title="bbox 170 3013 1763 3085">
    <p class='ocr_par' dir='ltr' id='par_1_44' title="bbox 170 3013 1763 3085">
     <span class='ocr_line' id='line_1_44' title="bbox 170 3013 1763 3085; baseline -0.003 -15"><span class='ocrx_word' id='word_1_292' title='bbox 170 3016 241 3069; x_wconf 76' lang='grc' dir='ltr'><strong>τά</strong></span> <span class='ocrx_word' id='word_1_293' title='bbox 267 3015 594 3085; x_wconf 68' lang='grc' dir='ltr'>Ψαμαθίου.</span> <span class='ocrx_word' id='word_1_294' title='bbox 625 3013 715 3085; x_wconf 88' lang='grc' dir='ltr'>Τῷ</span> <span class='ocrx_word' id='word_1_295' title='bbox 748 3015 803 3067; x_wconf 77' lang='grc' dir='ltr'>δὲ</span> <span class='ocrx_word' id='word_1_296' title='bbox 829 3014 929 3085; x_wconf 80' lang='grc' dir='ltr'><strong>κλη</strong></span> <span class='ocrx_word' id='word_1_297' title='bbox 941 3014 1077 3085; x_wconf 85' lang='grc' dir='ltr'>ρικῷ</span> <span class='ocrx_word' id='word_1_298' title='bbox 1105 3014 1182 3084; x_wconf 81' lang='grc' dir='ltr'>τῷ</span> <span class='ocrx_word' id='word_1_299' title='bbox 1211 3014 1419 3068; x_wconf 86' lang='grc' dir='ltr'>τίλαντι</span> <span class='ocrx_word' id='word_1_300' title='bbox 1446 3015 1545 3077; x_wconf 82' lang='grc' dir='ltr'>τὰς</span> <span class='ocrx_word' id='word_1_301' title='bbox 1569 3014 1763 3084; x_wconf 80' lang='grc' dir='ltr'>τρίχας</span> 
     </span>
    </p>
   </div>
   <div class='ocr_carea' id='block_1_45' title="bbox 170 3108 1762 3180">
    <p class='ocr_par' dir='ltr' id='par_1_45' title="bbox 170 3108 1762 3180">
     <span class='ocr_line' id='line_1_45' title="bbox 170 3108 1762 3180; baseline -0.002 -18"><span class='ocrx_word' id='word_1_302' title='bbox 170 3108 267 3162; x_wconf 80' lang='grc' dir='ltr'><strong>τοῦ</strong></span> <span class='ocrx_word' id='word_1_303' title='bbox 300 3109 649 3180; x_wconf 74' lang='grc' dir='ltr'>πατριάρχου</span> <span class='ocrx_word' id='word_1_304' title='bbox 680 3108 878 3180; x_wconf 68' lang='grc' dir='ltr'>ωνέὸη</span> <span class='ocrx_word' id='word_1_305' title='bbox 920 3109 1082 3173; x_wconf 81' lang='grc' dir='ltr'>εὐθὺς</span> <span class='ocrx_word' id='word_1_306' title='bbox 1106 3111 1165 3163; x_wconf 77' lang='grc' dir='ltr'>ὲν</span> <span class='ocrx_word' id='word_1_307' title='bbox 1195 3108 1275 3179; x_wconf 79' lang='grc' dir='ltr'><strong>τῷ</strong></span> <span class='ocrx_word' id='word_1_308' title='bbox 1299 3109 1635 3179; x_wconf 75' lang='grc' dir='ltr'>ὲξορίζεσθαι</span> <span class='ocrx_word' id='word_1_309' title='bbox 1670 3109 1762 3160; x_wconf 67' lang='grc' dir='ltr'><strong>τὸν</strong></span> 
     </span>
    </p>
   </div>
   <div class='ocr_carea' id='block_1_46' title="bbox 171 3200 1760 3272">
    <p class='ocr_par' dir='ltr' id='par_1_46' title="bbox 171 3200 1760 3272">
     <span class='ocr_line' id='line_1_46' title="bbox 171 3200 1760 3272; baseline -0.003 -18"><span class='ocrx_word' id='word_1_310' title='bbox 171 3202 353 3269; x_wconf 69' lang='grc' dir='ltr'>ἅγιον,</span> <span class='ocrx_word' id='word_1_311' title='bbox 400 3202 539 3271; x_wconf 81' lang='grc' dir='ltr'>αὐτῇ</span> <span class='ocrx_word' id='word_1_312' title='bbox 599 3203 665 3271; x_wconf 77' lang='grc' dir='ltr'>τῇ</span> <span class='ocrx_word' id='word_1_313' title='bbox 717 3200 875 3272; x_wconf 78' lang='grc' dir='ltr'>ὥρᾳ,</span> <span class='ocrx_word' id='word_1_314' title='bbox 919 3200 1296 3270; x_wconf 75' lang='grc' dir='ltr'>πυρίκαυστον</span> <span class='ocrx_word' id='word_1_315' title='bbox 1359 3201 1613 3269; x_wconf 85' lang='grc' dir='ltr'>γενέσθαι</span> <span class='ocrx_word' id='word_1_316' title='bbox 1662 3200 1760 3269; x_wconf 74' lang='grc' dir='ltr'>τὴν</span> 
     </span>
    </p>
   </div>
   <div class='ocr_carea' id='block_1_47' title="bbox 172 3274 1831 3363">
    <p class='ocr_par' dir='ltr' id='par_1_47' title="bbox 172 3274 1831 3363">
     <span class='ocr_line' id='line_1_47' title="bbox 172 3274 1831 3363; baseline -0.002 -17"><span class='ocrx_word' id='word_1_317' title='bbox 172 3293 354 3346; x_wconf 74' lang='grc' dir='ltr'>οἰκίαν</span> <span class='ocrx_word' id='word_1_318' title='bbox 379 3291 546 3346; x_wconf 76' lang='grc' dir='ltr'>αὑτοῦ</span> <span class='ocrx_word' id='word_1_319' title='bbox 571 3294 629 3358; x_wconf 69' lang='grc' dir='ltr'><strong>ἐξ</strong></span> <span class='ocrx_word' id='word_1_320' title='bbox 656 3294 890 3362; x_wconf 72' lang='grc' dir='ltr'>ἀοράτου</span> <span class='ocrx_word' id='word_1_321' title='bbox 926 3292 1116 3363; x_wconf 82' lang='grc' dir='ltr'>πυρός.</span> <span class='ocrx_word' id='word_1_322' title='bbox 1153 3292 1217 3344; x_wconf 85' lang='grc' dir='ltr'><strong>Ἦ</strong></span> <span class='ocrx_word' id='word_1_323' title='bbox 1242 3292 1297 3345; x_wconf 84' lang='grc' dir='ltr'>δὲ</span> <span class='ocrx_word' id='word_1_324' title='bbox 1323 3292 1571 3361; x_wconf 83' lang='grc' dir='ltr'>Θυγάτηρ</span> <span class='ocrx_word' id='word_1_325' title='bbox 1595 3291 1758 3344; x_wconf 73' lang='grc' dir='ltr'>αὐτοῦ</span> <span class='ocrx_word' id='word_1_326' title='bbox 1789 3274 1831 3330; x_wconf 77' lang='lat' dir='ltr'>c</span> 
     </span>
    </p>
   </div>
   <div class='ocr_carea' id='block_1_48' title="bbox 173 3383 1759 3456">
    <p class='ocr_par' dir='ltr' id='par_1_48' title="bbox 173 3383 1759 3456">
     <span class='ocr_line' id='line_1_48' title="bbox 173 3383 1759 3456; baseline -0.001 -19"><span class='ocrx_word' id='word_1_327' title='bbox 173 3384 435 3437; x_wconf 79' lang='grc' dir='ltr'>παντελεῖ</span> <span class='ocrx_word' id='word_1_328' title='bbox 469 3383 730 3455; x_wconf 75' lang='grc' dir='ltr'>ἐπιληψίᾳ</span> <span class='ocrx_word' id='word_1_329' title='bbox 751 3384 1054 3456; x_wconf 67' lang='grc' dir='ltr'>ἐκρατήθη,</span> <span class='ocrx_word' id='word_1_330' title='bbox 1092 3388 1168 3455; x_wconf 81' lang='grc' dir='ltr'><strong>μή</strong></span> <span class='ocrx_word' id='word_1_331' title='bbox 1194 3385 1471 3454; x_wconf 81' lang='grc' dir='ltr'>δυναμένη</span> <span class='ocrx_word' id='word_1_332' title='bbox 1515 3386 1673 3454; x_wconf 84' lang='grc' dir='ltr'>χεῖρα</span> <span class='ocrx_word' id='word_1_333' title='bbox 1728 3385 1759 3454; x_wconf 84' lang='grc' dir='ltr'>ἢ</span> 
     </span>
    </p>
   </div>
   <div class='ocr_carea' id='block_1_49' title="bbox 175 3475 1762 3546">
    <p class='ocr_par' dir='ltr' id='par_1_49' title="bbox 175 3475 1762 3546">
     <span class='ocr_line' id='line_1_49' title="bbox 175 3475 1762 3546; baseline -0.001 -17"><span class='ocrx_word' id='word_1_334' title='bbox 175 3477 354 3546; x_wconf 86' lang='grc' dir='ltr'>στόμα</span> <span class='ocrx_word' id='word_1_335' title='bbox 404 3476 437 3546; x_wconf 76' lang='grc' dir='ltr'>ἢ</span> <span class='ocrx_word' id='word_1_336' title='bbox 487 3475 617 3529; x_wconf 77' lang='grc' dir='ltr'>ἄλλο</span> <span class='ocrx_word' id='word_1_337' title='bbox 644 3476 704 3528; x_wconf 81' lang='grc' dir='ltr'>τὸ</span> <span class='ocrx_word' id='word_1_338' title='bbox 738 3476 784 3508; x_wconf 77' lang='grc'><strong>’⁸</strong></span> <span class='ocrx_word' id='word_1_339' title='bbox 836 3475 1046 3529; x_wconf 85' lang='grc' dir='ltr'>οίονοῦν</span> <span class='ocrx_word' id='word_1_340' title='bbox 1082 3476 1245 3545; x_wconf 85' lang='grc' dir='ltr'>μέρος</span> <span class='ocrx_word' id='word_1_341' title='bbox 1284 3478 1455 3528; x_wconf 80' lang='grc' dir='ltr'>κινεῖν</span> <span class='ocrx_word' id='word_1_342' title='bbox 1510 3475 1543 3545; x_wconf 75' lang='grc' dir='ltr'><strong>ἢ</strong></span> <span class='ocrx_word' id='word_1_343' title='bbox 1582 3475 1762 3545; x_wconf 76' lang='grc' dir='ltr'>φωνὴν</span> 
     </span>
    </p>
   </div>
   <div class='ocr_carea' id='block_1_50' title="bbox 173 3563 1763 3639">
    <p class='ocr_par' dir='ltr' id='par_1_50' title="bbox 173 3563 1763 3639">
     <span class='ocr_line' id='line_1_50' title="bbox 173 3563 1763 3639; baseline -0.001 -18"><span class='ocrx_word' id='word_1_344' title='bbox 173 3568 431 3635; x_wconf 79' lang='grc' dir='ltr'>ἀφιέναι·</span> <span class='ocrx_word' id='word_1_345' title='bbox 456 3569 581 3637; x_wconf 77' lang='grc' dir='ltr'>ἣτις</span> <span class='ocrx_word' id='word_1_346' title='bbox 613 3569 709 3622; x_wconf 69' lang='grc' dir='ltr'>καὶ</span> <span class='ocrx_word' id='word_1_347' title='bbox 742 3568 1007 3639; x_wconf 83' lang='grc' dir='ltr'>κλινήρης</span> <span class='ocrx_word' id='word_1_348' title='bbox 1046 3563 1185 3627; x_wconf 77' lang='grc' dir='ltr'>οὖσα</span> <span class='ocrx_word' id='word_1_349' title='bbox 1229 3570 1325 3623; x_wconf 68' lang='grc' dir='ltr'>καὶ</span> <span class='ocrx_word' id='word_1_350' title='bbox 1364 3571 1652 3639; x_wconf 84' lang='grc' dir='ltr'>προσαῖτις</span> <span class='ocrx_word' id='word_1_351' title='bbox 1685 3568 1763 3620; x_wconf 81' lang='grc' dir='ltr'>δι-</span> 
     </span>
    </p>
   </div>
   <div class='ocr_carea' id='block_1_51' title="bbox 174 3656 1759 3729">
    <p class='ocr_par' dir='ltr' id='par_1_51' title="bbox 174 3656 1759 3729">
     <span class='ocr_line' id='line_1_51' title="bbox 174 3656 1759 3729; baseline -0.001 -18"><span class='ocrx_word' id='word_1_352' title='bbox 174 3659 417 3728; x_wconf 83' lang='grc' dir='ltr'>ήρκεσεν</span> <span class='ocrx_word' id='word_1_353' title='bbox 466 3658 630 3728; x_wconf 72' lang='grc' dir='ltr'>μέχρι</span> <span class='ocrx_word' id='word_1_354' title='bbox 679 3658 999 3729; x_wconf 79' lang='grc' dir='ltr'>Νικηφόρου</span> <span class='ocrx_word' id='word_1_355' title='bbox 1052 3656 1320 3726; x_wconf 85' lang='grc' dir='ltr'>βασιλέως</span> <span class='ocrx_word' id='word_1_356' title='bbox 1372 3657 1466 3709; x_wconf 81' lang='grc' dir='ltr'>τοῦ</span> <span class='ocrx_word' id='word_1_357' title='bbox 1496 3657 1759 3726; x_wconf 78' lang='grc' dir='ltr'>Νικητοῦ.</span> 
     </span>
    </p>
   </div>
   <div class='ocr_carea' id='block_1_52' title="bbox 188 3749 1762 3823">
    <p class='ocr_par' dir='ltr' id='par_1_52' title="bbox 188 3749 1762 3823">
     <span class='ocr_line' id='line_1_52' title="bbox 188 3749 1762 3823; baseline -0.003 -18"><span class='ocrx_word' id='word_1_358' title='bbox 188 3749 248 3805; x_wconf 86' lang='lat'><strong>&#39;0</strong></span> <span class='ocrx_word' id='word_1_359' title='bbox 300 3751 359 3805; x_wconf 72' lang='grc' dir='ltr'>δὲ</span> <span class='ocrx_word' id='word_1_360' title='bbox 412 3750 667 3821; x_wconf 76' lang='grc' dir='ltr'>βασιλεὺς</span> <span class='ocrx_word' id='word_1_361' title='bbox 702 3751 1052 3823; x_wconf 81' lang='grc' dir='ltr'>Ἀλέξανδρος</span> <span class='ocrx_word' id='word_1_362' title='bbox 1083 3751 1250 3822; x_wconf 83' lang='grc' dir='ltr'>μηδὲν</span> <span class='ocrx_word' id='word_1_363' title='bbox 1299 3750 1575 3821; x_wconf 75' lang='grc' dir='ltr'>βασιλικὸν</span> <span class='ocrx_word' id='word_1_364' title='bbox 1602 3750 1762 3819; x_wconf 82' lang='grc' dir='ltr'>ἔργον</span> 
     </span>
    </p>
   </div>
   <div class='ocr_carea' id='block_1_53' title="bbox 175 3842 1763 3915">
    <p class='ocr_par' dir='ltr' id='par_1_53' title="bbox 175 3842 1763 3915">
     <span class='ocr_line' id='line_1_53' title="bbox 175 3842 1763 3915; baseline -0.004 -16"><span class='ocrx_word' id='word_1_365' title='bbox 175 3845 478 3915; x_wconf 80' lang='grc' dir='ltr'>δυνάμενος</span> <span class='ocrx_word' id='word_1_366' title='bbox 510 3845 758 3914; x_wconf 81' lang='grc' dir='ltr'>ποιῆσαι,</span> <span class='ocrx_word' id='word_1_367' title='bbox 794 3846 909 3908; x_wconf 82' lang='grc' dir='ltr'>τοῖς</span> <span class='ocrx_word' id='word_1_368' title='bbox 959 3844 1309 3911; x_wconf 79' lang='grc' dir='ltr'>κυνηγεσίοις</span> <span class='ocrx_word' id='word_1_369' title='bbox 1334 3842 1430 3895; x_wconf 69' lang='grc' dir='ltr'>καὶ</span> <span class='ocrx_word' id='word_1_370' title='bbox 1454 3844 1564 3905; x_wconf 85' lang='grc' dir='ltr'>τοῖς</span> <span class='ocrx_word' id='word_1_371' title='bbox 1600 3859 1763 3910; x_wconf 82' lang='grc' dir='ltr'>πονη-</span> 
     </span>
    </p>
   </div>
   <div class='ocr_carea' id='block_1_54' title="bbox 182 3934 1763 4008">
    <p class='ocr_par' dir='ltr' id='par_1_54' title="bbox 182 3934 1763 4008">
     <span class='ocr_line' id='line_1_54' title="bbox 182 3934 1763 4008; baseline -0.002 -18"><span class='ocrx_word' id='word_1_372' title='bbox 182 3940 295 4008; x_wconf 82' lang='grc' dir='ltr'>ροῖς</span> <span class='ocrx_word' id='word_1_373' title='bbox 322 3937 510 4008; x_wconf 72' lang='grc' dir='ltr'>ἔργοις</span> <span class='ocrx_word' id='word_1_374' title='bbox 555 3940 640 3992; x_wconf 81' lang='grc' dir='ltr'><strong>ἀεὶ</strong></span> <span class='ocrx_word' id='word_1_375' title='bbox 685 3937 965 4007; x_wconf 68' lang='grc' dir='ltr'>ἐσχόλαζε.</span> <span class='ocrx_word' id='word_1_376' title='bbox 996 3937 1101 3990; x_wconf 77' lang='grc' dir='ltr'><strong>Τὸν</strong></span> <span class='ocrx_word' id='word_1_377' title='bbox 1149 3938 1207 3991; x_wconf 78' lang='grc' dir='ltr'>δὲ</span> <span class='ocrx_word' id='word_1_378' title='bbox 1231 3935 1325 3989; x_wconf 79' lang='grc' dir='ltr'>τοῦ</span> <span class='ocrx_word' id='word_1_379' title='bbox 1349 3935 1575 3996; x_wconf 85' lang='grc' dir='ltr'>Λέοντος</span> <span class='ocrx_word' id='word_1_380' title='bbox 1601 3934 1763 3988; x_wconf 75' lang='grc' dir='ltr'>παῖδα</span> 
     </span>
    </p>
   </div>
   <div class='ocr_carea' id='block_1_55' title="bbox 179 4026 1762 4099">
    <p class='ocr_par' dir='ltr' id='par_1_55' title="bbox 179 4026 1762 4099">
     <span class='ocr_line' id='line_1_55' title="bbox 179 4026 1762 4099; baseline -0.001 -19"><span class='ocrx_word' id='word_1_381' title='bbox 179 4026 445 4091; x_wconf 74' lang='grc' dir='ltr'>πολλάκις</span> <span class='ocrx_word' id='word_1_382' title='bbox 508 4030 816 4098; x_wconf 79' lang='grc' dir='ltr'>εὐνουχίσαι</span> <span class='ocrx_word' id='word_1_383' title='bbox 871 4027 1157 4099; x_wconf 75' lang='grc' dir='ltr'>βουληθεὶς</span> <span class='ocrx_word' id='word_1_384' title='bbox 1214 4026 1567 4096; x_wconf 82' lang='grc' dir='ltr'>διεσκεδάσθη</span> <span class='ocrx_word' id='word_1_385' title='bbox 1614 4028 1762 4093; x_wconf 76' lang='grc' dir='ltr'>παρὰ</span> 
     </span>
    </p>
   </div>
   <div class='ocr_carea' id='block_1_56' title="bbox 175 4119 1762 4191">
    <p class='ocr_par' dir='ltr' id='par_1_56' title="bbox 175 4119 1762 4191">
     <span class='ocr_line' id='line_1_56' title="bbox 175 4119 1762 4191; baseline 0.001 -21"><span class='ocrx_word' id='word_1_386' title='bbox 175 4120 287 4172; x_wconf 81' lang='grc' dir='ltr'>τῶν</span> <span class='ocrx_word' id='word_1_387' title='bbox 316 4120 428 4173; x_wconf 77' lang='grc' dir='ltr'><strong>ὑπὸ</strong></span> <span class='ocrx_word' id='word_1_388' title='bbox 465 4120 562 4172; x_wconf 80' lang='grc' dir='ltr'>τοῦ</span> <span class='ocrx_word' id='word_1_389' title='bbox 591 4122 818 4183; x_wconf 83' lang='grc' dir='ltr'>Λέοντος</span> <span class='ocrx_word' id='word_1_390' title='bbox 872 4119 1368 4191; x_wconf 82' lang='grc' dir='ltr'>εύεργετηθέντων,</span> <span class='ocrx_word' id='word_1_391' title='bbox 1402 4119 1531 4172; x_wconf 75' lang='grc' dir='ltr'>ποτε</span> <span class='ocrx_word' id='word_1_392' title='bbox 1565 4119 1663 4189; x_wconf 72' lang='grc' dir='ltr'>μὲν</span> <span class='ocrx_word' id='word_1_393' title='bbox 1687 4119 1762 4183; x_wconf 84' lang='grc' dir='ltr'>ὡς</span> 
     </span>
    </p>
   </div>
   <div class='ocr_carea' id='block_1_57' title="bbox 178 4209 1763 4279">
    <p class='ocr_par' dir='ltr' id='par_1_57' title="bbox 178 4209 1763 4279">
     <span class='ocr_line' id='line_1_57' title="bbox 178 4209 1763 4279; baseline 0 -18"><span class='ocrx_word' id='word_1_394' title='bbox 178 4211 398 4279; x_wconf 84' lang='grc' dir='ltr'>νήπιον,</span> <span class='ocrx_word' id='word_1_395' title='bbox 428 4210 561 4262; x_wconf 71' lang='grc' dir='ltr'>ποτε</span> <span class='ocrx_word' id='word_1_396' title='bbox 604 4210 661 4264; x_wconf 69' lang='grc' dir='ltr'>δὲ</span> <span class='ocrx_word' id='word_1_397' title='bbox 710 4210 785 4273; x_wconf 83' lang='grc' dir='ltr'><strong>ὡς</strong></span> <span class='ocrx_word' id='word_1_398' title='bbox 809 4211 1141 4267; x_wconf 78' lang='grc' dir='ltr'>ἀσθενοῦντα</span> <span class='ocrx_word' id='word_1_399' title='bbox 1173 4209 1604 4263; x_wconf 76' lang='grc' dir='ltr'>ὑποϐαλλόντων.</span> <span class='ocrx_word' id='word_1_400' title='bbox 1641 4209 1763 4262; x_wconf 72' lang='grc' dir='ltr'><strong>Ἐπὶ</strong></span> 
     </span>
    </p>
   </div>
   <div class='ocr_carea' id='block_1_58' title="bbox 176 4302 1763 4375">
    <p class='ocr_par' dir='ltr' id='par_1_58' title="bbox 176 4302 1763 4375">
     <span class='ocr_line' id='line_1_58' title="bbox 176 4302 1763 4375; baseline 0.001 -22"><span class='ocrx_word' id='word_1_401' title='bbox 176 4303 371 4354; x_wconf 64' lang='grc' dir='ltr'>τούτου</span> <span class='ocrx_word' id='word_1_402' title='bbox 405 4302 580 4373; x_wconf 72' lang='grc' dir='ltr'>ἐφάνη</span> <span class='ocrx_word' id='word_1_403' title='bbox 616 4302 793 4373; x_wconf 75' lang='grc' dir='ltr'>ἀστὴρ</span> <span class='ocrx_word' id='word_1_404' title='bbox 821 4305 1070 4375; x_wconf 79' lang='grc' dir='ltr'>κομήτης</span> <span class='ocrx_word' id='word_1_405' title='bbox 1099 4304 1162 4356; x_wconf 79' lang='grc' dir='ltr'>ὲκ</span> <span class='ocrx_word' id='word_1_406' title='bbox 1202 4303 1408 4367; x_wconf 76' lang='grc' dir='ltr'>δύσεως</span> <span class='ocrx_word' id='word_1_407' title='bbox 1432 4304 1523 4357; x_wconf 74' lang='grc' dir='ltr'><strong>ἐπὶ</strong></span> <span class='ocrx_word' id='word_1_408' title='bbox 1552 4304 1763 4375; x_wconf 75' lang='grc' dir='ltr'>ἡμέρας</span> 
     </span>
    </p>
   </div>
   <div class='ocr_carea' id='block_1_59' title="bbox 182 4390 1764 4467">
    <p class='ocr_par' dir='ltr' id='par_1_59' title="bbox 182 4390 1764 4467">
     <span class='ocr_line' id='line_1_59' title="bbox 182 4390 1764 4467; baseline 0.001 -21"><span class='ocrx_word' id='word_1_409' title='bbox 182 4390 256 4460; x_wconf 85' lang='grc' dir='ltr'>μ’,</span> <span class='ocrx_word' id='word_1_410' title='bbox 286 4391 349 4445; x_wconf 75' lang='grc' dir='ltr'>ὃν</span> <span class='ocrx_word' id='word_1_411' title='bbox 380 4392 569 4460; x_wconf 73' lang='grc' dir='ltr'>ελεγον</span> <span class='ocrx_word' id='word_1_412' title='bbox 601 4392 783 4463; x_wconf 80' lang='grc' dir='ltr'>ξιφίαν</span> <span class='ocrx_word' id='word_1_413' title='bbox 826 4391 966 4448; x_wconf 70' lang='grc' dir='ltr'>εἶναι</span> <span class='ocrx_word' id='word_1_414' title='bbox 1005 4397 1097 4449; x_wconf 75' lang='grc' dir='ltr'>καὶ</span> <span class='ocrx_word' id='word_1_415' title='bbox 1128 4397 1529 4467; x_wconf 79' lang='grc' dir='ltr'>αὶματοχυσίαν</span> <span class='ocrx_word' id='word_1_416' title='bbox 1565 4398 1764 4467; x_wconf 83' lang='grc' dir='ltr'>σημαί-</span> 
     </span>
    </p>
   </div>
   <div class='ocr_carea' id='block_1_60' title="bbox 180 4480 1764 4557">
    <p class='ocr_par' dir='ltr' id='par_1_60' title="bbox 180 4480 1764 4557">
     <span class='ocr_line' id='line_1_60' title="bbox 180 4480 1764 4557; baseline 0.003 -22"><span class='ocrx_word' id='word_1_417' title='bbox 180 4501 294 4536; x_wconf 80' lang='grc' dir='ltr'>νειν</span> <span class='ocrx_word' id='word_1_418' title='bbox 344 4485 406 4536; x_wconf 77' lang='grc' dir='ltr'>ἑν</span> <span class='ocrx_word' id='word_1_419' title='bbox 462 4488 530 4553; x_wconf 79' lang='grc' dir='ltr'>τῇ</span> <span class='ocrx_word' id='word_1_420' title='bbox 566 4486 720 4538; x_wconf 89' lang='grc' dir='ltr'>πόλει</span> <span class='ocrx_word' id='word_1_421' title='bbox 754 4485 1103 4555; x_wconf 63' lang='grc' dir='ltr'>ἐργάσεσθαι.</span> <span class='ocrx_word' id='word_1_422' title='bbox 1156 4482 1322 4550; x_wconf 73' lang='grc' dir='ltr'>Οὗτος</span> <span class='ocrx_word' id='word_1_423' title='bbox 1349 4489 1377 4540; x_wconf 78' lang='grc' dir='ltr'><strong>ὁ</strong></span> <span class='ocrx_word' id='word_1_424' title='bbox 1413 4480 1764 4557; x_wconf 68' lang='grc' dir='ltr'>Ἀλέξανδρος</span> 
     </span>
    </p>
   </div>
   <div class='ocr_carea' id='block_1_61' title="bbox 1860 2000 3437 2058">
    <p class='ocr_par' dir='ltr' id='par_1_61' title="bbox 1860 2000 3437 2058">
     <span class='ocr_line' id='line_1_61' title="bbox 1860 2000 3437 2058; baseline -0.001 -2"><span class='ocrx_word' id='word_1_425' title='bbox 1860 2003 2085 2056; x_wconf 88' lang='lat' dir='ltr'><strong>mittens</strong></span> <span class='ocrx_word' id='word_1_426' title='bbox 2115 2004 2423 2058; x_wconf 77' lang='lat' dir='ltr'><strong>Alexander</strong></span> <span class='ocrx_word' id='word_1_427' title='bbox 2440 2004 2721 2058; x_wconf 85' lang='lat' dir='ltr'><strong>Nicolaum</strong></span> <span class='ocrx_word' id='word_1_428' title='bbox 2753 2017 2820 2056; x_wconf 86' lang='lat' dir='ltr'><strong>ex</strong></span> <span class='ocrx_word' id='word_1_429' title='bbox 2844 2000 3161 2057; x_wconf 84' lang='lat' dir='ltr'><strong>Galacrenis</strong></span> <span class='ocrx_word' id='word_1_430' title='bbox 3195 2002 3320 2054; x_wconf 88' lang='lat' dir='ltr'><strong>tulit</strong></span> <span class='ocrx_word' id='word_1_431' title='bbox 3373 2016 3437 2055; x_wconf 84' lang='lat' dir='ltr'><strong>ac</strong></span> 
     </span>
    </p>
   </div>
   <div class='ocr_carea' id='block_1_62' title="bbox 1861 2095 3434 2165">
    <p class='ocr_par' dir='ltr' id='par_1_62' title="bbox 1861 2095 3434 2165">
     <span class='ocr_line' id='line_1_62' title="bbox 1861 2095 3434 2165; baseline -0.001 -15"><span class='ocrx_word' id='word_1_432' title='bbox 1861 2096 1913 2150; x_wconf 88' lang='lat' dir='ltr'><strong>in</strong></span> <span class='ocrx_word' id='word_1_433' title='bbox 1960 2098 2089 2151; x_wconf 87' lang='lat' dir='ltr'><strong>sede</strong></span> <span class='ocrx_word' id='word_1_434' title='bbox 2142 2097 2454 2158; x_wconf 85' lang='lat' dir='ltr'><strong>collocavit.</strong></span> <span class='ocrx_word' id='word_1_435' title='bbox 2501 2097 2664 2165; x_wconf 80' lang='lat'><strong>716</strong></span> <span class='ocrx_word' id='word_1_436' title='bbox 2705 2095 2997 2149; x_wconf 83' lang='lat' dir='ltr'><strong>deturbate</strong></span> <span class='ocrx_word' id='word_1_437' title='bbox 3028 2111 3090 2149; x_wconf 83' lang='lat' dir='ltr'><strong>ea</strong></span> <span class='ocrx_word' id='word_1_438' title='bbox 3121 2095 3434 2163; x_wconf 81' lang='lat' dir='ltr'><strong>Euthymio.</strong></span> 
     </span>
    </p>
   </div>
   <div class='ocr_carea' id='block_1_63' title="bbox 1860 2188 3437 2258">
    <p class='ocr_par' dir='ltr' id='par_1_63' title="bbox 1860 2188 3437 2258">
     <span class='ocr_line' id='line_1_63' title="bbox 1860 2188 3437 2258; baseline -0.001 -18"><span class='ocrx_word' id='word_1_439' title='bbox 1860 2202 2021 2256; x_wconf 86' lang='lat' dir='ltr'><strong>quem</strong></span> <span class='ocrx_word' id='word_1_440' title='bbox 2061 2188 2127 2242; x_wconf 87' lang='lat' dir='ltr'><strong>ad</strong></span> <span class='ocrx_word' id='word_1_441' title='bbox 2172 2188 2367 2258; x_wconf 78' lang='lat' dir='ltr'><strong>Agathi</strong></span> <span class='ocrx_word' id='word_1_442' title='bbox 2415 2189 2666 2241; x_wconf 87' lang='lat' dir='ltr'><strong>exsulare</strong></span> <span class='ocrx_word' id='word_1_443' title='bbox 2695 2189 2906 2257; x_wconf 89' lang='lat' dir='ltr'><strong>jussutn</strong></span> <span class='ocrx_word' id='word_1_444' title='bbox 2945 2202 3053 2240; x_wconf 88' lang='lat' dir='ltr'><strong>non</strong></span> <span class='ocrx_word' id='word_1_445' title='bbox 3083 2198 3199 2255; x_wconf 86' lang='lat' dir='ltr'><strong>post</strong></span> <span class='ocrx_word' id='word_1_446' title='bbox 3234 2188 3437 2241; x_wconf 83' lang='lat' dir='ltr'><strong>multos</strong></span> 
     </span>
    </p>
   </div>
   <div class='ocr_carea' id='block_1_64' title="bbox 1862 2278 3439 2349">
    <p class='ocr_par' dir='ltr' id='par_1_64' title="bbox 1862 2278 3439 2349">
     <span class='ocr_line' id='line_1_64' title="bbox 1862 2278 3439 2349; baseline 0.001 -18"><span class='ocrx_word' id='word_1_447' title='bbox 1862 2278 1981 2332; x_wconf 91' lang='lat' dir='ltr'><strong>dies</strong></span> <span class='ocrx_word' id='word_1_448' title='bbox 2008 2279 2075 2332; x_wconf 86' lang='lat' dir='ltr'><strong>ad</strong></span> <span class='ocrx_word' id='word_1_449' title='bbox 2129 2282 2482 2349; x_wconf 78' lang='lat' dir='ltr'><strong>Magnauram</strong></span> <span class='ocrx_word' id='word_1_450' title='bbox 2510 2279 2703 2342; x_wconf 85' lang='lat' dir='ltr'><strong>duxit;</strong></span> <span class='ocrx_word' id='word_1_451' title='bbox 2764 2294 2873 2347; x_wconf 90' lang='lat' dir='ltr'><strong>quo</strong></span> <span class='ocrx_word' id='word_1_452' title='bbox 2916 2279 3038 2332; x_wconf 88' lang='lat' dir='ltr'><strong>loco</strong></span> <span class='ocrx_word' id='word_1_453' title='bbox 3085 2279 3276 2332; x_wconf 90' lang='lat' dir='ltr'><strong>habito</strong></span> <span class='ocrx_word' id='word_1_454' title='bbox 3303 2294 3439 2332; x_wconf 81' lang='lat' dir='ltr'><strong>con-</strong></span> 
     </span>
    </p>
   </div>
   <div class='ocr_carea' id='block_1_65' title="bbox 1863 2369 3438 2441">
    <p class='ocr_par' dir='ltr' id='par_1_65' title="bbox 1863 2369 3438 2441">
     <span class='ocr_line' id='line_1_65' title="bbox 1863 2369 3438 2441; baseline -0.001 -18"><span class='ocrx_word' id='word_1_455' title='bbox 1863 2380 2030 2424; x_wconf 71' lang='lat' dir='ltr'><strong>ventu</strong></span> <span class='ocrx_word' id='word_1_456' title='bbox 2083 2379 2247 2440; x_wconf 87' lang='lat' dir='ltr'><strong>atque</strong></span> <span class='ocrx_word' id='word_1_457' title='bbox 2312 2371 2521 2441; x_wconf 83' lang='lat' dir='ltr'><strong>synodo</strong></span> <span class='ocrx_word' id='word_1_458' title='bbox 2549 2410 2564 2431; x_wconf 87' lang='lat'><strong><em>,</em></strong></span> <span class='ocrx_word' id='word_1_459' title='bbox 2614 2385 2792 2439; x_wconf 81' lang='lat' dir='ltr'><strong>exque</strong></span> <span class='ocrx_word' id='word_1_460' title='bbox 2823 2369 2913 2423; x_wconf 87' lang='lat' dir='ltr'><strong>illa</strong></span> <span class='ocrx_word' id='word_1_461' title='bbox 2951 2385 3016 2424; x_wconf 91' lang='lat' dir='ltr'><strong>eo</strong></span> <span class='ocrx_word' id='word_1_462' title='bbox 3057 2378 3438 2432; x_wconf 86' lang='lat' dir='ltr'><strong>exauctorato,</strong></span> 
     </span>
    </p>
   </div>
   <div class='ocr_carea' id='block_1_66' title="bbox 1866 2462 3437 2533">
    <p class='ocr_par' dir='ltr' id='par_1_66' title="bbox 1866 2462 3437 2533">
     <span class='ocr_line' id='line_1_66' title="bbox 1866 2462 3437 2533; baseline -0.002 -16"><span class='ocrx_word' id='word_1_463' title='bbox 1866 2465 2101 2533; x_wconf 82' lang='lat' dir='ltr'><strong>turpiter</strong></span> <span class='ocrx_word' id='word_1_464' title='bbox 2130 2464 2429 2518; x_wconf 81' lang='lat' dir='ltr'><strong>venerandi</strong></span> <span class='ocrx_word' id='word_1_465' title='bbox 2467 2464 2721 2532; x_wconf 90' lang='lat' dir='ltr'><strong>sacrique</strong></span> <span class='ocrx_word' id='word_1_466' title='bbox 2753 2463 2856 2516; x_wconf 83' lang='lat' dir='ltr'><strong>viri</strong></span> <span class='ocrx_word' id='word_1_467' title='bbox 2884 2478 2947 2516; x_wconf 89' lang='lat' dir='ltr'><strong>ac</strong></span> <span class='ocrx_word' id='word_1_468' title='bbox 2971 2478 3200 2532; x_wconf 86' lang='lat' dir='ltr'><strong>prorsus</strong></span> <span class='ocrx_word' id='word_1_469' title='bbox 3220 2462 3437 2516; x_wconf 84' lang='lat' dir='ltr'><strong>colendi</strong></span> 
     </span>
    </p>
   </div>
   <div class='ocr_carea' id='block_1_67' title="bbox 1864 2555 3440 2626">
    <p class='ocr_par' dir='ltr' id='par_1_67' title="bbox 1864 2555 3440 2626">
     <span class='ocr_line' id='line_1_67' title="bbox 1864 2555 3440 2626; baseline -0.001 -16"><span class='ocrx_word' id='word_1_470' title='bbox 1864 2557 2018 2610; x_wconf 77' lang='lat' dir='ltr'><strong>vulsa</strong></span> <span class='ocrx_word' id='word_1_471' title='bbox 2049 2557 2241 2619; x_wconf 84' lang='lat' dir='ltr'><strong>barba,</strong></span> <span class='ocrx_word' id='word_1_472' title='bbox 2284 2556 2501 2626; x_wconf 86' lang='lat' dir='ltr'><strong>aliaque</strong></span> <span class='ocrx_word' id='word_1_473' title='bbox 2548 2555 2844 2625; x_wconf 83' lang='lat' dir='ltr'><strong>Opprobria</strong></span> <span class='ocrx_word' id='word_1_474' title='bbox 2874 2565 2930 2610; x_wconf 89' lang='lat' dir='ltr'><strong>et</strong></span> <span class='ocrx_word' id='word_1_475' title='bbox 2970 2555 3183 2625; x_wconf 75' lang='lat' dir='ltr'><strong>injuria:</strong></span> <span class='ocrx_word' id='word_1_476' title='bbox 3222 2571 3286 2610; x_wconf 88' lang='lat' dir='ltr'><strong>ac</strong></span> <span class='ocrx_word' id='word_1_477' title='bbox 3310 2566 3440 2610; x_wconf 82' lang='lat' dir='ltr'><strong>cru—</strong></span> 
     </span>
    </p>
   </div>
   <div class='ocr_carea' id='block_1_68' title="bbox 1864 2648 3440 2717">
    <p class='ocr_par' dir='ltr' id='par_1_68' title="bbox 1864 2648 3440 2717">
     <span class='ocr_line' id='line_1_68' title="bbox 1864 2648 3440 2717; baseline -0.001 -13"><span class='ocrx_word' id='word_1_478' title='bbox 1864 2650 2134 2704; x_wconf 87' lang='lat' dir='ltr'><strong>ciatnenta</strong></span> <span class='ocrx_word' id='word_1_479' title='bbox 2167 2650 2335 2710; x_wconf 86' lang='lat' dir='ltr'><strong>illata.</strong></span> <span class='ocrx_word' id='word_1_480' title='bbox 2364 2664 2486 2717; x_wconf 67' lang='lat' dir='ltr'><strong>quae</strong></span> <span class='ocrx_word' id='word_1_481' title='bbox 2516 2649 2630 2717; x_wconf 85' lang='lat' dir='ltr'><strong>ipse</strong></span> <span class='ocrx_word' id='word_1_482' title='bbox 2661 2663 2819 2701; x_wconf 90' lang='lat' dir='ltr'><strong>sacer</strong></span> <span class='ocrx_word' id='word_1_483' title='bbox 2854 2656 3039 2717; x_wconf 89' lang='lat' dir='ltr'><strong>pastor</strong></span> <span class='ocrx_word' id='word_1_484' title='bbox 3062 2648 3286 2702; x_wconf 90' lang='lat' dir='ltr'><strong>silentio</strong></span> <span class='ocrx_word' id='word_1_485' title='bbox 3314 2664 3440 2702; x_wconf 88' lang='lat' dir='ltr'><strong>sus-</strong></span> 
     </span>
    </p>
   </div>
   <div class='ocr_carea' id='block_1_69' title="bbox 1865 2740 3443 2810">
    <p class='ocr_par' dir='ltr' id='par_1_69' title="bbox 1865 2740 3443 2810">
     <span class='ocr_line' id='line_1_69' title="bbox 1865 2740 3443 2810; baseline 0 -15"><span class='ocrx_word' id='word_1_486' title='bbox 1865 2742 2079 2797; x_wconf 84' lang='lat' dir='ltr'><strong>tinebat</strong></span> <span class='ocrx_word' id='word_1_487' title='bbox 2116 2757 2177 2796; x_wconf 91' lang='lat' dir='ltr'><strong>ac</strong></span> <span class='ocrx_word' id='word_1_488' title='bbox 2208 2751 2512 2796; x_wconf 88' lang='lat' dir='ltr'><strong>mansuete.</strong></span> <span class='ocrx_word' id='word_1_489' title='bbox 2562 2740 2775 2796; x_wconf 80' lang='lat' dir='ltr'><strong>Rursus</strong></span> <span class='ocrx_word' id='word_1_490' title='bbox 2798 2741 2864 2794; x_wconf 90' lang='lat' dir='ltr'><strong>ad</strong></span> <span class='ocrx_word' id='word_1_491' title='bbox 2893 2740 3087 2810; x_wconf 77' lang='lat' dir='ltr'><strong>Agathi</strong></span> <span class='ocrx_word' id='word_1_492' title='bbox 3133 2741 3280 2795; x_wconf 68' lang='lat' dir='ltr'><strong>aedes</strong></span> <span class='ocrx_word' id='word_1_493' title='bbox 3309 2743 3443 2795; x_wconf 87' lang='lat' dir='ltr'><strong>tuis-</strong></span> 
     </span>
    </p>
   </div>
   <div class='ocr_carea' id='block_1_70' title="bbox 1866 2832 3443 2903">
    <p class='ocr_par' dir='ltr' id='par_1_70' title="bbox 1866 2832 3443 2903">
     <span class='ocr_line' id='line_1_70' title="bbox 1866 2832 3443 2903; baseline 0 -16"><span class='ocrx_word' id='word_1_494' title='bbox 1866 2846 1959 2888; x_wconf 85' lang='lat' dir='ltr'><strong>sus</strong></span> <span class='ocrx_word' id='word_1_495' title='bbox 2005 2843 2166 2903; x_wconf 87' lang='lat' dir='ltr'><strong>atque</strong></span> <span class='ocrx_word' id='word_1_496' title='bbox 2214 2832 2289 2887; x_wconf 87' lang='lat' dir='ltr'><strong>ihl</strong></span> <span class='ocrx_word' id='word_1_497' title='bbox 2335 2835 2447 2887; x_wconf 76' lang='lat' dir='ltr'><strong>vita</strong></span> <span class='ocrx_word' id='word_1_498' title='bbox 2492 2834 2736 2897; x_wconf 77' lang='lat' dir='ltr'><strong>functus,</strong></span> <span class='ocrx_word' id='word_1_499' title='bbox 2787 2833 2843 2887; x_wconf 86' lang='lat' dir='ltr'><strong>in</strong></span> <span class='ocrx_word' id='word_1_500' title='bbox 2890 2833 3229 2888; x_wconf 76' lang='lat' dir='ltr'><strong>m0nasterio</strong></span> <span class='ocrx_word' id='word_1_501' title='bbox 3256 2849 3356 2887; x_wconf 87' lang='lat' dir='ltr'><strong>suo</strong></span> <span class='ocrx_word' id='word_1_502' title='bbox 3388 2834 3443 2887; x_wconf 86' lang='lat' dir='ltr'><strong>in</strong></span> 
     </span>
    </p>
   </div>
   <div class='ocr_carea' id='block_1_71' title="bbox 1868 2924 3443 2995">
    <p class='ocr_par' dir='ltr' id='par_1_71' title="bbox 1868 2924 3443 2995">
     <span class='ocr_line' id='line_1_71' title="bbox 1868 2924 3443 2995; baseline 0.001 -15"><span class='ocrx_word' id='word_1_503' title='bbox 1868 2926 2004 2980; x_wconf 89' lang='lat' dir='ltr'><strong>urbe</strong></span> <span class='ocrx_word' id='word_1_504' title='bbox 2036 2926 2103 2979; x_wconf 90' lang='lat' dir='ltr'><strong>ad</strong></span> <span class='ocrx_word' id='word_1_505' title='bbox 2133 2926 2431 2980; x_wconf 83' lang='lat' dir='ltr'><strong>Psamathii</strong></span> <span class='ocrx_word' id='word_1_506' title='bbox 2473 2926 2622 2980; x_wconf 64' lang='lat' dir='ltr'><strong>aedes</strong></span> <span class='ocrx_word' id='word_1_507' title='bbox 2660 2926 2919 2980; x_wconf 86' lang='lat' dir='ltr'><strong>conditus</strong></span> <span class='ocrx_word' id='word_1_508' title='bbox 2961 2933 3062 2979; x_wconf 89' lang='lat' dir='ltr'><strong>est.</strong></span> <span class='ocrx_word' id='word_1_509' title='bbox 3106 2924 3321 2981; x_wconf 82' lang='lat' dir='ltr'><strong>Clerico</strong></span> <span class='ocrx_word' id='word_1_510' title='bbox 3350 2927 3443 2995; x_wconf 84' lang='lat' dir='ltr'><strong>qui</strong></span> 
     </span>
    </p>
   </div>
   <div class='ocr_carea' id='block_1_72' title="bbox 1868 3016 3447 3088">
    <p class='ocr_par' dir='ltr' id='par_1_72' title="bbox 1868 3016 3447 3088">
     <span class='ocr_line' id='line_1_72' title="bbox 1868 3016 3447 3088; baseline 0.001 -18"><span class='ocrx_word' id='word_1_511' title='bbox 1868 3018 2197 3086; x_wconf 76' lang='lat' dir='ltr'><strong>patriarcha:</strong></span> <span class='ocrx_word' id='word_1_512' title='bbox 2234 3018 2374 3087; x_wconf 88' lang='lat' dir='ltr'><strong>pilos</strong></span> <span class='ocrx_word' id='word_1_513' title='bbox 2410 3018 2676 3080; x_wconf 72' lang='lat' dir='ltr'><strong>vulserat,</strong></span> <span class='ocrx_word' id='word_1_514' title='bbox 2723 3016 2889 3071; x_wconf 87' lang='lat' dir='ltr'><strong>simul</strong></span> <span class='ocrx_word' id='word_1_515' title='bbox 2917 3032 2978 3070; x_wconf 89' lang='lat' dir='ltr'><strong>ac</strong></span> <span class='ocrx_word' id='word_1_516' title='bbox 3016 3026 3239 3071; x_wconf 89' lang='lat' dir='ltr'><strong>sanctus</strong></span> <span class='ocrx_word' id='word_1_517' title='bbox 3260 3018 3447 3088; x_wconf 85' lang='lat' dir='ltr'><strong>jussus</strong></span> 
     </span>
    </p>
   </div>
   <div class='ocr_carea' id='block_1_73' title="bbox 1866 3107 3448 3180">
    <p class='ocr_par' dir='ltr' id='par_1_73' title="bbox 1866 3107 3448 3180">
     <span class='ocr_line' id='line_1_73' title="bbox 1866 3107 3448 3180; baseline 0 -17"><span class='ocrx_word' id='word_1_518' title='bbox 1866 3117 1953 3163; x_wconf 88' lang='lat' dir='ltr'><strong>est</strong></span> <span class='ocrx_word' id='word_1_519' title='bbox 1997 3109 2289 3171; x_wconf 81' lang='lat' dir='ltr'><strong>exsulare.</strong></span> <span class='ocrx_word' id='word_1_520' title='bbox 2345 3124 2407 3163; x_wconf 89' lang='lat' dir='ltr'><strong>ea</strong></span> <span class='ocrx_word' id='word_1_521' title='bbox 2462 3110 2578 3177; x_wconf 86' lang='lat' dir='ltr'><strong>ipsa</strong></span> <span class='ocrx_word' id='word_1_522' title='bbox 2621 3108 2784 3169; x_wconf 81' lang='lat' dir='ltr'><strong>hora,</strong></span> <span class='ocrx_word' id='word_1_523' title='bbox 2811 3107 3072 3163; x_wconf 83' lang='lat' dir='ltr'><strong>invisibili</strong></span> <span class='ocrx_word' id='word_1_524' title='bbox 3102 3109 3225 3180; x_wconf 80' lang='lat' dir='ltr'><strong>igne</strong></span> <span class='ocrx_word' id='word_1_525' title='bbox 3250 3109 3448 3163; x_wconf 71' lang='lat' dir='ltr'><strong>domos</strong></span> 
     </span>
    </p>
   </div>
   <div class='ocr_carea' id='block_1_74' title="bbox 1867 3195 3445 3266">
    <p class='ocr_par' dir='ltr' id='par_1_74' title="bbox 1867 3195 3445 3266">
     <span class='ocr_line' id='line_1_74' title="bbox 1867 3195 3445 3266; baseline -0.004 -14"><span class='ocrx_word' id='word_1_526' title='bbox 1867 3196 2048 3252; x_wconf 91' lang='lat' dir='ltr'><strong>omnis</strong></span> <span class='ocrx_word' id='word_1_527' title='bbox 2080 3197 2369 3251; x_wconf 73' lang='lat' dir='ltr'><strong>eombu~ta</strong></span> <span class='ocrx_word' id='word_1_528' title='bbox 2408 3206 2510 3250; x_wconf 89' lang='lat' dir='ltr'><strong>est.</strong></span> <span class='ocrx_word' id='word_1_529' title='bbox 2563 3197 2694 3265; x_wconf 80' lang='lat' dir='ltr'><strong>Ejus</strong></span> <span class='ocrx_word' id='word_1_530' title='bbox 2740 3195 2849 3249; x_wconf 83' lang='lat' dir='ltr'><strong>ﬁlia</strong></span> <span class='ocrx_word' id='word_1_531' title='bbox 2881 3196 2959 3250; x_wconf 88' lang='lat' dir='ltr'><strong>sic</strong></span> <span class='ocrx_word' id='word_1_532' title='bbox 3005 3205 3115 3250; x_wconf 86' lang='lat' dir='ltr'><strong>tota</strong></span> <span class='ocrx_word' id='word_1_533' title='bbox 3146 3198 3445 3266; x_wconf 65' lang='lat' dir='ltr'><strong>epilepticit</strong></span> 
     </span>
    </p>
   </div>
   <div class='ocr_carea' id='block_1_75' title="bbox 1866 3289 3446 3358">
    <p class='ocr_par' dir='ltr' id='par_1_75' title="bbox 1866 3289 3446 3358">
     <span class='ocr_line' id='line_1_75' title="bbox 1866 3289 3446 3358; baseline 0.001 -15"><span class='ocrx_word' id='word_1_534' title='bbox 1866 3289 2060 3343; x_wconf 88' lang='lat' dir='ltr'><strong>morbo</strong></span> <span class='ocrx_word' id='word_1_535' title='bbox 2088 3300 2354 3358; x_wconf 79' lang='lat' dir='ltr'><strong>oppressa</strong></span> <span class='ocrx_word' id='word_1_536' title='bbox 2381 3298 2487 3349; x_wconf 71' lang='grc' dir='ltr'>εει.</span> <span class='ocrx_word' id='word_1_537' title='bbox 2520 3297 2580 3342; x_wconf 91' lang='lat' dir='ltr'><strong>ut</strong></span> <span class='ocrx_word' id='word_1_538' title='bbox 2620 3304 2723 3342; x_wconf 86' lang='lat' dir='ltr'><strong>nec</strong></span> <span class='ocrx_word' id='word_1_539' title='bbox 2748 3300 2991 3351; x_wconf 85' lang='lat' dir='ltr'><strong>manum,</strong></span> <span class='ocrx_word' id='word_1_540' title='bbox 3028 3303 3207 3358; x_wconf 88' lang='lat' dir='ltr'><strong>neque</strong></span> <span class='ocrx_word' id='word_1_541' title='bbox 3234 3305 3316 3355; x_wconf 78' lang='lat'><strong>08,</strong></span> <span class='ocrx_word' id='word_1_542' title='bbox 3342 3306 3446 3344; x_wconf 86' lang='lat' dir='ltr'><strong>nec</strong></span> 
     </span>
    </p>
   </div>
   <div class='ocr_carea' id='block_1_76' title="bbox 1866 3383 3442 3452">
    <p class='ocr_par' dir='ltr' id='par_1_76' title="bbox 1866 3383 3442 3452">
     <span class='ocr_line' id='line_1_76' title="bbox 1866 3383 3442 3452; baseline -0.001 -16"><span class='ocrx_word' id='word_1_543' title='bbox 1866 3384 2033 3437; x_wconf 85' lang='lat' dir='ltr'><strong>ullam</strong></span> <span class='ocrx_word' id='word_1_544' title='bbox 2083 3392 2294 3452; x_wconf 84' lang='lat' dir='ltr'><strong>partem</strong></span> <span class='ocrx_word' id='word_1_545' title='bbox 2340 3383 2587 3451; x_wconf 89' lang='lat' dir='ltr'><strong>corporis</strong></span> <span class='ocrx_word' id='word_1_546' title='bbox 2638 3390 2857 3436; x_wconf 87' lang='lat' dir='ltr'><strong>movere</strong></span> <span class='ocrx_word' id='word_1_547' title='bbox 2898 3394 3085 3451; x_wconf 88' lang='lat' dir='ltr'><strong>posset</strong></span> <span class='ocrx_word' id='word_1_548' title='bbox 3126 3391 3221 3436; x_wconf 84' lang='lat' dir='ltr'><strong>aut</strong></span> <span class='ocrx_word' id='word_1_549' title='bbox 3254 3397 3442 3439; x_wconf 65' lang='lat' dir='ltr'><strong>vocant</strong></span> 
     </span>
    </p>
   </div>
   <div class='ocr_carea' id='block_1_77' title="bbox 1865 3471 3448 3541">
    <p class='ocr_par' dir='ltr' id='par_1_77' title="bbox 1865 3471 3448 3541">
     <span class='ocr_line' id='line_1_77' title="bbox 1865 3471 3448 3541; baseline 0.002 -15"><span class='ocrx_word' id='word_1_550' title='bbox 1865 3474 2122 3537; x_wconf 88' lang='lat' dir='ltr'><strong>mittere;</strong></span> <span class='ocrx_word' id='word_1_551' title='bbox 2157 3487 2278 3541; x_wconf 77' lang='lat' dir='ltr'><strong>qua:</strong></span> <span class='ocrx_word' id='word_1_552' title='bbox 2314 3480 2369 3525; x_wconf 91' lang='lat' dir='ltr'><strong>et</strong></span> <span class='ocrx_word' id='word_1_553' title='bbox 2410 3472 2552 3525; x_wconf 90' lang='lat' dir='ltr'><strong>lecto</strong></span> <span class='ocrx_word' id='word_1_554' title='bbox 2578 3471 2733 3525; x_wconf 81' lang='lat' dir='ltr'><strong>allixa</strong></span> <span class='ocrx_word' id='word_1_555' title='bbox 2765 3483 2827 3525; x_wconf 89' lang='lat' dir='ltr'><strong>ac</strong></span> <span class='ocrx_word' id='word_1_556' title='bbox 2860 3474 3057 3541; x_wconf 85' lang='lat' dir='ltr'><strong>stipem</strong></span> <span class='ocrx_word' id='word_1_557' title='bbox 3092 3474 3448 3529; x_wconf 88' lang='lat' dir='ltr'><strong>emendicans</strong></span> 
     </span>
    </p>
   </div>
   <div class='ocr_carea' id='block_1_78' title="bbox 1866 3565 3445 3635">
    <p class='ocr_par' dir='ltr' id='par_1_78' title="bbox 1866 3565 3445 3635">
     <span class='ocr_line' id='line_1_78' title="bbox 1866 3565 3445 3635; baseline 0.001 -16"><span class='ocrx_word' id='word_1_558' title='bbox 1866 3567 1930 3619; x_wconf 88' lang='lat' dir='ltr'><strong>ad</strong></span> <span class='ocrx_word' id='word_1_559' title='bbox 1972 3566 2343 3634; x_wconf 84' lang='lat' dir='ltr'><strong>Nicephorum</strong></span> <span class='ocrx_word' id='word_1_560' title='bbox 2381 3580 2553 3635; x_wconf 90' lang='lat' dir='ltr'><strong>usque</strong></span> <span class='ocrx_word' id='word_1_561' title='bbox 2581 3565 2817 3618; x_wconf 82' lang='lat' dir='ltr'><strong>Phocam</strong></span> <span class='ocrx_word' id='word_1_562' title='bbox 2857 3568 3246 3634; x_wconf 86' lang='lat' dir='ltr'><strong>imperatorem</strong></span> <span class='ocrx_word' id='word_1_563' title='bbox 3279 3567 3445 3621; x_wconf 80' lang='lat' dir='ltr'><strong>dura-</strong></span> 
     </span>
    </p>
   </div>
   <div class='ocr_carea' id='block_1_79' title="bbox 1864 3658 3444 3729">
    <p class='ocr_par' dir='ltr' id='par_1_79' title="bbox 1864 3658 3444 3729">
     <span class='ocr_line' id='line_1_79' title="bbox 1864 3658 3444 3729; baseline 0.001 -17"><span class='ocrx_word' id='word_1_564' title='bbox 1864 3660 1963 3714; x_wconf 72' lang='lat' dir='ltr'><strong>vit.</strong></span> <span class='ocrx_word' id='word_1_565' title='bbox 2022 3660 2192 3715; x_wconf 83' lang='lat' dir='ltr'><strong>Porro</strong></span> <span class='ocrx_word' id='word_1_566' title='bbox 2244 3658 2556 3713; x_wconf 86' lang='lat' dir='ltr'><strong>Alexander</strong></span> <span class='ocrx_word' id='word_1_567' title='bbox 2612 3661 2935 3727; x_wconf 81' lang='lat' dir='ltr'><strong>imperator,</strong></span> <span class='ocrx_word' id='word_1_568' title='bbox 2980 3660 3117 3713; x_wconf 89' lang='lat' dir='ltr'><strong>nihil</strong></span> <span class='ocrx_word' id='word_1_569' title='bbox 3146 3675 3245 3729; x_wconf 90' lang='lat' dir='ltr'><strong>pro</strong></span> <span class='ocrx_word' id='word_1_570' title='bbox 3274 3660 3444 3729; x_wconf 87' lang='lat' dir='ltr'><strong>impe-</strong></span> 
     </span>
    </p>
   </div>
   <div class='ocr_carea' id='block_1_80' title="bbox 1865 3752 3443 3821">
    <p class='ocr_par' dir='ltr' id='par_1_80' title="bbox 1865 3752 3443 3821">
     <span class='ocr_line' id='line_1_80' title="bbox 1865 3752 3443 3821; baseline -0.001 -16"><span class='ocrx_word' id='word_1_571' title='bbox 1865 3752 2067 3805; x_wconf 88' lang='lat' dir='ltr'><strong>ratoris</strong></span> <span class='ocrx_word' id='word_1_572' title='bbox 2089 3763 2315 3805; x_wconf 88' lang='lat' dir='ltr'><strong>munere</strong></span> <span class='ocrx_word' id='word_1_573' title='bbox 2345 3766 2522 3820; x_wconf 82' lang='lat' dir='ltr'><strong>exque</strong></span> <span class='ocrx_word' id='word_1_574' title='bbox 2565 3763 2822 3820; x_wconf 74' lang='lat' dir='ltr'><strong>purpura:</strong></span> <span class='ocrx_word' id='word_1_575' title='bbox 2843 3752 3109 3821; x_wconf 79' lang='lat' dir='ltr'><strong>dignitate</strong></span> <span class='ocrx_word' id='word_1_576' title='bbox 3141 3752 3322 3805; x_wconf 79' lang='lat' dir='ltr'><strong>ntoliri</strong></span> <span class='ocrx_word' id='word_1_577' title='bbox 3352 3767 3443 3805; x_wconf 76' lang='lat' dir='ltr'><strong>va-</strong></span> 
     </span>
    </p>
   </div>
   <div class='ocr_carea' id='block_1_81' title="bbox 1864 3844 3449 3915">
    <p class='ocr_par' dir='ltr' id='par_1_81' title="bbox 1864 3844 3449 3915">
     <span class='ocr_line' id='line_1_81' title="bbox 1864 3844 3449 3915; baseline 0.001 -18"><span class='ocrx_word' id='word_1_578' title='bbox 1864 3846 1982 3898; x_wconf 88' lang='lat' dir='ltr'><strong>lens</strong></span> <span class='ocrx_word' id='word_1_579' title='bbox 2040 3853 2135 3898; x_wconf 85' lang='lat' dir='ltr'><strong>aut</strong></span> <span class='ocrx_word' id='word_1_580' title='bbox 2181 3845 2430 3913; x_wconf 88' lang='lat' dir='ltr'><strong>exsequi,</strong></span> <span class='ocrx_word' id='word_1_581' title='bbox 2466 3859 2523 3899; x_wconf 91' lang='lat' dir='ltr'><strong>se</strong></span> <span class='ocrx_word' id='word_1_582' title='bbox 2580 3852 2753 3897; x_wconf 87' lang='lat' dir='ltr'><strong>totum</strong></span> <span class='ocrx_word' id='word_1_583' title='bbox 2788 3844 3175 3899; x_wconf 82' lang='lat' dir='ltr'><strong>venationibus</strong></span> <span class='ocrx_word' id='word_1_584' title='bbox 3218 3862 3279 3900; x_wconf 88' lang='lat' dir='ltr'><strong>ae</strong></span> <span class='ocrx_word' id='word_1_585' title='bbox 3320 3864 3449 3915; x_wconf 64' lang='lat' dir='ltr'><strong>pra»</strong></span> 
     </span>
    </p>
   </div>
   <div class='ocr_carea' id='block_1_82' title="bbox 1865 3936 3445 4006">
    <p class='ocr_par' dir='ltr' id='par_1_82' title="bbox 1865 3936 3445 4006">
     <span class='ocr_line' id='line_1_82' title="bbox 1865 3936 3445 4006; baseline 0 -16"><span class='ocrx_word' id='word_1_586' title='bbox 1865 3938 1948 3990; x_wconf 72' lang='lat' dir='ltr'><strong>vis</strong></span> <span class='ocrx_word' id='word_1_587' title='bbox 1970 3938 2186 3992; x_wconf 85' lang='lat' dir='ltr'><strong>actibus</strong></span> <span class='ocrx_word' id='word_1_588' title='bbox 2213 3936 2399 3998; x_wconf 85' lang='lat' dir='ltr'><strong>dabat,</strong></span> <span class='ocrx_word' id='word_1_589' title='bbox 2435 3951 2707 4003; x_wconf 87' lang='lat' dir='ltr'><strong>omneque</strong></span> <span class='ocrx_word' id='word_1_590' title='bbox 2732 3936 2813 3989; x_wconf 93' lang='lat' dir='ltr'><strong>eis</strong></span> <span class='ocrx_word' id='word_1_591' title='bbox 2835 3944 3051 4004; x_wconf 87' lang='lat' dir='ltr'><strong>tempus</strong></span> <span class='ocrx_word' id='word_1_592' title='bbox 3075 3936 3445 4006; x_wconf 71' lang='lat' dir='ltr'><strong>impendebat.</strong></span> 
     </span>
    </p>
   </div>
   <div class='ocr_carea' id='block_1_83' title="bbox 1865 4028 3447 4097">
    <p class='ocr_par' dir='ltr' id='par_1_83' title="bbox 1865 4028 3447 4097">
     <span class='ocr_line' id='line_1_83' title="bbox 1865 4028 3447 4097; baseline -0.003 -15"><span class='ocrx_word' id='word_1_593' title='bbox 1865 4029 2284 4082; x_wconf 75' lang='lat' dir='ltr'><strong>Constantinum</strong></span> <span class='ocrx_word' id='word_1_594' title='bbox 2341 4028 2540 4081; x_wconf 84' lang='lat' dir='ltr'><strong>Leonis</strong></span> <span class='ocrx_word' id='word_1_595' title='bbox 2574 4028 2744 4080; x_wconf 90' lang='lat' dir='ltr'><strong>lilium</strong></span> <span class='ocrx_word' id='word_1_596' title='bbox 2789 4042 2913 4081; x_wconf 92' lang='lat' dir='ltr'><strong>cum</strong></span> <span class='ocrx_word' id='word_1_597' title='bbox 2965 4029 3165 4097; x_wconf 69' lang='lat' dir='ltr'><strong>saepius</strong></span> <span class='ocrx_word' id='word_1_598' title='bbox 3209 4039 3447 4082; x_wconf 74' lang='lat' dir='ltr'><strong>castrare</strong></span> 
     </span>
    </p>
   </div>
   <div class='ocr_carea' id='block_1_84' title="bbox 1867 4118 3449 4188">
    <p class='ocr_par' dir='ltr' id='par_1_84' title="bbox 1867 4118 3449 4188">
     <span class='ocr_line' id='line_1_84' title="bbox 1867 4118 3449 4188; baseline -0.001 -14"><span class='ocrx_word' id='word_1_599' title='bbox 1867 4120 2172 4179; x_wconf 82' lang='lat' dir='ltr'><strong>statuisset.</strong></span> <span class='ocrx_word' id='word_1_600' title='bbox 2222 4119 2369 4173; x_wconf 90' lang='lat' dir='ltr'><strong>illius</strong></span> <span class='ocrx_word' id='word_1_601' title='bbox 2412 4119 2480 4173; x_wconf 91' lang='lat' dir='ltr'><strong>ab</strong></span> <span class='ocrx_word' id='word_1_602' title='bbox 2530 4119 2611 4172; x_wconf 89' lang='lat' dir='ltr'><strong>eis</strong></span> <span class='ocrx_word' id='word_1_603' title='bbox 2634 4118 2959 4188; x_wconf 88' lang='lat' dir='ltr'><strong>dissipatum</strong></span> <span class='ocrx_word' id='word_1_604' title='bbox 3014 4120 3306 4173; x_wconf 90' lang='lat' dir='ltr'><strong>consilium</strong></span> <span class='ocrx_word' id='word_1_605' title='bbox 3364 4130 3449 4175; x_wconf 63' lang='lat' dir='ltr'><strong>est</strong></span> 
     </span>
    </p>
   </div>
   <div class='ocr_carea' id='block_1_85' title="bbox 1864 4209 3444 4280">
    <p class='ocr_par' dir='ltr' id='par_1_85' title="bbox 1864 4209 3444 4280">
     <span class='ocr_line' id='line_1_85' title="bbox 1864 4209 3444 4280; baseline 0.004 -16"><span class='ocrx_word' id='word_1_606' title='bbox 1864 4227 2006 4280; x_wconf 91' lang='lat' dir='ltr'><strong>quos</strong></span> <span class='ocrx_word' id='word_1_607' title='bbox 2037 4212 2138 4264; x_wconf 91' lang='lat' dir='ltr'><strong>sibi</strong></span> <span class='ocrx_word' id='word_1_608' title='bbox 2170 4211 2280 4265; x_wconf 83' lang='lat' dir='ltr'><strong>Leo</strong></span> <span class='ocrx_word' id='word_1_609' title='bbox 2317 4209 2603 4264; x_wconf 79' lang='lat' dir='ltr'><strong>beneﬂciis</strong></span> <span class='ocrx_word' id='word_1_610' title='bbox 2638 4224 2701 4264; x_wconf 91' lang='lat' dir='ltr'><strong>ac</strong></span> <span class='ocrx_word' id='word_1_611' title='bbox 2733 4211 3058 4265; x_wconf 89' lang='lat' dir='ltr'><strong>muneribus</strong></span> <span class='ocrx_word' id='word_1_612' title='bbox 3101 4212 3444 4271; x_wconf 77' lang='lat' dir='ltr'><strong>devinxerat.</strong></span> 
     </span>
    </p>
   </div>
   <div class='ocr_carea' id='block_1_86' title="bbox 1866 4303 3442 4373">
    <p class='ocr_par' dir='ltr' id='par_1_86' title="bbox 1866 4303 3442 4373">
     <span class='ocr_line' id='line_1_86' title="bbox 1866 4303 3442 4373; baseline 0 -16"><span class='ocrx_word' id='word_1_613' title='bbox 1866 4320 1991 4358; x_wconf 90' lang='lat' dir='ltr'><strong>cum</strong></span> <span class='ocrx_word' id='word_1_614' title='bbox 2026 4303 2188 4356; x_wconf 89' lang='lat' dir='ltr'><strong>modo</strong></span> <span class='ocrx_word' id='word_1_615' title='bbox 2240 4303 2491 4356; x_wconf 84' lang='lat' dir='ltr'><strong>tenellam</strong></span> <span class='ocrx_word' id='word_1_616' title='bbox 2523 4311 2763 4368; x_wconf 64' lang='lat' dir='ltr'><strong>aetatem,</strong></span> <span class='ocrx_word' id='word_1_617' title='bbox 2807 4303 2970 4357; x_wconf 89' lang='lat' dir='ltr'><strong>modo</strong></span> <span class='ocrx_word' id='word_1_618' title='bbox 3002 4314 3199 4373; x_wconf 78' lang='lat' dir='ltr'><strong>aegram</strong></span> <span class='ocrx_word' id='word_1_619' title='bbox 3231 4306 3442 4359; x_wconf 81' lang='lat' dir='ltr'><strong>valetu-</strong></span> 
     </span>
    </p>
   </div>
   <div class='ocr_carea' id='block_1_87' title="bbox 1866 4392 3447 4465">
    <p class='ocr_par' dir='ltr' id='par_1_87' title="bbox 1866 4392 3447 4465">
     <span class='ocr_line' id='line_1_87' title="bbox 1866 4392 3447 4465; baseline 0.002 -18"><span class='ocrx_word' id='word_1_620' title='bbox 1866 4394 2049 4448; x_wconf 87' lang='lat' dir='ltr'><strong>dinem</strong></span> <span class='ocrx_word' id='word_1_621' title='bbox 2074 4392 2193 4463; x_wconf 90' lang='lat' dir='ltr'><strong>ejus</strong></span> <span class='ocrx_word' id='word_1_622' title='bbox 2215 4401 2593 4447; x_wconf 82' lang='lat' dir='ltr'><strong>causarentur.</strong></span> <span class='ocrx_word' id='word_1_623' title='bbox 2626 4394 2758 4463; x_wconf 81' lang='lat' dir='ltr'><strong>Ejus</strong></span> <span class='ocrx_word' id='word_1_624' title='bbox 2786 4402 3033 4463; x_wconf 85' lang='lat' dir='ltr'><strong>tempore</strong></span> <span class='ocrx_word' id='word_1_625' title='bbox 3066 4396 3324 4465; x_wconf 86' lang='lat' dir='ltr'><strong>apparuit</strong></span> <span class='ocrx_word' id='word_1_626' title='bbox 3353 4410 3447 4450; x_wconf 89' lang='lat' dir='ltr'><strong>eo-</strong></span> 
     </span>
    </p>
   </div>
   <div class='ocr_carea' id='block_1_88' title="bbox 1869 4483 3442 4557">
    <p class='ocr_par' dir='ltr' id='par_1_88' title="bbox 1869 4483 3442 4557">
     <span class='ocr_line' id='line_1_88' title="bbox 1869 4483 3442 4557; baseline 0 -18"><span class='ocrx_word' id='word_1_627' title='bbox 1869 4496 2043 4539; x_wconf 88' lang='lat' dir='ltr'><strong>metes</strong></span> <span class='ocrx_word' id='word_1_628' title='bbox 2063 4487 2132 4539; x_wconf 89' lang='lat' dir='ltr'><strong>ab</strong></span> <span class='ocrx_word' id='word_1_629' title='bbox 2161 4485 2460 4539; x_wconf 85' lang='lat' dir='ltr'><strong>Occidente</strong></span> <span class='ocrx_word' id='word_1_630' title='bbox 2495 4500 2592 4553; x_wconf 89' lang='lat' dir='ltr'><strong>per</strong></span> <span class='ocrx_word' id='word_1_631' title='bbox 2618 4483 2738 4538; x_wconf 91' lang='lat' dir='ltr'><strong>dies</strong></span> <span class='ocrx_word' id='word_1_632' title='bbox 2759 4486 3121 4555; x_wconf 81' lang='lat' dir='ltr'><strong>quadraginta</strong></span> <span class='ocrx_word' id='word_1_633' title='bbox 3152 4503 3165 4540; x_wconf 88' lang='lat'><strong>:</strong></span> <span class='ocrx_word' id='word_1_634' title='bbox 3198 4488 3442 4557; x_wconf 88' lang='lat' dir='ltr'><strong>xiphiam</strong></span> 
     </span>
    </p>
   </div>
   <div class='ocr_carea' id='block_1_89' title="bbox 181 4574 1759 4672">
    <p class='ocr_par' dir='ltr' id='par_1_89' title="bbox 181 4575 1759 4647">
     <span class='ocr_line' id='line_1_89' title="bbox 181 4575 1759 4647; baseline 0.002 -19"><span class='ocrx_word' id='word_1_635' title='bbox 181 4575 409 4637; x_wconf 80' lang='grc' dir='ltr'>πλάνοις</span> <span class='ocrx_word' id='word_1_636' title='bbox 440 4576 537 4629; x_wconf 72' lang='grc' dir='ltr'>καὶ</span> <span class='ocrx_word' id='word_1_637' title='bbox 581 4576 774 4647; x_wconf 80' lang='grc' dir='ltr'>γόησιν</span> <span class='ocrx_word' id='word_1_638' title='bbox 802 4579 995 4631; x_wconf 74' lang='grc' dir='ltr'>ἑαυτὸν</span> <span class='ocrx_word' id='word_1_639' title='bbox 1028 4578 1235 4641; x_wconf 75' lang='grc' dir='ltr'>ἐκδοὺς.</span> <span class='ocrx_word' id='word_1_640' title='bbox 1270 4577 1367 4631; x_wconf 85' lang='grc' dir='ltr'>τοῦ</span> <span class='ocrx_word' id='word_1_641' title='bbox 1397 4579 1636 4647; x_wconf 85' lang='grc' dir='ltr'>συάγρου</span> <span class='ocrx_word' id='word_1_642' title='bbox 1688 4578 1759 4647; x_wconf 83' lang='grc' dir='ltr'>τῷ</span> 
     </span>
    </p>
   </div>
   <div class='ocr_carea' id='block_1_90' title="bbox 1863 4574 3442 4672">
    <p class='ocr_par' dir='ltr' id='par_1_90' title="bbox 1869 4574 3442 4648">
     <span class='ocr_line' id='line_1_90' title="bbox 1869 4574 3442 4648; baseline 0.004 -21"><span class='ocrx_word' id='word_1_643' title='bbox 1869 4577 2053 4629; x_wconf 84' lang='lat' dir='ltr'><strong>vocari</strong></span> <span class='ocrx_word' id='word_1_644' title='bbox 2090 4575 2350 4629; x_wconf 87' lang='lat' dir='ltr'><strong>dicebant</strong></span> <span class='ocrx_word' id='word_1_645' title='bbox 2378 4576 2554 4643; x_wconf 88' lang='lat' dir='ltr'><strong>(quasi</strong></span> <span class='ocrx_word' id='word_1_646' title='bbox 2586 4574 2657 4628; x_wconf 89' lang='lat' dir='ltr'><strong>ab</strong></span> <span class='ocrx_word' id='word_1_647' title='bbox 2686 4577 2835 4630; x_wconf 88' lang='lat' dir='ltr'><strong>ensis</strong></span> <span class='ocrx_word' id='word_1_648' title='bbox 2879 4591 2976 4630; x_wconf 88' lang='lat' dir='ltr'><strong>seu</strong></span> <span class='ocrx_word' id='word_1_649' title='bbox 3017 4576 3181 4646; x_wconf 77' lang='lat' dir='ltr'><strong>gladii</strong></span> <span class='ocrx_word' id='word_1_650' title='bbox 3225 4578 3442 4648; x_wconf 75' lang='lat' dir='ltr'><strong>ligural.</strong></span> 
     </span>
    </p>
   </div>
   <div class='ocr_carea' id='block_1_91' title="bbox 178 4667 1761 4740">
    <p class='ocr_par' dir='ltr' id='par_1_91' title="bbox 178 4667 1761 4740">
     <span class='ocr_line' id='line_1_91' title="bbox 178 4667 1761 4740; baseline 0.001 -20"><span class='ocrx_word' id='word_1_651' title='bbox 178 4667 457 4737; x_wconf 82' lang='grc' dir='ltr'>στοιχείῳ,</span> <span class='ocrx_word' id='word_1_652' title='bbox 517 4668 698 4731; x_wconf 78' lang='grc' dir='ltr'>καθὼς</span> <span class='ocrx_word' id='word_1_653' title='bbox 742 4670 906 4723; x_wconf 76' lang='grc' dir='ltr'>αὑτὸν</span> <span class='ocrx_word' id='word_1_654' title='bbox 939 4672 1138 4723; x_wconf 78' lang='grc' dir='ltr'>ἐκείνοι</span> <span class='ocrx_word' id='word_1_655' title='bbox 1160 4670 1427 4736; x_wconf 72' lang='grc' dir='ltr'>ἐδίδαξαν,</span> <span class='ocrx_word' id='word_1_656' title='bbox 1460 4670 1553 4723; x_wconf 81' lang='grc' dir='ltr'>τοῦ</span> <span class='ocrx_word' id='word_1_657' title='bbox 1589 4672 1647 4721; x_wconf 83' lang='grc' dir='ltr'>ὲν</span> <span class='ocrx_word' id='word_1_658' title='bbox 1684 4671 1761 4740; x_wconf 78' lang='grc' dir='ltr'>τῷ</span> 
     </span>
    </p>
   </div>
   <div class='ocr_carea' id='block_1_92' title="bbox 180 4760 1762 4837">
    <p class='ocr_par' dir='ltr' id='par_1_92' title="bbox 180 4760 1762 4837">
     <span class='ocr_line' id='line_1_92' title="bbox 180 4760 1762 4837; baseline 0.004 -26"><span class='ocrx_word' id='word_1_659' title='bbox 180 4761 394 4830; x_wconf 74' lang='grc' dir='ltr'>ἱππικῷ</span> <span class='ocrx_word' id='word_1_660' title='bbox 437 4761 537 4831; x_wconf 77' lang='grc' dir='ltr'><strong>τὴν</strong></span> <span class='ocrx_word' id='word_1_661' title='bbox 592 4760 738 4833; x_wconf 74' lang='grc' dir='ltr'>ζωὴν</span> <span class='ocrx_word' id='word_1_662' title='bbox 784 4764 951 4817; x_wconf 83' lang='grc' dir='ltr'>αὑτοῦ</span> <span class='ocrx_word' id='word_1_663' title='bbox 988 4762 1071 4835; x_wconf 86' lang='grc' dir='ltr'><strong>[Ρ.</strong></span> <span class='ocrx_word' id='word_1_664' title='bbox 1111 4762 1237 4837; x_wconf 65' lang='grc' dir='ltr'><strong>Πεὶ]</strong></span> <span class='ocrx_word' id='word_1_665' title='bbox 1295 4764 1762 4833; x_wconf 83' lang='grc' dir='ltr'>προσανακείσθαι</span> 
     </span>
    </p>
   </div>
   <div class='ocr_carea' id='block_1_93' title="bbox 177 4848 1764 4923">
    <p class='ocr_par' dir='ltr' id='par_1_93' title="bbox 177 4848 1764 4923">
     <span class='ocr_line' id='line_1_93' title="bbox 177 4848 1764 4923; baseline 0.004 -22"><span class='ocrx_word' id='word_1_666' title='bbox 177 4848 413 4916; x_wconf 72' lang='grc' dir='ltr'>ἔφασαν,</span> <span class='ocrx_word' id='word_1_667' title='bbox 445 4851 537 4903; x_wconf 70' lang='grc' dir='ltr'>τὸν</span> <span class='ocrx_word' id='word_1_668' title='bbox 558 4851 793 4921; x_wconf 81' lang='grc' dir='ltr'>χοιρὼδη</span> <span class='ocrx_word' id='word_1_669' title='bbox 825 4851 938 4921; x_wconf 81' lang='grc' dir='ltr'>βίον</span> <span class='ocrx_word' id='word_1_670' title='bbox 968 4854 1179 4907; x_wconf 68' lang='grc' dir='ltr'>ἐκείνου</span> <span class='ocrx_word' id='word_1_671' title='bbox 1205 4857 1298 4908; x_wconf 75' lang='grc' dir='ltr'>καὶ</span> <span class='ocrx_word' id='word_1_672' title='bbox 1330 4855 1557 4922; x_wconf 84' lang='grc' dir='ltr'>ἀνόητον</span> <span class='ocrx_word' id='word_1_673' title='bbox 1588 4857 1764 4923; x_wconf 83' lang='grc' dir='ltr'>ὑπεμ-</span> 
     </span>
    </p>
   </div>
   <div class='ocr_carea' id='block_1_94' title="bbox 175 4940 1763 5015">
    <p class='ocr_par' dir='ltr' id='par_1_94' title="bbox 175 4940 1763 5015">
     <span class='ocr_line' id='line_1_94' title="bbox 175 4940 1763 5015; baseline 0.003 -24"><span class='ocrx_word' id='word_1_674' title='bbox 175 4940 487 5005; x_wconf 71' lang='grc' dir='ltr'>φαίνοντες.</span> <span class='ocrx_word' id='word_1_675' title='bbox 533 4941 756 5005; x_wconf 80' lang='grc' dir='ltr'>Τούτοις</span> <span class='ocrx_word' id='word_1_676' title='bbox 800 4943 1045 5007; x_wconf 74' lang='grc' dir='ltr'>πεισθεὶς</span> <span class='ocrx_word' id='word_1_677' title='bbox 1080 4945 1279 4999; x_wconf 69' lang='grc' dir='ltr'>αἰδοῖον</span> <span class='ocrx_word' id='word_1_678' title='bbox 1312 4947 1409 4999; x_wconf 77' lang='grc' dir='ltr'>καὶ</span> <span class='ocrx_word' id='word_1_679' title='bbox 1437 4944 1654 5009; x_wconf 82' lang='grc' dir='ltr'>ὀδόντας</span> <span class='ocrx_word' id='word_1_680' title='bbox 1686 4945 1763 5015; x_wconf 80' lang='grc' dir='ltr'>τῷ</span> 
     </span>
    </p>
   </div>
   <div class='ocr_carea' id='block_1_95' title="bbox 176 5031 1761 5108">
    <p class='ocr_par' dir='ltr' id='par_1_95' title="bbox 176 5031 1761 5108">
     <span class='ocr_line' id='line_1_95' title="bbox 176 5031 1761 5108; baseline 0.004 -24"><span class='ocrx_word' id='word_1_681' title='bbox 176 5032 349 5104; x_wconf 84' lang='grc' dir='ltr'>χοίρῳ</span> <span class='ocrx_word' id='word_1_682' title='bbox 378 5033 666 5101; x_wconf 76' lang='grc' dir='ltr'>περιέθετο</span> <span class='ocrx_word' id='word_1_683' title='bbox 690 5034 767 5100; x_wconf 83' lang='grc' dir='ltr'><strong>ὡς</strong></span> <span class='ocrx_word' id='word_1_684' title='bbox 798 5036 1155 5108; x_wconf 82' lang='grc' dir='ltr'>λειπομένους</span> <span class='ocrx_word' id='word_1_685' title='bbox 1184 5037 1361 5108; x_wconf 84' lang='grc' dir='ltr'>αὐτῷ·</span> <span class='ocrx_word' id='word_1_686' title='bbox 1420 5040 1514 5090; x_wconf 80' lang='grc' dir='ltr'><strong>καὶ</strong></span> <span class='ocrx_word' id='word_1_687' title='bbox 1543 5041 1607 5107; x_wconf 81' lang='grc' dir='ltr'><strong>τῇ</strong></span> <span class='ocrx_word' id='word_1_688' title='bbox 1639 5031 1761 5090; x_wconf 89' lang='grc' dir='ltr'>τού-</span> 
     </span>
    </p>
   </div>
   <div class='ocr_carea' id='block_1_96' title="bbox 175 5124 1763 5197">
    <p class='ocr_par' dir='ltr' id='par_1_96' title="bbox 175 5124 1763 5197">
     <span class='ocr_line' id='line_1_96' title="bbox 175 5124 1763 5197; baseline 0.002 -20"><span class='ocrx_word' id='word_1_689' title='bbox 175 5141 285 5179; x_wconf 78' lang='grc' dir='ltr'><strong>των</strong></span> <span class='ocrx_word' id='word_1_690' title='bbox 312 5124 497 5197; x_wconf 76' lang='grc' dir='ltr'>πλάνῃ</span> <span class='ocrx_word' id='word_1_691' title='bbox 522 5125 799 5190; x_wconf 86' lang='grc' dir='ltr'>πεποιθὼς</span> <span class='ocrx_word' id='word_1_692' title='bbox 833 5128 1056 5182; x_wconf 72' lang='grc' dir='ltr'>ἱππικὸν</span> <span class='ocrx_word' id='word_1_693' title='bbox 1100 5129 1375 5182; x_wconf 77' lang='grc' dir='ltr'>ὲστόλισεν</span> <span class='ocrx_word' id='word_1_694' title='bbox 1419 5128 1513 5181; x_wconf 81' lang='grc' dir='ltr'>καὶ</span> <span class='ocrx_word' id='word_1_695' title='bbox 1547 5127 1624 5197; x_wconf 84' lang='grc' dir='ltr'>τῷ</span> <span class='ocrx_word' id='word_1_696' title='bbox 1659 5128 1763 5190; x_wconf 79' lang='grc' dir='ltr'><strong>ζωο</strong></span> 
     </span>
    </p>
   </div>
   <div class='ocr_carea' id='block_1_97' title="bbox 175 5217 1760 5291">
    <p class='ocr_par' dir='ltr' id='par_1_97' title="bbox 175 5217 1760 5291">
     <span class='ocr_line' id='line_1_97' title="bbox 175 5217 1760 5291; baseline 0.001 -21"><span class='ocrx_word' id='word_1_697' title='bbox 175 5217 275 5284; x_wconf 78' lang='grc' dir='ltr'>δίῳ</span> <span class='ocrx_word' id='word_1_698' title='bbox 295 5219 620 5285; x_wconf 77' lang='grc' dir='ltr'>φωταυγίαν</span> <span class='ocrx_word' id='word_1_699' title='bbox 646 5219 927 5289; x_wconf 70' lang='grc' dir='ltr'>ἐποίησεν.</span> <span class='ocrx_word' id='word_1_700' title='bbox 961 5221 1127 5276; x_wconf 82' lang='grc' dir='ltr'>Ὅθεν</span> <span class='ocrx_word' id='word_1_701' title='bbox 1175 5222 1265 5275; x_wconf 75' lang='grc' dir='ltr'>καὶ</span> <span class='ocrx_word' id='word_1_702' title='bbox 1293 5221 1435 5291; x_wconf 82' lang='grc' dir='ltr'>ήρθη</span> <span class='ocrx_word' id='word_1_703' title='bbox 1471 5220 1570 5273; x_wconf 78' lang='grc' dir='ltr'><strong>ἀπ’</strong></span> <span class='ocrx_word' id='word_1_704' title='bbox 1594 5218 1760 5271; x_wconf 73' lang='grc' dir='ltr'>αὑτοῦ</span> 
     </span>
    </p>
   </div>
   <div class='ocr_carea' id='block_1_98' title="bbox 176 5309 1764 5384">
    <p class='ocr_par' dir='ltr' id='par_1_98' title="bbox 176 5309 1764 5384">
     <span class='ocr_line' id='line_1_98' title="bbox 176 5309 1764 5384; baseline -0.009 -7"><span class='ocrx_word' id='word_1_705' title='bbox 176 5310 211 5377; x_wconf 68' lang='grc' dir='ltr'>ἢ</span> <span class='ocrx_word' id='word_1_706' title='bbox 232 5309 476 5378; x_wconf 74' lang='grc' dir='ltr'>Χριστοῦ</span> <span class='ocrx_word' id='word_1_707' title='bbox 520 5310 641 5381; x_wconf 69' lang='grc' dir='ltr'>χεὶρ</span> <span class='ocrx_word' id='word_1_708' title='bbox 670 5311 745 5375; x_wconf 82' lang='grc' dir='ltr'>ὡς</span> <span class='ocrx_word' id='word_1_709' title='bbox 768 5312 867 5384; x_wconf 79' lang='grc' dir='ltr'>τὴν</span> <span class='ocrx_word' id='word_1_710' title='bbox 894 5312 987 5368; x_wconf 83' lang='grc' dir='ltr'><strong>τοῦ</strong></span> <span class='ocrx_word' id='word_1_711' title='bbox 1028 5312 1167 5367; x_wconf 77' lang='grc' dir='ltr'>θεοῦ</span> <span class='ocrx_word' id='word_1_712' title='bbox 1196 5313 1361 5383; x_wconf 81' lang='grc' dir='ltr'>τιμὴν</span> <span class='ocrx_word' id='word_1_713' title='bbox 1385 5314 1499 5375; x_wconf 83' lang='grc' dir='ltr'>τοῖς</span> <span class='ocrx_word' id='word_1_714' title='bbox 1522 5310 1764 5374; x_wconf 75' lang='grc' dir='ltr'>εἰδώλοις</span> 
     </span>
    </p>
   </div>
   <div class='ocr_carea' id='block_1_99' title="bbox 176 5401 584 5472">
    <p class='ocr_par' dir='ltr' id='par_1_99' title="bbox 176 5401 584 5472">
     <span class='ocr_line' id='line_1_99' title="bbox 176 5401 584 5472; baseline 0.012 -21"><span class='ocrx_word' id='word_1_715' title='bbox 176 5401 584 5472; x_wconf 74' lang='grc' dir='ltr'>προσάψαντος.</span> 
     </span>
    </p>
   </div>
   <div class='ocr_carea' id='block_1_100' title="bbox 1868 4668 3444 4737">
    <p class='ocr_par' dir='ltr' id='par_1_100' title="bbox 1868 4668 3444 4737">
     <span class='ocr_line' id='line_1_100' title="bbox 1868 4668 3444 4737; baseline 0.003 -16"><span class='ocrx_word' id='word_1_716' title='bbox 1868 4684 1931 4723; x_wconf 85' lang='lat' dir='ltr'><strong>ac</strong></span> <span class='ocrx_word' id='word_1_717' title='bbox 1957 4669 2195 4723; x_wconf 79' lang='lat' dir='ltr'><strong>futuram</strong></span> <span class='ocrx_word' id='word_1_718' title='bbox 2221 4670 2275 4722; x_wconf 90' lang='lat' dir='ltr'><strong>in</strong></span> <span class='ocrx_word' id='word_1_719' title='bbox 2305 4668 2441 4723; x_wconf 86' lang='lat' dir='ltr'><strong>urbe</strong></span> <span class='ocrx_word' id='word_1_720' title='bbox 2477 4668 2811 4737; x_wconf 82' lang='lat' dir='ltr'><strong>portendere</strong></span> <span class='ocrx_word' id='word_1_721' title='bbox 2852 4669 3075 4723; x_wconf 85' lang='lat' dir='ltr'><strong>humani</strong></span> <span class='ocrx_word' id='word_1_722' title='bbox 3112 4672 3327 4726; x_wconf 87' lang='lat' dir='ltr'><strong>cruoris</strong></span> <span class='ocrx_word' id='word_1_723' title='bbox 3358 4672 3444 4726; x_wconf 82' lang='lat' dir='ltr'><strong>fu—</strong></span> 
     </span>
    </p>
   </div>
   <div class='ocr_carea' id='block_1_101' title="bbox 1867 4760 3439 4833">
    <p class='ocr_par' dir='ltr' id='par_1_101' title="bbox 1867 4760 3439 4833">
     <span class='ocr_line' id='line_1_101' title="bbox 1867 4760 3439 4833; baseline 0.002 -18"><span class='ocrx_word' id='word_1_724' title='bbox 1867 4761 2100 4815; x_wconf 87' lang='lat' dir='ltr'><strong>sionem.</strong></span> <span class='ocrx_word' id='word_1_725' title='bbox 2134 4760 2234 4814; x_wconf 85' lang='lat' dir='ltr'><strong>llic</strong></span> <span class='ocrx_word' id='word_1_726' title='bbox 2269 4761 2578 4815; x_wconf 87' lang='lat' dir='ltr'><strong>Alexander</strong></span> <span class='ocrx_word' id='word_1_727' title='bbox 2608 4761 3001 4816; x_wconf 86' lang='lat' dir='ltr'><strong>seductoribus</strong></span> <span class='ocrx_word' id='word_1_728' title='bbox 3035 4777 3099 4816; x_wconf 89' lang='lat' dir='ltr'><strong>ac</strong></span> <span class='ocrx_word' id='word_1_729' title='bbox 3136 4764 3439 4833; x_wconf 79' lang='lat' dir='ltr'><strong>praestigia-</strong></span> 
     </span>
    </p>
   </div>
   <div class='ocr_carea' id='block_1_102' title="bbox 1866 4853 3445 4924">
    <p class='ocr_par' dir='ltr' id='par_1_102' title="bbox 1866 4853 3445 4924">
     <span class='ocr_line' id='line_1_102' title="bbox 1866 4853 3445 4924; baseline 0.001 -17"><span class='ocrx_word' id='word_1_730' title='bbox 1866 4853 2080 4907; x_wconf 90' lang='lat' dir='ltr'><strong>toribus</strong></span> <span class='ocrx_word' id='word_1_731' title='bbox 2112 4853 2270 4922; x_wconf 77' lang='lat'><strong>717</strong></span> <span class='ocrx_word' id='word_1_732' title='bbox 2321 4867 2441 4906; x_wconf 87' lang='lat' dir='ltr'><strong>sese</strong></span> <span class='ocrx_word' id='word_1_733' title='bbox 2473 4853 2906 4909; x_wconf 87' lang='lat' dir='ltr'><strong>dementaudum</strong></span> <span class='ocrx_word' id='word_1_734' title='bbox 2940 4855 3213 4924; x_wconf 69' lang='lat' dir='ltr'><strong>praebens,</strong></span> <span class='ocrx_word' id='word_1_735' title='bbox 3261 4857 3329 4909; x_wconf 87' lang='lat' dir='ltr'><strong>ab</strong></span> <span class='ocrx_word' id='word_1_736' title='bbox 3362 4873 3445 4911; x_wconf 79' lang='lat' dir='ltr'><strong>eis</strong></span> 
     </span>
    </p>
   </div>
   <div class='ocr_carea' id='block_1_103' title="bbox 1869 4944 3443 5015">
    <p class='ocr_par' dir='ltr' id='par_1_103' title="bbox 1869 4944 3443 5015">
     <span class='ocr_line' id='line_1_103' title="bbox 1869 4944 3443 5015; baseline 0.001 -18"><span class='ocrx_word' id='word_1_737' title='bbox 1869 4961 2162 5015; x_wconf 87' lang='lat' dir='ltr'><strong>persuasus</strong></span> <span class='ocrx_word' id='word_1_738' title='bbox 2190 4944 2422 4997; x_wconf 86' lang='lat' dir='ltr'><strong>salutem</strong></span> <span class='ocrx_word' id='word_1_739' title='bbox 2454 4960 2608 4999; x_wconf 89' lang='lat' dir='ltr'><strong>suam</strong></span> <span class='ocrx_word' id='word_1_740' title='bbox 2645 4961 2709 5000; x_wconf 88' lang='lat' dir='ltr'><strong>ac</strong></span> <span class='ocrx_word' id='word_1_741' title='bbox 2742 4947 2909 4999; x_wconf 85' lang='lat' dir='ltr'><strong>vitam</strong></span> <span class='ocrx_word' id='word_1_742' title='bbox 2939 4946 3006 5000; x_wconf 86' lang='lat' dir='ltr'><strong>ad</strong></span> <span class='ocrx_word' id='word_1_743' title='bbox 3048 4947 3177 5015; x_wconf 87' lang='lat' dir='ltr'><strong>Apri</strong></span> <span class='ocrx_word' id='word_1_744' title='bbox 3209 4958 3443 5001; x_wconf 87' lang='lat' dir='ltr'><strong>statuam</strong></span> 
     </span>
    </p>
   </div>
   <div class='ocr_carea' id='block_1_104' title="bbox 1872 5036 3445 5106">
    <p class='ocr_par' dir='ltr' id='par_1_104' title="bbox 1872 5036 3445 5106">
     <span class='ocr_line' id='line_1_104' title="bbox 1872 5036 3445 5106; baseline 0.001 -17"><span class='ocrx_word' id='word_1_745' title='bbox 1872 5037 1927 5091; x_wconf 93' lang='lat' dir='ltr'><strong>in</strong></span> <span class='ocrx_word' id='word_1_746' title='bbox 1959 5036 2119 5090; x_wconf 89' lang='lat' dir='ltr'><strong>Circo</strong></span> <span class='ocrx_word' id='word_1_747' title='bbox 2166 5037 2400 5106; x_wconf 88' lang='lat' dir='ltr'><strong>positam</strong></span> <span class='ocrx_word' id='word_1_748' title='bbox 2452 5037 2644 5091; x_wconf 80' lang='lat' dir='ltr'><strong>referri</strong></span> <span class='ocrx_word' id='word_1_749' title='bbox 2695 5038 3066 5099; x_wconf 75' lang='lat' dir='ltr'><strong>existimavit.</strong></span> <span class='ocrx_word' id='word_1_750' title='bbox 3113 5054 3238 5093; x_wconf 89' lang='lat' dir='ltr'><strong>cum</strong></span> <span class='ocrx_word' id='word_1_751' title='bbox 3274 5041 3350 5094; x_wconf 87' lang='lat' dir='ltr'><strong>illi</strong></span> <span class='ocrx_word' id='word_1_752' title='bbox 3379 5056 3445 5093; x_wconf 83' lang='lat' dir='ltr'><strong>eo</strong></span> 
     </span>
    </p>
   </div>
   <div class='ocr_carea' id='block_1_105' title="bbox 1870 5130 3442 5201">
    <p class='ocr_par' dir='ltr' id='par_1_105' title="bbox 1870 5130 3442 5201">
     <span class='ocr_line' id='line_1_105' title="bbox 1870 5130 3442 5201; baseline 0 -17"><span class='ocrx_word' id='word_1_753' title='bbox 1870 5141 2182 5185; x_wconf 88' lang='lat' dir='ltr'><strong>commento</strong></span> <span class='ocrx_word' id='word_1_754' title='bbox 2228 5132 2349 5200; x_wconf 89' lang='lat' dir='ltr'><strong>ejus</strong></span> <span class='ocrx_word' id='word_1_755' title='bbox 2390 5130 2696 5201; x_wconf 85' lang='lat' dir='ltr'><strong>poreariam</strong></span> <span class='ocrx_word' id='word_1_756' title='bbox 2735 5131 2902 5185; x_wconf 86' lang='lat' dir='ltr'><strong>vitam</strong></span> <span class='ocrx_word' id='word_1_757' title='bbox 2934 5141 3098 5201; x_wconf 89' lang='lat' dir='ltr'><strong>atque</strong></span> <span class='ocrx_word' id='word_1_758' title='bbox 3132 5132 3442 5185; x_wconf 77' lang='lat' dir='ltr'><strong>dementem</strong></span> 
     </span>
    </p>
   </div>
   <div class='ocr_carea' id='block_1_106' title="bbox 1875 5219 3444 5293">
    <p class='ocr_par' dir='ltr' id='par_1_106' title="bbox 1875 5219 3444 5293">
     <span class='ocr_line' id='line_1_106' title="bbox 1875 5219 3444 5293; baseline -0.001 -17"><span class='ocrx_word' id='word_1_759' title='bbox 1875 5223 2237 5276; x_wconf 86' lang='lat' dir='ltr'><strong>insinuarent.</strong></span> <span class='ocrx_word' id='word_1_760' title='bbox 2273 5219 2387 5276; x_wconf 84' lang='lat' dir='ltr'><strong>Illis</strong></span> <span class='ocrx_word' id='word_1_761' title='bbox 2410 5232 2473 5276; x_wconf 91' lang='lat' dir='ltr'><strong>ut</strong></span> <span class='ocrx_word' id='word_1_762' title='bbox 2501 5238 2707 5276; x_wconf 90' lang='lat' dir='ltr'><strong>morem</strong></span> <span class='ocrx_word' id='word_1_763' title='bbox 2733 5232 2972 5293; x_wconf 75' lang='lat' dir='ltr'><strong>gereret.</strong></span> <span class='ocrx_word' id='word_1_764' title='bbox 3025 5223 3261 5279; x_wconf 72' lang='lat' dir='ltr'><strong>verenda</strong></span> <span class='ocrx_word' id='word_1_765' title='bbox 3307 5224 3444 5276; x_wconf 69' lang='lat' dir='ltr'><strong>den~</strong></span> 
     </span>
    </p>
   </div>
   <div class='ocr_carea' id='block_1_107' title="bbox 1876 5314 3447 5383">
    <p class='ocr_par' dir='ltr' id='par_1_107' title="bbox 1876 5314 3447 5383">
     <span class='ocr_line' id='line_1_107' title="bbox 1876 5314 3447 5383; baseline 0.001 -17"><span class='ocrx_word' id='word_1_766' title='bbox 1876 5321 2068 5382; x_wconf 88' lang='lat' dir='ltr'><strong>tesque</strong></span> <span class='ocrx_word' id='word_1_767' title='bbox 2100 5328 2266 5382; x_wconf 89' lang='lat' dir='ltr'><strong>porco</strong></span> <span class='ocrx_word' id='word_1_768' title='bbox 2297 5314 2569 5383; x_wconf 86' lang='lat' dir='ltr'><strong>apposuit,</strong></span> <span class='ocrx_word' id='word_1_769' title='bbox 2603 5314 2805 5383; x_wconf 90' lang='lat' dir='ltr'><strong>quibus</strong></span> <span class='ocrx_word' id='word_1_770' title='bbox 2835 5316 3043 5369; x_wconf 88' lang='lat' dir='ltr'><strong>scilicet</strong></span> <span class='ocrx_word' id='word_1_771' title='bbox 3067 5315 3157 5369; x_wconf 92' lang='lat' dir='ltr'><strong>ille</strong></span> <span class='ocrx_word' id='word_1_772' title='bbox 3185 5315 3447 5369; x_wconf 77' lang='lat' dir='ltr'><strong>deiicere-</strong></span> 
     </span>
    </p>
   </div>
   <div class='ocr_carea' id='block_1_108' title="bbox 1873 5399 3445 5473">
    <p class='ocr_par' dir='ltr' id='par_1_108' title="bbox 1873 5399 3445 5473">
     <span class='ocr_line' id='line_1_108' title="bbox 1873 5399 3445 5473; baseline 0 -18"><span class='ocrx_word' id='word_1_773' title='bbox 1873 5411 1985 5457; x_wconf 82' lang='lat' dir='ltr'><strong>tur.</strong></span> <span class='ocrx_word' id='word_1_774' title='bbox 2040 5399 2228 5472; x_wconf 84' lang='lat' dir='ltr'><strong>quue</strong></span> <span class='ocrx_word' id='word_1_775' title='bbox 2273 5404 2490 5457; x_wconf 86' lang='lat' dir='ltr'><strong>tandem</strong></span> <span class='ocrx_word' id='word_1_776' title='bbox 2536 5403 2890 5457; x_wconf 86' lang='lat' dir='ltr'><strong>seductorum</strong></span> <span class='ocrx_word' id='word_1_777' title='bbox 2918 5406 3168 5473; x_wconf 81' lang='lat' dir='ltr'><strong>provexit</strong></span> <span class='ocrx_word' id='word_1_778' title='bbox 3191 5405 3445 5467; x_wconf 86' lang='lat' dir='ltr'><strong>consilio,</strong></span> 
     </span>
    </p>
   </div>
   <div class='ocr_carea' id='block_1_109' title="bbox 176 5495 3451 5571">
    <p class='ocr_par' dir='ltr' id='par_1_109' title="bbox 176 5495 3451 5571">
     <span class='ocr_line' id='line_1_109' title="bbox 176 5495 3451 5571; baseline -0.001 -24"><span class='ocrx_word' id='word_1_779' title='bbox 176 5503 239 5547; x_wconf 83' lang='lat' dir='ltr'><strong>ut</strong></span> <span class='ocrx_word' id='word_1_780' title='bbox 266 5498 449 5551; x_wconf 70' lang='lat' dir='ltr'><strong>sacris</strong></span> <span class='ocrx_word' id='word_1_781' title='bbox 479 5497 729 5554; x_wconf 79' lang='lat' dir='ltr'><strong>vestibus</strong></span> <span class='ocrx_word' id='word_1_782' title='bbox 761 5508 927 5571; x_wconf 83' lang='lat' dir='ltr'><strong>atque</strong></span> <span class='ocrx_word' id='word_1_783' title='bbox 951 5499 1141 5554; x_wconf 77' lang='lat' dir='ltr'><strong>aulaeis</strong></span> <span class='ocrx_word' id='word_1_784' title='bbox 1186 5497 1479 5554; x_wconf 87' lang='lat' dir='ltr'><strong>Circences</strong></span> <span class='ocrx_word' id='word_1_785' title='bbox 1514 5498 1832 5552; x_wconf 79' lang='lat' dir='ltr'><strong>honestaret</strong></span> <span class='ocrx_word' id='word_1_786' title='bbox 1870 5507 2172 5565; x_wconf 82' lang='lat' dir='ltr'><strong>cereosque</strong></span> <span class='ocrx_word' id='word_1_787' title='bbox 2217 5509 2480 5549; x_wconf 89' lang='lat' dir='ltr'><strong>accensos</strong></span> <span class='ocrx_word' id='word_1_788' title='bbox 2544 5502 2737 5549; x_wconf 80' lang='lat' dir='ltr'><strong>statua:</strong></span> <span class='ocrx_word' id='word_1_789' title='bbox 2796 5495 3106 5550; x_wconf 79' lang='lat' dir='ltr'><strong>adhiberet.</strong></span> <span class='ocrx_word' id='word_1_790' title='bbox 3182 5495 3333 5549; x_wconf 86' lang='lat' dir='ltr'><strong>Uudc</strong></span> <span class='ocrx_word' id='word_1_791' title='bbox 3390 5503 3451 5546; x_wconf 79' lang='lat' dir='ltr'><strong>et</strong></span> 
     </span>
    </p>
   </div>
   <div class='ocr_carea' id='block_1_110' title="bbox 175 5587 2787 5666">
    <p class='ocr_par' dir='ltr' id='par_1_110' title="bbox 175 5587 2787 5666">
     <span class='ocr_line' id='line_1_110' title="bbox 175 5587 2787 5666; baseline 0.002 -25"><span class='ocrx_word' id='word_1_792' title='bbox 175 5587 394 5646; x_wconf 75' lang='lat' dir='ltr'><strong>sul-lata</strong></span> <span class='ocrx_word' id='word_1_793' title='bbox 446 5590 516 5645; x_wconf 85' lang='lat' dir='ltr'><strong>ab</strong></span> <span class='ocrx_word' id='word_1_794' title='bbox 567 5607 634 5648; x_wconf 90' lang='lat' dir='ltr'><strong>eo</strong></span> <span class='ocrx_word' id='word_1_795' title='bbox 667 5592 873 5649; x_wconf 87' lang='lat' dir='ltr'><strong>Christi</strong></span> <span class='ocrx_word' id='word_1_796' title='bbox 923 5608 1141 5657; x_wconf 87' lang='lat' dir='ltr'><strong>manus,</strong></span> <span class='ocrx_word' id='word_1_797' title='bbox 1180 5597 1333 5650; x_wconf 79' lang='lat' dir='ltr'><strong>velut</strong></span> <span class='ocrx_word' id='word_1_798' title='bbox 1359 5598 1453 5666; x_wconf 85' lang='lat' dir='ltr'><strong>qui</strong></span> <span class='ocrx_word' id='word_1_799' title='bbox 1486 5595 1756 5651; x_wconf 82' lang='lat' dir='ltr'><strong>honorent</strong></span> <span class='ocrx_word' id='word_1_800' title='bbox 1805 5593 1919 5648; x_wconf 85' lang='lat' dir='ltr'><strong>Deo</strong></span> <span class='ocrx_word' id='word_1_801' title='bbox 1960 5590 2207 5645; x_wconf 90' lang='lat' dir='ltr'><strong>debitum</strong></span> <span class='ocrx_word' id='word_1_802' title='bbox 2236 5591 2396 5646; x_wconf 91' lang='lat' dir='ltr'><strong>idolis</strong></span> <span class='ocrx_word' id='word_1_803' title='bbox 2423 5591 2787 5647; x_wconf 85' lang='lat' dir='ltr'><strong>adhibuisset.</strong></span> 
     </span>
    </p>
   </div>
   <div class='ocr_carea' id='block_1_111' title="bbox 247 5681 1766 5756">
    <p class='ocr_par' dir='ltr' id='par_1_111' title="bbox 247 5681 1766 5756">
     <span class='ocr_line' id='line_1_111' title="bbox 247 5681 1766 5756; baseline -0.003 -15"><span class='ocrx_word' id='word_1_804' title='bbox 247 5681 316 5751; x_wconf 83' lang='grc' dir='ltr'><strong>β’.</strong></span> <span class='ocrx_word' id='word_1_805' title='bbox 360 5682 473 5737; x_wconf 79' lang='grc' dir='ltr'><strong>Τοῦ</strong></span> <span class='ocrx_word' id='word_1_806' title='bbox 524 5684 709 5753; x_wconf 79' lang='grc' dir='ltr'>μέντοι</span> <span class='ocrx_word' id='word_1_807' title='bbox 752 5686 987 5756; x_wconf 82' lang='grc' dir='ltr'>Ίμερίου</span> <span class='ocrx_word' id='word_1_808' title='bbox 1034 5690 1098 5741; x_wconf 77' lang='grc' dir='ltr'>ἐκ</span> <span class='ocrx_word' id='word_1_809' title='bbox 1142 5688 1240 5755; x_wconf 81' lang='grc' dir='ltr'>τῆς</span> <span class='ocrx_word' id='word_1_810' title='bbox 1294 5689 1403 5740; x_wconf 71' lang='grc' dir='ltr'>τῶν</span> <span class='ocrx_word' id='word_1_811' title='bbox 1445 5685 1766 5756; x_wconf 78' lang='grc' dir='ltr'>Ἀγαρηνῶν</span> 
     </span>
    </p>
   </div>
   <div class='ocr_carea' id='block_1_112' title="bbox 1946 5684 3445 5753">
    <p class='ocr_par' dir='ltr' id='par_1_112' title="bbox 1946 5684 3445 5753">
     <span class='ocr_line' id='line_1_112' title="bbox 1946 5684 3445 5753; baseline -0.002 -14"><span class='ocrx_word' id='word_1_812' title='bbox 1946 5684 2002 5739; x_wconf 69' lang='lat'><strong>2.</strong></span> <span class='ocrx_word' id='word_1_813' title='bbox 2056 5684 2364 5740; x_wconf 79' lang='lat' dir='ltr'><strong>Ilimerium</strong></span> <span class='ocrx_word' id='word_1_814' title='bbox 2410 5695 2631 5753; x_wconf 83' lang='lat' dir='ltr'><strong>accepta</strong></span> <span class='ocrx_word' id='word_1_815' title='bbox 2674 5685 2741 5739; x_wconf 87' lang='lat' dir='ltr'><strong>ab</strong></span> <span class='ocrx_word' id='word_1_816' title='bbox 2775 5685 3041 5751; x_wconf 69' lang='lat' dir='ltr'><strong>Agarenis</strong></span> <span class='ocrx_word' id='word_1_817' title='bbox 3073 5684 3225 5738; x_wconf 86' lang='lat' dir='ltr'><strong>clade</strong></span> <span class='ocrx_word' id='word_1_818' title='bbox 3256 5700 3445 5738; x_wconf 70' lang='lat' dir='ltr'><strong>rever-</strong></span> 
     </span>
    </p>
   </div>
   <div class='ocr_carea' id='block_1_113' title="bbox 1489 5793 2158 5856">
    <p class='ocr_par' dir='ltr' id='par_1_113' title="bbox 1489 5793 2158 5856">
     <span class='ocr_line' id='line_1_113' title="bbox 1489 5793 2158 5856; baseline 0.004 -4"><span class='ocrx_word' id='word_1_819' title='bbox 1489 5793 1717 5855; x_wconf 70' lang='lat' dir='ltr'><strong>\ARl/E</strong></span> <span class='ocrx_word' id='word_1_820' title='bbox 1758 5796 2158 5856; x_wconf 75' lang='lat' dir='ltr'><strong>LFCTIONES.</strong></span> 
     </span>
    </p>
   </div>
   <div class='ocr_carea' id='block_1_114' title="bbox 272 5868 459 5920">
    <p class='ocr_par' dir='ltr' id='par_1_114' title="bbox 272 5868 459 5920">
     <span class='ocr_line' id='line_1_114' title="bbox 272 5868 459 5920; baseline 0 -1"><span class='ocrx_word' id='word_1_821' title='bbox 272 5868 321 5898; x_wconf 84' lang='lat'><strong>’°</strong></span> <span class='ocrx_word' id='word_1_822' title='bbox 359 5868 459 5920; x_wconf 72' lang='lat' dir='ltr'><strong>tt?</strong></span> 
     </span>
    </p>
   </div>
   <div class='ocr_carea' id='block_1_115' title="bbox 509 5960 1122 6022">
    <p class='ocr_par' dir='ltr' id='par_1_115' title="bbox 509 5960 1122 6022">
     <span class='ocr_line' id='line_1_115' title="bbox 509 5960 1122 6022; baseline 0.002 -1"><span class='ocrx_word' id='word_1_823' title='bbox 509 5962 779 6021; x_wconf 60' lang='lat' dir='ltr'><strong>Parnm&quot;</strong></span> <span class='ocrx_word' id='word_1_824' title='bbox 815 5960 931 6021; x_wconf 73' lang='lat' dir='ltr'><strong>Gn.</strong></span> <span class='ocrx_word' id='word_1_825' title='bbox 974 5960 1122 6022; x_wconf 55' lang='lat' dir='ltr'><strong>CIV.</strong></span> 
     </span>
    </p>
   </div>
  </div>
