4174 6442
824 365 922 400 ’τ”τῒ

835 397 926 426 σου

2045 365 2339 425 SYMEDN
2348 365 2419 424 IS
2462 366 2831 427 MAGISTRI

3980 375 4079 439 730

823 499 943 535 sum
971 481 1023 534 in
1053 479 1236 550 palatii
1262 481 1655 534 monasterium
1683 480 1939 544 detrusit,
1966 480 2111 548 quod
2137 479 2387 551 Calypani

2498 481 2669 551 ἥττης
2695 481 3156 553 ὑποστρέψαντος,
3188 487 3517 557 περιώρισεν
3540 488 3705 543 αὑτὸν
3732 491 4077 562 Ἀλέξανδρος

823 580 1040 634 vocant,
1083 572 1391 626 minacibus
1426 572 1612 626 verbis
1652 571 1955 641 exagitans,
1992 581 2052 625 ut
2078 572 2172 641 qui
2208 572 2392 627 Leone

820 665 988 719 fratre
1014 667 1347 731 imperatore
1380 665 1458 718 illi
1490 664 1811 719 adversatus
1842 664 2051 739 fuisset.
2077 665 2237 734 Isque
2255 666 2392 719 adeo

819 772 886 812 ex
930 757 1132 827 ingenti
1172 772 1417 812 aerumna
1451 757 1730 827 animique
1753 757 2003 827 angustia
2035 758 2231 811 morbo
2263 773 2391 813 cor-

815 857 1008 916 reptus
1037 847 1163 901 fatis
1200 849 1492 903 concessit.

886 939 939 993 5.
988 940 1163 995 Missis
1192 940 1426 1010 Synteon
1461 941 1723 1011 Bulgaria:
1745 940 2000 1011 princeps
2030 941 2238 996 nuntiis
2265 942 2391 997 Ale-

817 1032 1028 1086 xandro
1054 1034 1121 1085 de
1152 1048 1285 1102 pace
1309 1033 1600 1103 signiﬁcat,
1632 1045 1690 1086 et
1722 1042 1781 1085 ut
1803 1048 1858 1087 se
1894 1034 2129 1103 benigne
2162 1033 2392 1088 haberet

816 1135 980 1193 atque
1027 1125 1254 1188 coleret,
1316 1125 1460 1179 haud
1504 1140 1664 1180 secus
1702 1141 1767 1180 ac
1816 1126 2000 1180 Leone
2057 1127 2390 1197 imperatam

816 1231 937 1269 sese
996 1212 1116 1271 res
1146 1217 1450 1271 habuisset.
1512 1218 1580 1272 At
1632 1218 1725 1273 ille
1763 1219 2039 1273 dementia
2062 1236 2125 1274 ac
2158 1220 2391 1275 stultitia

817 1317 1003 1362 tentus
1050 1309 1255 1379 legatos
1312 1311 1545 1377 turpiter
1584 1312 1831 1377 remisit,
1869 1312 2193 1381 Symeonem
2230 1314 2393 1368 minis

819 1400 1109 1462 territans;
1138 1415 1259 1467 qua:
1290 1400 1367 1453 illi
1404 1402 1662 1456 movendi
1696 1402 1901 1455 bellum
1934 1404 2198 1459 adversus
2232 1402 2392 1458 Chri-

816 1491 1025 1545 stianos
1052 1506 1214 1545 causa
1238 1492 1360 1547 fuit.

884 1586 937 1637 4.
986 1584 1297 1639 Alexander
1346 1601 1470 1639 cum
1507 1586 1609 1639 sub
1643 1587 1797 1640 canis
1832 1586 2130 1641 ardoribus
2158 1603 2391 1657 pransus

814 1676 1058 1745 vinoque
1097 1676 1351 1729 madidus
1381 1677 1488 1745 pila
1513 1678 1737 1731 lusurus
1767 1678 2166 1743 descendisset,
2193 1680 2288 1733 Dei
2313 1680 2389 1733 ira

816 1766 1035 1819 invecto
1060 1764 1239 1835 gladio
1267 1780 1586 1834 percussus,
1619 1768 1883 1836 sanguine
1915 1769 2071 1836 copia
2102 1783 2131 1821 e
2164 1768 2390 1822 naribus

814 1866 979 1926 atque
1003 1865 1225 1910 veretro
1251 1868 1600 1925 erumpente,
1624 1868 1751 1927 post
1776 1859 1917 1912 duos
1941 1858 2057 1912 dies
2083 1858 2386 1913 exstinctus

813 1954 934 2012 est,
993 1946 1218 2000 Nicolao
1264 1946 1574 2015 patriarcha
1605 1989 1620 2011 ,
1692 1946 1971 2017 Stephano
2017 1948 2276 2017 magistro
2324 1963 2387 2002 ae

810 2036 1022 2093 Joanne
1053 2046 1267 2091 rectore
1296 2035 1526 2091 Hellade
1567 2039 2019 2107 procuratoribus
2052 2040 2218 2108 718
2259 2039 2387 2093 reli-

812 2130 951 2193 ctis,
1001 2130 1355 2199 imperioque
1397 2128 1761 2185 Constantino
1828 2130 2026 2184 Leonis
2091 2132 2203 2186 ﬁlio
2259 2147 2388 2200 per-

812 2224 1009 2278 misso.
1088 2223 1335 2277 Mortuus
1379 2231 1563 2278 autem
1606 2238 1735 2278 cum
1766 2222 1970 2277 Basilio
2020 2233 2177 2292 patre
2230 2238 2389 2293 sepe-

810 2316 966 2371 lilur.

810 2450 1169 2506 Romanorum
1211 2450 1501 2519 imperator
1554 2448 1931 2503 Constantinus
1985 2448 2385 2522 Porpltyrogen-

1171 2531 1322 2574 uetus
1393 2537 1561 2574 annos
1602 2536 1693 2573 VIII
1744 2537 1908 2590 supra
1944 2537 2029 2573 λι..

882 2637 1067 2692 Mundi
1120 2651 1299 2689 annus
1349 2635 1510 2699 otes,
1559 2635 1760 2691 divinae
1813 2636 2211 2691 incarnationis
2259 2637 2386 2700 θῦε,

811 2733 1186 2788 Romanorum
1236 2729 1532 2799 imperator
1582 2730 1984 2784 Constantinus
2037 2731 2089 2782 in
2140 2746 2384 2800 purpura

810 2835 973 2880 natus
1007 2840 1182 2878 annos
1204 2822 1293 2876 48.
1348 2823 1567 2876 Mortuo
1601 2823 1748 2876 enim
1786 2823 1967 2877 Leone
1993 2832 2148 2893 patre
2182 2840 2386 2878 annum

808 2918 1103 2989 septimum
1126 2927 1286 2970 natus
1316 2915 1385 2969 ab
1413 2914 1720 2969 Alexandro
1747 2925 1943 2983 patruo
1982 2916 2083 2968 sub
2114 2915 2389 2968 tutoribus

810 3008 1163 3079 relinquitur.
1223 3007 1516 3077 Imperavit
1581 3021 1713 3075 ergo
1766 3006 1875 3059 illis
1930 3006 2210 3060 tutoribus
2260 3022 2385 3060 cum

810 3112 985 3157 matre
1026 3116 1199 3155 annos
1226 3102 1277 3163 7,
1318 3109 1373 3153 et
1401 3114 1525 3152 eum
1559 3099 1806 3151 Romano
1836 3113 2052 3161 socero,
2094 3099 2170 3152 illi
2201 3098 2386 3166 subje-

2420 1828 2459 1881 Β

2494 572 2552 622 ὲν
2581 573 2646 641 τῇ
2683 575 2819 641 μονῇ
2846 572 2939 625 τοῦ
2964 574 3226 627 παλατεου
3250 578 3315 645 τῇ
3348 576 3619 649 λεγομένῃ
3647 580 3904 651 Καλυπᾷ,
3926 584 4079 634 ἀπει-

2494 661 2683 730 λήσας,
2723 664 2799 725 ὼς
2822 664 3016 734 ἐχθρόν
3046 665 3210 720 αὑτοῦ
3241 667 3369 722 ὄντα
3392 669 3483 721 ἐπὶ
3518 668 3612 722 τοῦ
3649 671 3887 741 ἀδελφοῦ
3912 674 4076 727 αὑτοῦ

2492 754 2737 817 Λέοντος.
2783 757 2841 810 '0
2870 758 2929 811 δὲ
2960 760 3025 812 ὲκ
3056 759 3292 830 θλίψεως
3312 764 3516 834 πολλῆς
3568 766 3941 837 ἀρρωστήσας
3967 768 4077 819 ἑτε-

2494 846 2656 919 λεύτη
2666 866 2745 900 σε.

2564 945 2631 1005 γ’.
2668 938 2829 1008 Δηλοῖ
2857 940 3081 1010 Συμεὼν
3106 944 3134 995 ὁ
3161 944 3345 1014 ἄρχων
3374 944 3473 1013 τῆς
3497 945 3835 1016 Βουλγαρὶας
3854 947 3924 998 τὰ
3950 950 4072 1015 περὶ

2493 1031 2717 1099 εἰρήνης
2743 1030 2822 1099 τῷ
2870 1032 3207 1104 Ἀλεξάνδρῳ
3240 1036 3336 1088 καὶ
3364 1035 3457 1087 τοῦ
3496 1036 3945 1106 φιλοφρονεῖσθαι
3984 1040 4073 1089 αὑ-

2494 1119 2586 1172 τὸν
2613 1121 2705 1172 καὶ
2743 1124 3007 1190 τιμᾶσθαι
3048 1123 3298 1193 καθάπερ
3326 1127 3419 1177 καὶ
3449 1127 3542 1178 ἐπὶ
3580 1128 3808 1190 Λέοντος
3854 1128 3949 1180 τοῦ
3988 1128 4077 1197 βα-

2496 1213 2707 1274 σιλέως.
2747 1213 2805 1265 ’0
2850 1216 2906 1267 δὲ
2958 1218 3114 1287 ἀνοίᾳ
3156 1219 3250 1270 καὶ
3281 1221 3563 1289 ἀφροσύνῃ
3594 1222 4077 1290 συγκρατοὺμενος

2493 1302 2704 1371 ἀτίμως
2741 1302 2869 1367 τοὺς
2895 1307 3153 1372 πρέσὸεις
3204 1307 3529 1377 ἐξέπεμψεν,
3559 1309 3813 1371 ἀπειλαῖς
3854 1313 3948 1362 τὸν
3984 1311 4076 1361 Συ-

2496 1391 2642 1461 μεὼν
2673 1395 3099 1466 καταπλήσσων.
3136 1399 3227 1450 Διὸ
3262 1400 3353 1451 καὶ
3384 1399 3523 1452 κατὰ
3550 1400 3897 1470 Χριστιανῶν
3922 1405 3950 1454 ὁ
3979 1402 4077 1453 Συ-

2494 1483 2641 1552 μεὼν
2669 1488 2923 1540 κινεῖται.

2564 1574 2635 1628 δ’.
2690 1577 3038 1646 Ἀλέξανδρος
3070 1580 3369 1650 ἀριστήσας
3402 1583 3459 1633 ἐν
3491 1586 3599 1645 τοῖς
3635 1584 3738 1635 ὑπὸ
3765 1584 3906 1637 κύνα
3947 1587 4077 1636 καί·

2496 1683 2628 1735 μασι
2667 1668 2760 1720 καὶ
2798 1670 3043 1734 οἰνωθεὶς
3066 1671 3305 1740 κατῆλθε
3338 1676 3625 1742 σφαιρίσαι
3648 1692 3663 1705 ο
3698 1677 3793 1727 καὶ
3827 1679 4076 1745 ῥομφαία

2491 1758 2736 1829 θεηλάτῳ
2768 1759 3018 1828 πληγεὶς,
3067 1762 3299 1832 αἵματος
3329 1764 3524 1817 πολλοῦ
3550 1765 3613 1817 ἐκ
3640 1767 3749 1818 τῶν
3783 1766 3953 1836 ῥινῶν
3987 1769 4078 1820 καὶ

2488 1852 2595 1903 τῶν
2621 1853 2835 1906 αἰδοίων
2860 1855 3009 1925 αὑτῷ
3044 1858 3368 1927 φερομένου,
3407 1858 3547 1928 μετά
3590 1858 3683 1911 δύο
3710 1862 3933 1930 ἡμέρας
3964 1863 4078 1913 ἐτε-

2490 1943 2739 2013 λεύτησε,
2772 1946 3094 1999 καταλιπὼν
3124 1948 3390 2002 Νικόλαον
3411 1951 3775 2021 πατριάρχην,
3808 1953 4079 2020 Στέφανον

2493 2034 2791 2104 [adyta-ww
2821 2038 2913 2089 καὶ
2956 2037 3211 2107 Ἰωάννην
3245 2041 3509 2109 ραῖκτορα
3551 2041 3641 2092 τὸν
3684 2041 3917 2096 Ἑλλαδᾶ
3962 2046 4080 2096 ὲπι-

2489 2125 2749 2193 τρόπους,
2801 2126 2901 2197 τὴν
2957 2128 3016 2181 δὲ
3067 2129 3347 2199 βασιλείαν
3413 2132 3813 2203 Κωνσταντίνῳ
3870 2135 3952 2205 τῷ
3984 2137 4077 2204 υἱῷ

2491 2218 2738 2279 Λέοντος.
2769 2219 3114 2291 Τελευτήσας
3140 2222 3196 2274 δὲ
3235 2222 3442 2276 τίθεται
3492 2223 3630 2293 μετὰ
3665 2225 3957 2279 Βασμλείου
3988 2230 4077 2279 τοῦ

2492 2309 2697 2379 πατρδς
2728 2310 2917 2364 αὐτοῦ.

2502 2442 2805 2512 Ῥωμαίων
2843 2446 3148 2522 ,ϐασιλεὺς
3202 2451 3656 2518 Κωνσταντῖνος
3694 2455 3728 2506 ό
3772 2456 4082 2522 110135:va-

2985 2518 3289 2588 γέν-τῆμος.
3323 2522 3387 2575 ἐἰ
3395 2540 3462 2587 τη
3500 2522 3613 2592 μη’.

2564 2628 2785 2698 Κόσμου
2825 2630 2944 2692 ἔτος
2999 2629 3164 2704 ,ςυηζ
3225 2634 3324 2701 τῆς
3383 2633 3535 2697 θεὲας
3583 2637 3918 2704 σαρκώσεως
3964 2641 4077 2707 ἳηκ

2500 2717 2789 2787 Ῥωμαίων
2823 2722 3077 2790 βασιλεὺς
3110 2724 3517 2788 Κωνσταντῖνος
3570 2728 3599 2778 ὁ
3622 2727 4079 2799 Πορφυρογέννη-

2489 2827 2578 2873 τος
2610 2811 2705 2881 ἔτη
2739 2820 2848 2880 μη’.
2896 2814 3334 2884 Τελευτήσαντος
3388 2819 3496 2888 γὰρ
3528 2818 3618 2871 τοῦ
3667 2821 3881 2890 πατρὺς
3913 2823 4079 2875 αὑτοῦ

2491 2902 2719 2966 Λέοντος
2744 2906 3013 2976 ἑπταετὴς
3054 2906 3130 2959 ὢν
3161 2908 3637 2978 καταλιμπάνεται
3675 2912 3779 2963 ὑπὸ
3826 2913 4085 2977 Ἀλεξᾶν.

2490 2994 2616 3063 δρου
2651 2995 2795 3048 θείου
2829 2998 2994 3049 αὐτοῦ
3026 2999 3131 3050 ὑπὸ
3161 3001 3487 3069 ἐπιτρόπους
3533 3003 3722 3058 τελῶν.
3764 3003 4084 3059 Ἐϐασίλευ-

2492 3104 2581 3138 σεν
2617 3084 2710 3141 οὖν
2747 3092 2838 3141 ἐπὶ
2866 3092 2977 3143 τῶν
3004 3092 3185 3144 αὐτῶν
3216 3094 3531 3164 ἐπιτρόπων
3560 3097 3657 3148 σὺν
3693 3100 3757 3166 τῇ
3785 3101 3963 3168 μητρὶ
3987 3101 4082 3167 ἔτη

809 3205 951 3258 ctus,
981 3208 1155 3247 annos
1175 3192 1263 3246 ‘26.
1299 3191 1461 3245 Solus
1484 3191 1723 3260 denique
1762 3206 1945 3244 rerum
1971 3191 2180 3259 potitur
2210 3204 2385 3242 annos

2491 3174 2556 3239 ζ’,
2584 3181 2677 3229 καὶ
2698 3178 2813 3247 ἅμα
2878 3179 3145 3249 Ῥωμανῴ
3177 3183 3425 3253 πενθερῷ
3451 3185 3614 3237 αὐτοῦ
3642 3189 3698 3237 ὲν
3720 3188 3977 3260 ὑποταγῇ
4006 3191 4084 3243 ὢν

812 3286 898 3341 l5.
950 3285 1210 3353 Adeoque
1254 3284 1374 3353 ejus
1420 3283 1632 3351 imperii
1673 3291 1891 3350 tempus
1929 3297 2091 3336 omne
2118 3294 2386 3334 annorum

808 3380 879 3435 48
924 3387 1026 3433 est.
1091 3376 1296 3431 Nactus
1336 3376 1519 3444 itaque
1566 3374 1703 3428 aula.-
1755 3382 2081 3442 potestatem
2128 3372 2389 3425 Nieolaus

808 3465 1142 3537 patriarcha,
1197 3465 1400 3534 quippe
1422 3464 1515 3532 qui
1556 3473 1612 3517 et
1639 3462 1754 3530 ipse
1796 3477 1940 3515 unus
1962 3472 2386 3530 procuratorum

805 3569 926 3615 erat
949 3575 1074 3613 cum
1104 3560 1363 3628 magistro
1394 3556 1673 3626 Stephano
1706 3564 1763 3609 et
1789 3555 1998 3610 Joanne
2019 3554 2264 3615 Hellada,
2285 3554 2390 3615 rci-

809 3652 1044 3722 publicae
1115 3648 1532 3719 prospiciebat,
1602 3662 1895 3715 rerumque
1961 3645 2027 3699 ad
2095 3645 2385 3714 imperium

809 3742 1162 3796 attinentiutn
1210 3740 1264 3794 in
1317 3755 1375 3794 se
1430 3752 1623 3793 curam
1674 3752 1892 3792 onmem
1939 3736 2188 3807 quotidie
2250 3738 2388 3792 reci-

807 3833 1011 3904 piebat.

880 4029 935 4084 2.
976 4028 1035 4083 lu
1060 4027 1209 4081 hunc
1246 4026 1430 4094 itaque
1473 4022 1693 4077 modum
1718 4021 1935 4091 imperii
1972 4022 2140 4076 rebus
2175 4021 2386 4075 consti-

810 4123 965 4185 tutis,
1016 4117 1379 4176 Constantino
1439 4116 1569 4171 duci
1610 4116 1921 4171 scholarum
1954 4114 2259 4168 domestico
2290 4130 2387 4183 per

808 4206 1075 4279 quosdam
1110 4206 1166 4259 in
1193 4205 1414 4259 civitate
1441 4218 1698 4271 proceres
1733 4201 2043 4262 nuntiatur,
2071 4202 2165 4268 qui
2194 4217 2260 4254 eo
2289 4217 2389 4254 no-

809 4303 957 4356 mine
981 4300 1057 4354 illi
1082 4297 1377 4353 studebant
1406 4294 1552 4363 quod
1586 4293 1669 4345 vir
1700 4292 1860 4346 fortis
1892 4302 1948 4347 et
1981 4291 2225 4361 prudens
2240 4302 2388 4346 esset

808 4408 875 4447 ac
921 4408 1019 4462 par
1051 4388 1290 4459 regendo
1316 4386 1573 4455 prmelare
1611 4385 1865 4454 imperio,
1901 4395 1960 4439 ut
2009 4385 2204 4438 urbem
2234 4402 2386 4439 acce-

808 4482 924 4544 dat,
959 4480 1112 4533 nullo
1145 4478 1365 4547 negotio
1399 4486 1494 4529 aut
1524 4490 1691 4544 opera
1719 4492 1902 4530 rerum
1932 4492 2203 4531 summam
2240 4478 2293 4530 in
2326 4494 2383 4532 se

2492 3270 2586 3340 ἔτη
2620 3270 2731 3335 κς¹,
2763 3278 3154 3345 μονοκρατορεί
3181 3276 3239 3329 δὲ
3272 3278 3364 3348 ἐτη
3393 3286 3469 3341 ιε’,
3504 3279 3579 3340 ὡς
3609 3276 3752 3333 εἶναι
3784 3285 3971 3335 πάντα
3996 3286 4085 3336 τὸν

2490 3363 2678 3431 χρόνον
2733 3365 2828 3431 τῆς
2881 3366 3159 3433 βασιλείας
3195 3368 3362 3421 αὑτοῦ
3397 3370 3490 3437 ἐτη
3527 3377 3619 3441 μη¹
3647 3371 3713 3423 υ.
3762 3374 4084 3444 Λαὸόμενος

2490 3454 2583 3508 οὖν
2604 3456 2701 3524 τῆς
2732 3457 2822 3509 τοῦ
2856 3457 3121 3511 παλατξου
3172 3460 3422 3525 ἐξουσίας
3476 3463 3503 3513 ό
3537 3464 3885 3536 πατριάρχης
3918 3468 4085 3520 Νικό-

2490 3546 2636 3609 λαος,
2674 3548 2767 3600 ἅτε
2796 3549 2888 3602 καὶ
2920 3552 3081 3613 αὐτὸς
3114 3551 3410 3619 ἐπίτροπος
3443 3553 3529 3624 μ’.
3572 3554 3697 3625 475]
3734 3555 3810 3607 ὢν
3843 3560 3946 3609 ai":
3969 3564 4084 3621 τοῖς

2492 3639 2819 3710 μαγίστροις
2855 3641 3116 3712 Στεφάνῳ
3162 3643 3255 3695 καὶ
3298 3643 3519 3715 Ἰωάννῃ
3550 3647 3626 3716 τῷ
3670 3649 3930 3716 Ἐλλαδξῂ
3981 3654 4083 3719 τὴν

2490 3728 2584 3781 τοῦ
2607 3729 2790 3783 κοινοῦ
2828 3735 3085 3802 πρόνοιαν
3106 3736 3345 3789 ἐποιεῖτο
3368 3738 3461 3789 καὶ
3486 3738 3584 3808 τὴν
3606 3743 3869 3807 φροντίδα
3900 3746 4085 3797 πᾶσαν

2490 3820 2602 3891 εἶχε
2641 3824 2749 3876 τῶν
2798 3826 2895 3893 τῆς
2952 3828 3231 3896 βασιλείας
3278 3830 3325 3860 ⁸⁸
3357 3832 3673 3901 ἀνηκόντων
3728 3838 4084 3906 πραγμάτων

2488 3916 2780 3989 ὁσημέραι.

2562 4009 2627 4080 β’.
2676 4013 2763 4063 Ἑν
2787 4013 2994 4074 τούτοις
3024 4013 3117 4067 οὖν
3149 4014 3248 4082 τῆς
3283 4015 3558 4084 βασιλείας
3591 4019 3780 4090 οὔσης,
3820 4022 4083 4090 δηλοῦται

2492 4102 2896 4173 Κωνσταντίνῳ
2926 4108 3089 4159 Δουκὶ
3114 4107 3425 4178 δομεστίκῳ
3467 4114 3790 4179 τυγχάνοντι
3816 4116 3929 4163 τῶν
3960 4122 4083 4183 010‘-

2489 4195 2596 4246 λῶν
2617 4197 2767 4265 παρά
2788 4213 2947 4251 τινων
2974 4198 3081 4250 τῶν
3110 4201 3166 4251 ἐν
3194 4202 3261 4271 τῇ
3286 4200 3437 4253 πόλει
3466 4204 3828 4271 μεγιστάνων,
3859 4205 3976 4271 φιλ.
3997 4212 4079 4257 υν-

2488 4300 2595 4335 των
2630 4285 2792 4337 αὑτὸν
2828 4285 2905 4348 ὡς
2937 4287 3185 4358 ἀνδρεῖον
3235 4291 3330 4343 καὶ
3387 4292 3614 4361 νουνεχῆ
3645 4295 3739 4345 καὶ
3770 4295 3959 4357 καλῶς
3996 4297 4087 4346 ὅσα

2489 4377 2719 4445 νάμενον
2752 4378 2850 4447 τὴν
2876 4379 3152 4448 βασιλείαν
3181 4383 3452 4453 κυϐερνᾷν
3473 4425 3486 4448 ,
3526 4385 3790 4437 εἰσελθεῖν
3820 4388 3919 4439 καὶ
3951 4389 4083 4439 τσύα

2489 4485 2587 4534 της
2620 4470 2893 4539 ἐγκρατὴς
2938 4472 2985 4503 ⁸⁸
3040 4473 3301 4539 γενέσθαι
3360 4476 3614 4546 ἁπονητξ.
3650 4476 3716 4528 Ὀ
3761 4475 3815 4528 δὲ
3852 4478 3949 4529 ita
3990 4481 4088 4531 κει

810 4572 1200 4629 translaturus.
1249 4570 1299 4623 ls
1349 4569 1569 4637 itaque,
1614 4575 1673 4621 ut
1723 4568 1881 4637 cujus
1931 4569 2097 4624 etiam
2137 4571 2292 4638 prius
2318 4586 2381 4624 ea

2494 4565 2759 4633 πρότερον
2789 4566 2959 4634 αὐτῆς
2991 4567 3298 4635 ἐφιέμενος,
3332 4567 3407 4628 ὡς
3441 4564 3555 4636 εἶχε
3582 4567 3778 4636 τάχους
3813 4569 3933 4633 ἅμα
3974 4574 4088 4621 τῶν

809 4662 1083 4734 cupiditas
1106 4662 1350 4716 animum
1380 4659 1719 4722 incessisset,
1748 4668 1952 4728 quanta
1979 4661 2133 4715 licuit
2158 4661 2387 4717 leStina-

810 4757 990 4819 tione,
1036 4769 1162 4808 eum
1205 4752 1434 4806 delectis
1480 4752 1848 4819 subjectarum
1918 4751 2196 4820 legionum
2252 4755 2389 4818 viris

811 4846 1054 4901 strenu—is
1094 4860 1195 4899 nec
1222 4860 1386 4913 parva
1430 4843 1651 4897 illorum
1681 4859 1842 4898 manu
1869 4843 2193 4915 Byzantium
2223 4846 2389 4915 719

811 4937 1125 5000 contendit;
1190 4937 1578 5006 ingressusque
1627 4944 1790 4988 noctu
1842 4952 1939 5004 per
1985 4936 2275 4991 obscuram
2322 4953 2387 4991 ac

811 5030 1081 5083 minorem
1116 5028 1401 5081 Michaelis
1446 5027 1857 5095 protovestiarii
1898 5026 2043 5080 haud
2077 5029 2267 5097 procul
2317 5030 2386 5083 ab

809 5137 936 5177 arce
974 5134 1207 5193 portam,
1242 5124 1296 5175 in
1336 5120 1592 5190 Gregora:
1626 5121 1804 5173 soceri
1846 5121 1931 5173 sui
1965 5119 2131 5175 domo
2151 5137 2274 5176 cum
2301 5137 2389 5176 so~

811 5214 914 5268 eiis
941 5229 1006 5268 ac
1055 5213 1359 5281 conjuratis
1404 5221 1625 5265 noctem
1666 5211 1969 5265 insomnem
2008 5212 2137 5282 egit.
2169 5212 2388 5267 Nicetas

810 5315 995 5361 autem
1032 5320 1061 5358 a
1094 5303 1344 5368 secretis,
1375 5303 1421 5357 is
1459 5303 1550 5372 qui
1596 5311 1784 5371 postea
1822 5302 2234 5371 protonotarius
2265 5302 2387 5367 fuit,

809 5398 1098 5452 advenisse
1168 5395 1590 5450 Constantinum
1642 5393 2006 5448 Constantino
2058 5396 2291 5463 patricio
2332 5403 2387 5448 et

811 5486 1081 5540 monacho
1132 5483 1411 5537 Helladico
1455 5482 1751 5536 nuntiavit.
1833 5482 2120 5551 Amboque
2189 5483 2384 5536 eadem

810 5583 973 5628 nocte
1010 5573 1077 5627 ad
1127 5572 1550 5627 Constantinum
1580 5570 1776 5625 ducem
1820 5580 2130 5636 venerunt;
2166 5586 2384 5639 unaque

808 5660 1007 5717 collata
1040 5675 1204 5730 opera
1246 5673 1425 5723 mane,
1453 5674 1577 5713 cum
1602 5657 1863 5713 .nondum
1887 5657 2007 5712 dies
2039 5659 2377 5723 advenisset,

2492 4658 2762 4725 ἐκκρίτων
2795 4657 2888 4709 τοῦ
2923 4657 3015 4709 ὑπ’
3057 4658 3221 4712 αὑτὸν
3253 4659 3664 4729 στρατεύματος
3718 4661 4089 4729 καταλαμῆά-

2491 4763 2597 4799 νων
2621 4748 2721 4816 τὴν
2746 4746 3159 4817 βασιλεύουσαν,
3193 4750 3392 4812 ἱκανῶν
3427 4750 3621 4812 ὄντων,
3654 4750 3749 4801 καὶ
3772 4754 3973 4814 νυκτὸς
4000 4754 4090 4804 6ιᾶ

2492 4838 2869 4907 παραπυλίδος
2892 4840 3149 4892 εἰσελθὼν
3170 4841 3262 4894 τοῦ
3288 4841 3793 4912 πρωτοδεστιαρῐου
3834 4842 4091 4913 Melana.

2490 4929 2656 4997 οὔσης
2683 4929 2913 5000 πλησίον
2939 4933 3311 4999 ἀκροπόλεως,
3339 4934 3396 4985 ἐν
3418 4934 3496 5002 τῷ
3527 4935 3661 5001 οἴκῳ
3686 4931 3780 4985 τοῦ
3808 4934 4093 5002 πενθεροιέ

2486 5021 2651 5075 αὐτοῦ
2702 5024 2958 5095 Γρηγορᾶ
3003 5026 3208 5089 ἄῦπνος
3272 5026 3409 5096 μετὰ
3462 5027 3572 5078 τῶν
3605 5028 3877 5079 συνόντων
3930 5029 4091 5097 αὑτῴ

2482 5114 2805 5170 διετέλεσεν.
2867 5117 3114 5186 Νικήτας
3167 5118 3224 5171 δὲ
3281 5120 3608 5189 ἀσηκρῆτις,
3656 5121 3685 5171 ὁ
3716 5120 3857 5186 μετὰ
3906 5121 4091 5171 ταῦτα

2488 5207 2929 5276 πρωτονοτάριος
2976 5211 3238 5277 γεγονὼς,
3292 5211 3391 5281 τὴν
3444 5211 3862 5263 Κωνσταντξνου
3898 5211 4094 5277 ἄφιξιν

2486 5296 2564 5366 τῷ
2591 5299 2868 5369 πατρικίῳ
2890 5302 3287 5373 Κωνσταντίνῳ
3316 5303 3411 5356 καὶ
3442 5301 3662 5372 μοναχῷ
3691 5300 3769 5370 τῷ
3804 5301 4089 5369 Ἐλαδικοξι

2495 5392 2896 5459 κατεμήνυσεν.
2954 5395 3062 5446 Καὶ
3122 5393 3291 5464 ἄμφω
3326 5397 3390 5463 τῇ
3451 5395 3589 5463 αὐτῇ
3625 5394 3783 5444 νυκτὶ
3815 5394 3956 5460 πρὶς
3999 5394 4091 5441 τὸν

2492 5479 2703 5532 Δοῦκαν
2757 5482 3164 5537 Κωνσταντῖνον
3211 5482 3609 5553 παρεγένοντοο
3634 5480 3732 5533 καὶ
3763 5479 3885 5546 ἃμα.
3916 5478 4089 5546 πρωῒ.

2491 5569 2646 5624 οὔπω
2674 5572 2771 5639 τῆς
2816 5574 3031 5643 ἡμέρας
3082 5574 3517 5642 καταλαὸούσης,
3556 5572 3694 5635 ἀλλ’,
3722 5570 3805 5621 ἔτι
3860 5571 4091 5625 σκοτίας

2492 5662 2680 5730 οὔσης,
2729 5666 2866 5734 μετὰ
2905 5666 3204 5736 λαμπάδων
3237 5668 3326 5723 καὶ
3367 5666 3499 5722 λαοῦ
3535 5663 3735 5719 πολλοῦ
3768 5662 3867 5715 καὶ
3904 5660 4088 5712 ὅτεὶων

2138 5769 2375 5826 VARIA'I
2414 5778 2818 5836 LECTIONES.

874 5870 915 5900 “
946 5868 1213 5938 Georgius
1243 5868 1334 5925 vs'.
1429 5874 1560 5943 ’⁸τῇ
1589 5868 1878 5939 βασι).εέᾳῖ
1951 5871 1994 5900 η
2029 5869 2313 5938 mea—3.?
