4174 6442
170 418 274 482 781

951 412 1318 471 ΑΝΝΑιιΕς.
1358 432 1424 444 -·
1466 406 2051 469 CONSTANTINUS
2089 405 2674 466 PORPIIYROGEN.

3313 406 3419 467 Ἰδὲ

169 534 271 602 τὴν
293 527 390 582 τοῦ
418 525 753 597 ἱπποδρόμου
785 524 960 594 πύλην
993 526 1414 591 καταλαΰόντες,
1461 526 1749 578 Κωνσταν-

1852 524 1947 579 sed
1998 523 2178 577 adhuc
2209 523 2451 576 tenebrae
2495 529 2704 583 essent,
2747 533 2871 571 cum
2896 519 3107 573 facibus
3143 519 3425 588 multoque

167 625 315 672 τίνον
370 618 653 686 εὐφήμουν
691 614 913 684 βασιλέα
946 618 1002 667 ὲν
1032 614 1108 684 τῷ
1138 614 1367 679 ἱππικῷ.
1428 614 1594 665 Ἔνθα
1624 613 1686 681 δὴ
1718 616 1743 665 ό

169 713 365 766 τούτου
392 709 695 776 ἱπποκόμος
726 706 1037 775 λογχευθεὶς
1091 705 1240 775 παρὰ
1268 705 1376 757 τῶν
1406 704 1605 756 ἔσωθεν
1638 703 1744 754 τῶν

166 802 264 859 τοῦ
328 800 665 869 ἱπποδρόμου
731 798 916 850 πυλῶν
955 799 1217 868 ἀνῃρέθη.
1260 798 1351 866 Μὴ
1400 796 1608 865 δεχθεὶς
1654 792 1746 847 οὖν

170 897 354 949 ἐκεῖσε
381 896 407 945 ὁ
435 894 863 954 Κωνσταντῑνος,
895 890 1009 941 ἀλλ’
1040 889 1420 957 ἁποσοϐηθεὶς,
1445 890 1629 957 ὡσπερ
1656 892 1745 939 ὲκ·-

169 988 499 1057 ὼκχευθεὶς
555 985 660 1038 ὑπό
717 1000 862 1045 τινος
892 982 1143 1051 δαίμονος
1182 985 1275 1034 καὶ⁹
1309 982 1382 1051 μὴ
1410 981 1745 1049 ἐφεστηκότα

169 1079 311 1148 έχων
360 1079 454 1131 τὸν
483 1076 741 1147 λογισμὸν
793 1073 870 1145 τῷ
903 1075 1002 1141 τῆς
1043 1073 1321 1142 βασιλείας
1355 1074 1538 1143 ἔρωτι,
1580 1075 1637 1123 ὲν
1672 1071 1747 1140 τῷ

170 1172 497 1242 ἱπποδρόμῳ
525 1169 843 1238 ἀνεχώρησε
877 1166 1104 1233 στυγνός
1125 1183 1183 1217 τε
1215 1167 1310 1217 καὶ
1350 1165 1620 1234 κατηφὴς,
1648 1182 1748 1215 κα-

168 1266 266 1317 κὸν
323 1264 516 1316 οἰωνὸν
568 1262 665 1329 τὴν
725 1259 820 1313 τοῦ
897 1259 1204 1328 ἱπποκόμου
1265 1257 1454 1326 κρίνας
1514 1257 1743 1325 σφαγήν.

180 1353 428 1407 Ἐκεῖθεν
460 1348 561 1423 ἦκε
595 1351 757 1421 μέχρι
809 1350 1032 1418 Χαλκῆς
1057 1365 1071 1379 ⁸
1132 1350 1224 1401 καὶ
1254 1349 1340 1401 διὰ
1394 1350 1488 1417 τῆς
1517 1348 1748 1415 Σιδηρᾶς

168 1446 378 1512 πόρτης
403 1443 504 1512 τῆς
534 1442 752 1511 Χαλκῆς
784 1438 1142 1507 είσεληλυθὼς
1175 1439 1334 1509 μέχρι
1384 1440 1489 1490 τῶν
1519 1456 1747 1492 exosu-

171 1539 304 1607 ρίων
334 1538 383 1570 ’δ
414 1536 773 1606 παρεγένετο.
813 1534 870 1586 Ὀ
918 1532 1012 1585 οὖν
1064 1534 1364 1602 μάγιστρος
1433 1533 1681 1600 Ἰωάννης
1722 1534 1750 1583 ὁ

180 1630 410 1692 Ἐλαδᾶς
443 1629 674 1697 ἐκλογὴν
710 1626 819 1679 τῶν
845 1626 943 1688 τῆς
961 1625 1236 1694 ἑταιρείας
1257 1626 1347 1677 καὶ
1371 1625 1477 1675 τῶν
1506 1624 1679 1678 ἄλλων
1704 1624 1747 1655 ⁸⁸

169 1721 522 1788 ποιούμενος,
592 1718 709 1788 μεθ’
745 1718 926 1770 ὃπλων
960 1716 1181 1778 τούτους
1239 1714 1558 1767 ἀπέστειλεν
1613 1714 1751 1766 κατά

166 1811 263 1865 τοῦ
297 1811 525 1873 Δουκός.
559 1810 855 1862 Ἐλθόντων
880 1806 973 1860 οὖν
1008 1807 1169 1878 μέχρι
1214 1808 1312 1874 τῆς
1335 1807 1579 1874 Χαλκῆς,
1622 1808 1749 1857 πολ-

1848 613 2107 668 satellitio
2140 629 2205 668 ac
2248 613 2421 666 armis
2453 612 2519 665 ad
2547 610 2693 665 Circi
2719 620 2933 678 portam
2963 611 3247 667 venientes
3278 609 3427 664 Con-

1847 707 2148 761 stantinum
2196 708 2583 772 imperatorem
2630 703 2827 756 faustis
2866 704 3098 757 vocibus
3152 706 3409 758 acclama-

1850 798 1980 849 bant
2006 814 2018 860 ;
2045 797 2137 849 ubi
2168 811 2297 849 sane
2321 796 2439 864 ejus
2472 794 2664 860 equiso
2696 795 2884 847 lancea
2911 794 3179 859 conﬁxus,
3212 796 3282 849 ab
3316 796 3426 849 illis

1847 889 2095 941 sublatus
2129 896 2214 941 est
2251 886 2344 954 qui
2388 886 2533 940 Circi
2572 896 2755 953 portas
2800 887 3095 941 interiores
3138 890 3420 942 tenebant.

1848 979 2003 1033 Haud
2029 981 2212 1047 itaque
2248 978 2359 1030 illic
2397 988 2651 1045 receptus
2672 978 3090 1040 Constantinus,
3117 979 3213 1033 sed
3239 982 3424 1047 repul-

1848 1086 1940 1126 sus
1967 1079 2132 1139 atque
2168 1069 2477 1131 submotus,
2508 1069 2658 1122 velut
2692 1068 2850 1122 furiis
2879 1071 3119 1138 agitante
3156 1071 3425 1133 daemone,

1848 1178 1948 1216 nec
1971 1165 2104 1216 satis
2129 1161 2326 1215 mentis
2353 1176 2605 1229 compos,
2638 1161 2987 1230 imperitandi
3025 1178 3165 1216 eaea
3197 1163 3428 1217 libidine

1849 1273 1905 1309 se
1932 1272 1961 1309 a
2006 1256 2165 1309 Circo
2208 1255 2380 1308 tristis
2413 1264 2753 1322 maestusque
2784 1254 3290 1317 subduxit,malum
3322 1256 3428 1309 sibi

1848 1362 2009 1400 omen
2059 1347 2377 1415 equisonem
2432 1360 2565 1400 nece
2619 1346 2893 1400 sublatum
2930 1348 3160 1401 ducens.
3209 1346 3339 1401 lnde
3361 1347 3428 1399 ad

1847 1438 2101 1493 Chalcem
2146 1440 2219 1509 (id
2261 1448 2344 1494 cst
2388 1438 2633 1505 IEream)
2687 1442 2877 1503 venit;
2934 1454 3143 1507 perque
3174 1440 3426 1493 Ferrcam

1848 1531 2090 1600 ejusdem
2116 1530 2344 1585 Chalccs
2393 1531 2511 1598 (seu
2551 1528 2755 1597 zEreze)
2808 1532 3085 1598 ingressus
3119 1531 3186 1584 ad
3236 1532 3428 1586 Scuta-

1851 1622 2056 1675 riorum
2087 1636 2257 1689 usque.
2294 1620 2698 1686 (excubitorum
2731 1620 2963 1687 scilicet)
3006 1619 3210 1673 atrium
3256 1636 3430 1690 pene~

1854 1716 2034 1769 travit.
2073 1715 2149 1767 Ex
2186 1713 2415 1767 adverso
2444 1724 2623 1767 autem
2660 1713 2918 1783 magister
2951 1713 3193 1769 Joannes
3237 1712 3426 1767 llella-

1855 1808 1991 1871 das,
2050 1807 2441 1861 fmderatorum
2512 1807 2859 1874 aliorumque
2911 1806 3171 1859 ordinum
3212 1806 3429 1860 delecto

167 1908 251 1961 λοὶ
290 1905 354 1969 ἐξ
377 1903 707 1974 ἀμφοτέρων
742 1900 853 1954 τῶν
902 1900 1085 1970 μερῶν
1139 1900 1351 1963 ἔπεσον,
1383 1900 1476 1951 καὶ
1500 1897 1744 1950 τοσοῦτοι

1852 1900 2091 1969 agmine,
2145 1898 2312 1950 armis
2362 1897 2658 1951 instructos
2698 1897 2989 1952 adversum
3029 1897 3225 1951 ducem
3256 1899 3427 1953 misit.

165 1999 242 2060 ὡς
276 1998 371 2049 τὸν
399 1997 565 2049 τόπον
624 1993 1049 2063 ὲνλιμνασθῆναι
1087 1990 1164 2059 τῷ
1211 1991 1423 2059 αἵματι.
1481 1989 1743 2061 ’Λνῃρέθη

167 2084 225 2136 δὲ
282 2083 381 2134 xui.
443 2081 729 2149 Γρηγορᾶς
780 2079 807 2129 ό
856 2078 969 2138 υίὸς
1006 2075 1101 2127 τοῦ
1154 2075 1353 2137 Δουκὺς
1406 2074 1505 2125 καὶ·
1533 2074 1747 2142 Μιχαὴλ

165 2175 466 2242 ὶξάδελφος
500 2172 663 2225 αὑτοῦ
696 2170 791 2223 καὶ
817 2168 1129 2239 Κονρτίκης
1165 2169 1371 2228 ἐκεῖνος
1395 2170 1422 2219 ό
1447 2166 1504 2229 ἐξ
1551 2168 1747 2235 Ἀρμε-

166 2269 321 2321 νίων.
364 2266 553 2320 Ταῦτα
582 2268 608 2317 ό
635 2264 772 2328 Δοὺξ
819 2264 1228 2323 Κωνσταντῖνος
1272 2258 1481 2329 μαθὼν,
1506 2261 1750 2329 ταραχῆς

164 2358 247 2409 ὃτι
274 2354 364 2428 [Ρ.
396 2354 529 2427 474]
561 2354 821 2423 πλείστης
854 2353 1175 2422 γενομένης,
1213 2349 1301 2402 τὸν
1333 2352 1495 2404 ἵππον
1526 2352 1753 2420 ἐξήλαυ-

166 2465 293 2501 νεν·
361 2449 391 2501 ό
420 2448 479 2500 δὲ
526 2448 645 2509 ταῖς
676 2448 855 2498 ἐκεῖσε
904 2444 1356 2514 ὑπεστρωμέναις
1395 2442 1748 2511 ἐνολισθήσας

165 2539 366 2604 πλαξὶν
398 2540 479 2601 είς
506 2538 611 2608 γῆν
652 2538 743 2590 τὸν
782 2535 1046 2605 ἐπιόάτην
1081 2534 1398 2599 κατέϐαλεν,
1426 2536 1517 2587 καί
1541 2553 1621 2597 τις
1648 2536 1747 2588 αὑ-

163 2631 260 2683 τοῦ
296 2630 443 2698 ξίφει
471 2629 570 2699 τὴν
609 2628 852 2698 κεφαλὴν
899 2628 1172 2697 ἀπέτεμεν
1199 2643 1210 2655 ·
1262 2628 1385 2697 ἥτις
1432 2628 1507 2697 τῷ
1537 2629 1749 2698 βασιλεῖ

166 2720 580 2788 προσενήνεκτο
624 2716 941 2786 καταφανὴς
998 2715 1200 2770 ἅπασιν
1245 2716 1345 2786 τῆς
1395 2717 1611 2786 ἀπάτης
1670 2719 1747 2782 εἰς

162 2810 513 2878 ἀποτροπήν.

163 2904 424 2973 dissipati
482 2903 683 2971 erant),
736 2902 854 2972 ejus
896 2908 1063 2971 caput
1108 2900 1289 2972 gladio
1318 2900 1565 2967 abstulit,
1626 2904 1982 2975 ablatumque
2032 2910 2086 2965 in
2146 2912 2393 2966 omnium
2452 2914 2648 2977 oculis,

1854 1989 2102 2059 Cumque
2125 1990 2407 2042 venissent
2424 1988 2487 2041 ad
2508 1988 2785 2053 Chalcem,
2800 1989 3214 2058 congressisque
3247 1991 3427 2044 utrin-

1856 2095 1962 2150 que
2001 2079 2266 2147 partibus.
2302 2094 2369 2133 ex
2414 2080 2494 2133 eis
2547 2080 2704 2133 multi
2756 2080 3116 2145 ceciderunt;
3166 2092 3427 2152 tantaque

1856 2186 2121 2225 caesorum
2158 2170 2453 2224 multitudo
2475 2170 2580 2223 fuit
2614 2180 2674 2224 ut
2704 2172 2857 2226 locus
2890 2174 3183 2228 cruoribus
3211 2185 3427 2243 stagna-

1858 2271 1961 2316 ret.
1992 2261 2259 2316 Sublatus
2279 2278 2412 2315 vero
2435 2264 2599 2317 etiam
2633 2266 2794 2334 720
2812 2266 3083 2336 Grcgoras
3105 2267 3262 2321 ducis
3286 2269 3429 2321 lilius

1855 2364 1911 2408 et
1958 2354 2183 2408 Michael
2232 2357 2348 2424 ejus
2387 2357 2772 2421 consobrinus,
2801 2374 3010 2413 necnon
3038 2359 3288 2414 Curtices
3338 2362 3427 2415 iile

1854 2446 2237 2501 Armeniorum
2284 2462 2487 2516 genere
2519 2457 2693 2503 ortus.
2722 2448 2847 2504 Haec
2882 2449 2976 2504 ubi
3002 2452 3257 2521 cognovit
3286 2452 3430 2506 Con—

1853 2538 2149 2599 stantinus,
2193 2554 2357 2608 quam
2401 2540 2637 2593 maximo
2684 2542 2922 2596 excitato
2959 2544 3194 2596 tumultu
3226 2560 3429 2611 equum

1855 2626 1909 2681 in
1966 2630 2181 2684 turbam
2236 2630 2480 2686 calcibus
2526 2632 2764 2701 impulit.
2805 2634 2856 2688 ls
2884 2649 3013 2688 vero
3033 2634 3186 2688 strati
3215 2636 3313 2691 soli
3344 2636 3429 2692 lu-

1856 2720 2008 2775 brico
2036 2724 2221 2799 lapsus
2252 2738 2522 2778 sessorem
2549 2725 2600 2778 in
2633 2733 2835 2779 terram
2863 2726 3103 2797 deiecit;
3139 2742 3301 2795 quem
3331 2728 3429 2781 ubi

1857 2814 1980 2881 quis
2027 2816 2141 2869 solo
2174 2815 2455 2886 deiectum
2503 2817 2734 2872 offendit
2787 2818 3006 2888 (reliqui
3050 2820 3199 2872 enim
3242 2833 3433 2873 omnes

2733 2914 3060 2985 dispellendi
3121 2930 3285 2971 causa
3345 2932 3436 2971 er-

162 3000 311 3059 roris
343 2998 688 3067 sedaudique
721 2997 990 3053 tumultus
1015 3011 1078 3051 ac
1109 2997 1387 3062 coitionis,
1418 2996 1741 3067 imperatori
1783 3002 2005 3058 detulit.

231 3092 304 3161 γ’.
348 3094 425 3148 Τὸ
452 3092 511 3145 δὲ
555 3090 797 3144 τοιοῦτον
841 3090 1008 3144 αὐτοῦ
1064 3093 1372 3163 ἐγχείρημα
1424 3096 1567 3147 κατά
1621 3111 1745 3150 τινα

162 3189 258 3240 καὶ
319 3185 485 3239 ἀλλον
531 3185 732 3255 τρόπον
780 3182 1096 3253 ὲδεδὴλωτο.
1140 3183 1411 3249 Νικόλαος
1438 3185 1546 3254 γάρ
1568 3203 1651 3246 τις
1682 3189 1749 3239 τὰ

1926 3100 1977 3154 5.
2016 3101 2331 3159 Istiusmodi
2384 3106 2729 3161 Constantini
2782 3106 3061 3177 aggressio
3115 3122 3215 3177 per
3264 3106 3432 3162 alium

1853 3210 2071 3265 quoque
2119 3198 2340 3253 modum
2380 3200 2640 3254 innotuit.
2692 3201 2950 3256 Nicolaus
2988 3202 3133 3256 enim
3186 3201 3433 3269 quidam,

163 3280 220 3329 ἐν
253 3275 469 3345 Χαλδίᾳ
526 3274 636 3326 τῶν
690 3273 968 3342 δημοσίων
997 3274 1341 3343 εἰσπράξεων
1372 3277 1746 3345 πεπιστευμέ-

1852 3288 2200 3354 publicorum
2234 3292 2582 3362 vectigalium
2612 3293 2665 3347 in
2691 3293 2919 3348 Chaldia
2951 3295 3284 3363 redemptor,
3316 3296 3436 3363 eju-

164 3388 253 3433 νος
314 3370 399 3431 είς
446 3364 647 3435 Συρίαν
698 3364 947 3433 ἀφίκετο,
1003 3367 1100 3432 τῆς
1128 3364 1249 3418 καθ’
1289 3366 1436 3434 ἡμᾶς
1466 3367 1745 3429 εὐσεϐείας

164 3461 395 3529 ἔξαρνος
442 3455 701 3525 γεγονὼς,
755 3456 851 3511 καὶ
905 3456 1325 3527 ἀστρολογίαςῆ
1381 3459 1749 3528 ἀστρονομίας

161 3555 313 3615 τινὸς
358 3551 563 3623 μᾶλλον
591 3548 1015 3619 μεταπεποίητο.
1056 3542 1221 3611 Οὗτος
1251 3550 1308 3602 εν
1341 3551 1749 3621 μελανεμϐαφεῖ

166 3646 389 3714 γράψας
432 3644 716 3711 ὑφάσματι
780 3641 1117 3693 ἀπεστάλκει
1167 3640 1326 3694 τοῦτο
1375 3644 1512 3712 πρὸς
1540 3644 1630 3695 τὸν
1662 3644 1748 3696 λοο

164 3737 403 3805 γοθέτην
458 3733 695 3802 Θωμᾶν·
749 3726 812 3785 οὗ
854 3733 920 3800 δὴ
982 3732 1264 3801 ῥιφθέντος
1304 3736 1454 3805 παρά
1492 3736 1748 3806 Μανουὴλ

164 3827 261 3880 τοῦ
290 3827 406 3879 τῶν
441 3823 757 3894 ’Δγαρηνῶν
820 3824 1106 3893 ἑρμηνέως
1138 3824 1196 3877 ὲν
1233 3824 1384 3878 ὕδατι
1418 3826 1484 3879 τά
1515 3830 1571 3879 ὲν
1600 3828 1749 3898 αὐτῷ

166 3918 560 3987 πεφανέρωται
622 3915 949 3985 γράμματα,
1008 3915 1150 3967 οὕτω
1210 3917 1609 3985 διαγορεύοντα·
1650 3920 1745 3988 Μὴ

165 4012 465 4081 φοϐήθητι
506 4009 626 4063 ἀπὸ
658 4009 762 4061 τοῦ
790 4006 1023 4075 πυρῤοῦ
1056 4010 1335 4064 πετεινοῦ
1364 4012 1470 4065 τοῦ
1502 4016 1744 4080 Δουκός·

166 4104 712 4172 νεωτερισθήσεται
757 4101 865 4170 γὰρ
916 4101 1213 4170 ἀφρόνως,
1264 4102 1362 4155 καὶ
1406 4104 1587 4169 εὐθὺς
1616 4106 1749 4157 ὀλο-

166 4197 588 4265 ορευθήσεται.

235 4287 303 4341 δ’.
336 4288 561 4342 Τούτων
615 4289 758 4343 οὕτω
798 4292 1185 4360 τελεσθέντων,
1226 4295 1515 4365 Γρηγορᾶς
1557 4297 1745 4347 τούτου

167 4380 439 4450 πενθερὸς
473 4380 610 4450 μετὰ
632 4380 878 4446 Λέοντος,
910 4383 968 4436 δν
998 4386 1419 4454 Χοιροσφάκτην
1443 4385 1745 4453 ὠνόμαζον,

166 4476 235 4541 τῇ
302 4472 466 4542 ’Λγίᾳ
510 4472 606 4526 τοῦ
653 4475 789 4526 Θεοῦ
847 4477 1019 4548 Σοφίᾳ
1069 4477 1337 4550 ἐκκλησίᾳ
1381 4480 1745 4550 προσέφυγον,

166 4562 261 4626 οὓς
297 4565 395 4617 καὶ⁹
459 4564 551 4634 βίᾳ.
611 4565 822 4618 ἐκεῖθεν
865 4568 1279 4632 ἀποσπάσαντες
1332 4572 1635 4641 ἁπέκειραν
1690 4575 1748 4625 ὲν

1852 3392 1966 3435 rata
2003 3382 2314 3439 Christiana
2351 3388 2554 3455 pietate
2590 3404 2652 3442 ac
2684 3388 2789 3442 ﬁde
2822 3404 2947 3443 cum
2977 3388 3047 3455 ,in
3081 3388 3290 3459 Syriam
3317 3404 3435 3441 sese

1850 3474 2167 3543 recepisset,
2199 3479 2527 3547 astrologim,
2577 3479 2674 3535 sed
2719 3482 2891 3550 magis
2938 3480 3287 3534 astronomia:
3321 3481 3437 3534 cui-

1849 3564 1972 3619 dam
1999 3582 2220 3637 operam
2256 3569 2627 3639 impendebat.
2654 3572 2751 3625 llie
2780 3572 2960 3641 itaque
2989 3574 3041 3626 in
3067 3574 3206 3642 nigri
3238 3573 3438 3627 coloris

1850 3657 2019 3712 linteo
2076 3660 2326 3715 scribens
2355 3662 2421 3715 ad
2453 3662 2716 3717 Thomam
2748 3664 3082 3733 logothetam
3122 3665 3287 3717 misit.
3318 3664 3436 3730 Quo

1850 3754 2018 3810 misso
2050 3756 2103 3810 in
2136 3773 2330 3826 aquam
2366 3774 2394 3810 a
2427 3759 2674 3814 Manuele
2702 3760 3079 3830 Agarcnorum
3108 3759 3432 3829 interprete.

1850 3847 2069 3917 scriptze
2104 3848 2156 3901 in
2205 3864 2271 3903 eo
2317 3849 2514 3904 litterae
2566 3860 2971 3919 apparuerunt,
3017 3850 3071 3905 in
3120 3852 3235 3905 hate
3271 3852 3434 3905 verba

1850 3953 2113 4011 concepta
2180 3944 2451 3997 sententia
2480 3959 2492 3994 :
2526 3942 2602 3996 Ne
2638 3945 2872 3997 timueris
2923 3961 2954 3995 a
2990 3944 3131 3996 Duce
3178 3945 3299 4013 rufa
3344 3960 3437 3996 ro-

1853 4034 2031 4088 Iucre:
2081 4034 2240 4088 stulte
2309 4038 2447 4088 enim
2488 4036 2637 4090 rebus
2680 4038 2824 4091 ﬂoris
2849 4038 3092 4100 stridebit,
3139 4056 3198 4089 ac
3253 4039 3435 4090 statim

1854 4126 2059 4195 peribit.

1921 4308 1973 4360 tl.
2012 4307 2105 4361 llis
2131 4306 2203 4361 ita
2230 4309 2419 4379 gestis,
2452 4310 2722 4378 Gregoras
2751 4310 3097 4365 Constantini
3127 4327 3281 4367 socer
3310 4328 3429 4367 cum

1852 4399 2032 4455 Leone
2054 4401 2481 4470 ChCBI'OSphIIClC
2508 4403 2573 4456 ad
2610 4403 2821 4457 Sancta:
2850 4405 2943 4458 Dei
2980 4404 3270 4474 Sapientiae
3301 4422 3432 4459 con-

1853 4493 2140 4562 fugerunt;
2198 4508 2338 4561 quos
2397 4493 2521 4547 inde
2586 4512 2691 4549 non
2746 4497 2863 4549 sine
2923 4498 2972 4550 vi
3034 4508 3309 4553 extractos
3381 4502 3431 4552 i-i

1852 4582 2027 4638 Studii
2066 4586 2399 4638 monasterio
2434 4587 2826 4640 monachorum
2869 4588 2974 4641 ritu
3029 4590 3430 4652 detonderunt;

166 4660 232 4727 τῇ
268 4656 384 4711 τῶν
438 4658 708 4712 Στουδίου.
761 4660 1166 4715 Κωνσταντῖνον
1200 4663 1256 4715 δὲ
1312 4664 1401 4717 τὸν
1439 4664 1746 4720 Ἑλλαδικὸν

1854 4680 2275 4735 Constantinum
2309 4698 2438 4735 vero
2469 4682 2805 4737 llelladicum
2842 4685 3025 4739 nervis
3070 4687 3290 4741 bubulis
3333 4704 3436 4743 cae-

170 4749 490 4820 βουνεύροις
544 4750 815 4818 τύψαντες
877 4755 1016 4823 μετά
1042 4755 1210 4827 ράσου
1243 4758 1337 4810 καὶ
1367 4759 1488 4812 ὄνου
1515 4762 1743 4832 ὲθριάμσ

168 4841 376 4895 σευσαν
414 4842 510 4893 καὶ
541 4842 599 4894 ὲν
620 4846 683 4912 τῇ
708 4844 814 4896 τῶν
860 4846 1159 4913 Δαλματῶν
1215 4850 1477 4922 καταδίκῃ
1534 4852 1744 4921 ἐγκλει-

170 4951 299 4987 στον
349 4935 708 5003 πεποιήκασι.
788 4937 897 4988 Καὶ
956 4937 1149 5001 ἀλλους
1209 4941 1308 5009 μὲν
1367 4943 1746 5010 τυφλώσαντες

168 5027 467 5096 ἐξώρισαν,
529 5029 622 5078 καὶ
672 5030 890 5098 ἑτέρους
920 5030 1332 5101 ἀπεκεφάλισαν
1359 5050 1372 5064 ·
1404 5038 1529 5100 τοὺς
1560 5039 1616 5090 δὲ
1651 5041 1744 5093 τοῦ

168 5119 472 5188 φοσσάτοιυ,
508 5119 785 5189 ἀνδρείους
824 5122 919 5175 καὶ
955 5123 1150 5187 καλοὺς
1176 5125 1334 5189 ὄντας
1364 5130 1459 5181 καὶ
1496 5131 1744 5195 πολλοὺς,

168 5210 282 5263 ἀπὸ
333 5208 429 5261 τοῦ
478 5212 754 5279 Δαμαλωυ
806 5214 968 5284 μέχρι
1020 5216 1115 5269 τοῦ
1180 5219 1480 5275 Λευκατὶου
1540 5224 1746 5287 πάντας

170 5300 631 5355 ἀνεσκολόπισαν.
688 5304 919 5368 Πολλοὺς
950 5306 1006 5360 δὲ
1036 5310 1129 5362 καὶ
1182 5311 1371 5376 ἄλλους
1396 5317 1440 5366 οί
1465 5316 1745 5385 λεγόμενοι

170 5394 469 5462 ἐπίτροποι
526 5393 810 5449 ἀπώλεσαν
863 5398 947 5462 ἀν,
980 5402 1027 5452 εί
1059 5404 1132 5470 μή
1169 5419 1311 5466 τινες
1342 5406 1448 5459 τῶν
1480 5407 1745 5461 δικαστῶν

168 5491 403 5551 τούτους
422 5490 524 5558 τῆς
553 5488 741 5542 ἀδίκου
769 5490 942 5559 ὁρμῆς
978 5493 1349 5562 ἀνεχαίτισαν,
1374 5498 1636 5562 εἰπόντες,
1664 5500 1747 5551 ὅτι

173 5579 402 5647 Παιδὸς
426 5579 602 5645 ὄντος
631 5580 737 5635 τοῦ
757 5581 1064 5649 ,ϐασιλέως
1092 5584 1217 5649 πῶς
1247 5585 1393 5640 ἄνευ
1427 5587 1534 5654 τῆς
1564 5593 1749 5645 αὐτοῦ

175 5673 521 5738 κελεύσεως
564 5673 819 5743 τολμᾶτε
846 5677 1087 5729 τριαῧτα
1127 5678 1616 5745 διη.τρτὶττεσθαι;
1640 5686 1751 5752 Τὴν

1850 4787 1969 4825 sum
2004 4786 2235 4839 rasoque
2286 4772 2538 4826 indutum
2585 4783 2747 4844 atque
2788 4775 2941 4831 asino
2986 4778 3303 4845 impositum
3339 4796 3436 4845 per

1848 4865 2083 4917 mediam
2135 4864 2326 4916 urbem
2381 4864 2695 4931 ignominim
2741 4882 2905 4921 causa
2958 4869 3325 4933 traducentes,
3384 4872 3435 4923 in

1849 4956 2103 5009 Dalmatae
2124 4956 2279 5024 721
2302 4971 2523 5010 carcere
2548 4958 2741 5012 inclusi
2767 4959 3434 5029 disciplina-damnarunt.

1851 5046 2023 5114 Atque
2050 5046 2186 5098 alios
2201 5045 2294 5113 qui
2310 5045 2423 5099 iem
2444 5048 2621 5101 oculis
2637 5049 2860 5105 orbatos
2883 5053 3077 5106 exsilio
3098 5056 3433 5125 relegarunt,

1850 5138 1984 5191 alios
2026 5137 2448 5193 obtruncarunt.
2486 5140 2748 5195 Militares
2798 5159 2932 5197 vero
2972 5147 3122 5200 viros
3173 5150 3343 5200 l'ortes
3375 5166 3437 5200 ac

1854 5228 2054 5297 probos
2079 5270 2091 5289 ,
2125 5230 2441 5299 ingentique
2482 5232 2618 5285 adeo
2655 5249 2886 5289 numero
2939 5252 2967 5289 a
3009 5238 3213 5293 Damali
3250 5240 3324 5307 (id
3353 5254 3431 5293 cs‘

1853 5320 2043 5382 vitula)
2082 5320 2145 5373 ad
2176 5320 2473 5376 Leucatum
2507 5340 2699 5393 usque,
2727 5320 2918 5384 omines
2950 5331 3088 5399 palis
3124 5331 3430 5385 aﬂixcruui.

1853 5412 2114 5481 Aliosque
2161 5413 2428 5481 plurimos
2480 5417 2558 5471 sic
2606 5422 2905 5489 nuncupati
2955 5433 3343 5491 procuratores
3374 5442 3439 5479 ac

1858 5512 2069 5556 tutores
2120 5502 2387 5571 perdituri
2434 5516 2612 5572 erant,
2648 5510 2753 5564 nisi
2800 5511 3049 5581 judicum
3092 5517 3312 5584 quidam
3366 5518 3437 5569 ab

1859 5595 2048 5664 iniquo
2092 5610 2184 5648 eos
2218 5595 2426 5666 impetu
2459 5599 2769 5658 istiusmodi
2810 5606 2996 5661 verbis
3045 5609 3438 5673 relardasscm,

1861 5688 1993 5741 Cum
2018 5688 2302 5755 imperator
2341 5708 2467 5759 pnrr
2501 5695 2589 5755 sit,
2616 5698 2870 5763 quomodo
2902 5699 3043 5751 illius
3070 5701 3269 5768 injussu
3298 5702 3439 5771 ejus-

1457 5775 1689 5831 VARM’.
1736 5780 2141 5834 LECTIONER.

263 5860 311 5889 ’δ
343 5858 607 5927 Georgius
640 5859 981 5923 iExou‘iitmv.
1064 5870 1105 5895 "‘
1135 5866 1402 5937 tieurgiih
1435 5870 1658 5923 ἐλατῶν.
