4174 6442
784 468 893 530 783

1974 451 2271 515 SYMEON
2283 452 2352 512 IS
2391 446 2760 510 MAGISTRI

3919 436 4027 498 784

773 584 970 639 “modi
1020 586 1323 649 perpetrare
1380 572 1631 628 audetis?
1676 570 1841 625 Ducis
1883 570 2068 637 itaque
2124 580 2350 621 uxorem

2471 560 2547 617 ὧν
2603 566 2837 631 γυναῖκα
2896 560 2990 613 τοῦ
3027 558 3226 621 Δουκδς
3258 556 3649 626 ἀποκείροντες
3670 554 3763 606 καὶ
3794 553 3887 607 τὸν
3916 554 4031 605 υἱὸν

770 673 1023 731 detonsis
1077 669 1326 726 crinibus
1373 667 1655 734 ﬁliumque
1711 661 1947 718 exsectis
2002 659 2254 713 virilibus
2298 656 2353 710 in

777 766 1199 838 Paphlagoniam
1256 762 1324 816 ad
1367 760 1513 815 aedes
1540 758 1794 828 proprias
1829 754 2177 809 remiserunt.

844 863 897 915 5.
931 860 1175 927 Augusto
1206 869 1394 909 mense
1424 852 1660 923 Symeon
1699 848 1963 919 Bulgarns
1996 861 2121 900 cum
2160 857 2354 897 nume-

776 967 902 1006 roso
940 948 1178 1017 fortique
1215 945 1459 999 exercitu
1512 940 1836 1012 Byzantium
1885 938 2041 1008 petit,
2079 935 2355 1003 ductoque

777 1042 921 1096 vallo
942 1057 972 1093 a
1010 1038 1141 1093 mari
1176 1036 1242 1090 ad
1270 1050 1442 1097 mare,
1474 1033 1591 1086 fore
1621 1041 1678 1086 ut
1719 1030 1873 1085 urbis
1902 1027 2200 1099 portiretur
2232 1025 2355 1094 plu-

778 1134 979 1187 rimum
1020 1128 1353 1184 conﬁdebat.
1383 1126 1676 1180 lnnumera
1702 1132 1885 1176 autem
1918 1118 2121 1174 civium
2167 1114 2355 1170 multi-

780 1223 971 1277 tudine
1020 1232 1410 1286 armorumque
1468 1216 1519 1268 vi
1564 1230 1628 1267 ae
1672 1211 2046 1266 munitionum
2103 1205 2358 1277 praesidio

776 1329 872 1385 spe
899 1314 1168 1383 deiectus,
1198 1309 1349 1379 pacis
1383 1306 1590 1362 foedera
1646 1317 1867 1373 rogans,
1900 1301 1966 1355 ad
2015 1297 2357 1354 Hebdomum

779 1419 1036 1461 reversus
1063 1411 1167 1456 est.
1213 1398 1622 1465 Tutoribusque
1656 1395 1711 1448 in
1747 1410 1861 1447 rem
1898 1393 2048 1461 pacis
2090 1387 2359 1444 lubentis-

778 1500 917 1551 sime
965 1492 1360 1556 annuentibus,
1389 1490 1626 1561 Symeon
1664 1486 1935 1554 liberique
1984 1482 2144 1536 donis
2192 1482 2358 1534 innu-

780 1589 949 1642 meris
991 1586 1350 1653 maximisque
1381 1580 1685 1637 liberaliter
1716 1577 1925 1647 accepti
1978 1576 2034 1630 in
2076 1574 2355 1644 regionem

780 1697 935 1737 suam
989 1679 1296 1734 redierunt.

851 1863 903 1915 6.
936 1858 1334 1915 Constantinus
1369 1853 1536 1923 igitur
1560 1852 1860 1921 imperator
1886 1862 2010 1903 cum
2038 1862 2177 1917 puer
2212 1854 2357 1901 esset

2457 653 2623 707 αὐτοῦ
2649 652 3055 721 εὐνουχίσαντες
3092 650 3149 701 ἐν
3204 646 3556 717 Παφλαγονίᾳ
3596 644 3790 706 αὐτοὺς
3814 644 3896 705 εἰς
3936 644 4029 695 τὸν

2458 740 2604 798 οἶκον
2632 744 2813 797 αὐτῶν
2851 742 3200 796 ἀπέστειλαν.

2529 833 2590 887 ε’.
2618 833 2709 904 Τῷ
2751 832 2806 886 δὲ
2862 831 3161 899 Αὐγούστῳ
3221 829 3351 898 μηνὶ
3407 825 3629 896 Συμεὼν
3657 828 3687 879 6
3719 824 4032 893 Βούλγαρος

2461 927 2557 978 σὺν
2594 925 2736 995 ὔχλῳ
2772 924 2929 993 βαρεῖ
2983 921 3251 977 κατέλαϐε
3293 919 3391 989 τὴν
3432 916 4030 979 Κωνσταντινούπολιν,

2459 1018 2554 1071 καὶ⁵
2578 1018 2797 1088 χάρακα
2813 1014 3139 1085 περιέλαϐεν
3168 1012 3277 1066 ἀπὸ
3300 1011 3577 1078 θαλάσσης
3610 1010 3688 1071 είς
3729 1009 4032 1069 θάλασσαν,

2460 1108 2641 1163 ιλπίσι
2688 1108 2960 1177 μετέωρος
2986 1104 3062 1157 ὢν
3085 1121 3098 1135 ·
3127 1104 3448 1171 ἀπειρότητι
3494 1099 3549 1151 δὲ
3581 1102 3646 1169 τῇ
3680 1101 3743 1151 ὲκ
3773 1097 3871 1150 τοῦ
3901 1097 4033 1167 πλή-

2462 1200 2585 1264 θους
2626 1200 2719 1252 καὶ
2767 1198 2875 1252 τῶν
2915 1198 3097 1250 ὅπλων
3151 1193 3386 1247 καὶτῶν
3426 1191 3730 1257 περιϐόλων
3759 1191 4036 1264 ἀσφαλείᾳ

2460 1292 2567 1345 τῶν
2620 1291 2852 1343 ἐλπίδων
2903 1286 3242 1353 ἀποσφαλεὶς
3265 1285 3323 1337 ὲν
3355 1285 3434 1354 τῷ
3482 1284 3730 1355 Ἑϐδόμῳ
3759 1286 4035 1355 ὑπέστρε-

2460 1383 2581 1452 ψεν.
2641 1382 2924 1453 εἰρηνικὰς
2982 1379 3214 1441 σπονδὰς
3263 1379 3651 1447 αἰτησάμενος.
3682 1378 3806 1431 Τῶν
3836 1378 4037 1431 eum.

2461 1475 2679 1544 τρόπων
2730 1472 2826 1544 τὴν
2876 1474 3103 1542 εἰρήνην
3158 1471 3539 1539 ἀσμενέστατα
3588 1469 4037 1538 ἀποδεξαμένων,

2461 1567 2651 1635 δώροις
2677 1583 2735 1619 τε
2774 1566 3037 1634 ἀμέτροις
3067 1564 3159 1617 καλ¹
3209 1564 3486 1633 μεγίστοις
3547 1562 4038 1634 φιλοφρονηθέντες

2463 1657 2686 1727 Συμεὼν
2712 1658 2804 1711 καὶ
2828 1658 2875 1709 οι
2904 1658 3091 1709 τούτου
3138 1656 3245 1708 υἱοὶ
3304 1656 3381 1718 είς
3404 1657 3500 1727 τὴν
3533 1656 3668 1708 ίδτάν
3706 1655 3891 1725 χώραν
3934 1656 4041 1707 ὑπ-

2466 1748 2757 1817 ἐστρέψαν.

2532 1836 2621 1911 [Ρ.
2668 1837 2796 1910 475]
2843 1844 2918 1902 ς’.
2973 1835 3079 1890 Τοῦ
3129 1836 3222 1890 οὖν
3288 1836 3559 1906 βασιλέως
3619 1835 4039 1892 Κωνσταντίνου

784 1963 1127 2021 matremque
1179 1950 1488 2019 requireret
1518 1946 1654 2016 (jam
1698 1945 1845 1999 enim
1887 1939 2194 1996 Alexander
2238 1956 2359 1994 eam

2471 1928 2649 1991 παιδος
2705 1928 2858 1990 ὄντος
2907 1926 3001 1980 καὶ
3041 1926 3139 1997 τὴν
3205 1926 3343 1980 ἰδίαν
3395 1927 3609 1996 μητέρα
3650 1925 4043 1996 ἐπιζητοῦντος

782 2045 905 2099 aula
958 2039 1387 2106 submoverat),
1421 2037 1489 2090 ad
1531 2050 1653 2088 eam
1708 2046 1901 2087 rursus
1957 2038 2208 2084 revocata
2259 2036 2362 2082 est.

784 2136 1028 2206 Ejusque
1079 2132 1171 2185 illa
1205 2145 1267 2185 ac
1311 2127 1526 2197 imperii
1569 2138 1795 2193 compos
1839 2121 2055 2183 ellecta,
2096 2118 2367 2175 Constan—

786 2229 964 2283 tinum
1000 2223 1378 2280 accubitorcm
1420 2226 1475 2273 et
1519 2214 1940 2272 Constantinum
1990 2209 2367 2265 Anastasium—

783 2333 891 2389 que
927 2314 1227 2386 Gongulios
1258 2311 1312 2365 in
1346 2310 1523 2363 aulam
1571 2305 1835 2369 assumit;
1867 2302 2201 2370 Joannisque
2240 2299 2367 2353 Hel-

785 2411 923 2467 Iade
956 2407 1191 2463 consilio
1234 2398 1528 2458 Alexandri
1577 2395 1931 2468 imperatoris
1974 2392 2225 2447 homines
2275 2390 2369 2444 illa

783 2504 953 2575 ejicit,
990 2498 1153 2571 722
1196 2510 1392 2565 nempe
1429 2492 1697 2549 Joannem
1742 2497 2013 2542 rectorem
2060 2492 2115 2539 et
2142 2482 2370 2537 Gabrie-

786 2596 1030 2663 |0pulum
1074 2608 1137 2647 ac
1199 2588 1463 2657 reliquos.
1515 2580 1752 2639 Praelicit
1805 2594 1936 2634 vero
1985 2576 2095 2631 Zoe
2127 2576 2370 2644 Augusta

783 2681 1255 2753 Theophylactum
1318 2671 1601 2731 Domenici
1662 2670 1835 2724 filium
1908 2665 2368 2733 betzerlarcbam:

784 2778 1046 2849 magister
1075 2783 1258 2829 autem
1303 2769 1545 2826 Joannes
1574 2763 1829 2819 Helladas
1858 2760 2051 2815 morbo
2085 2767 2371 2826 correptus

786 2869 931 2923 diem
962 2865 1099 2920 obit.
1122 2860 1535 2931 Theophylacto
1562 2872 1729 2926 porro
1752 2850 2115 2907 hetaeriarcha
2142 2857 2371 2902 auctore

787 2958 897 3012 Zoe
958 2954 1246 3010 Nicolaum
1299 2947 1671 3021 patriarcham
1721 2959 1846 2999 cum
1905 2939 2190 2996 stomacho
2250 2936 2371 2991 aula

787 3050 995 3122 dejicit,
1027 3046 1218 3102 dicens
1263 3042 1509 3098 ecclesiae
1560 3053 1675 3093 sua:
1724 3050 1917 3091 curam
1963 3040 2168 3101 ageret.
2212 3028 2371 3083 Brevi

787 3121 973 3196 autem
1027 3143 1149 3209 post
1190 3132 1587 3189 Constantinus
1628 3128 1915 3183 accubitor
1958 3121 2371 3178 hetaeriarcham

788 3230 1091 3302 majestatis
1121 3225 1301 3281 defert
1324 3223 1469 3294 apud
1496 3221 1683 3283 Zoem,
1715 3219 1871 3289 quasi
1896 3231 2079 3270 rerum
2101 3228 2369 3269 summam

2467 2021 2588 2091 (ἢδη
2622 2021 2728 2091 γὰρ
2784 2020 2991 2089 ταύτην
3046 2019 3329 2089 κατήγαγε
3357 2019 3450 2071 τοῦ
3484 2018 3747 2072 παλατίου
3788 2019 4046 2083 Ἀλέξαν-

2464 2111 2608 2184 δρος)
2653 2109 3039 2176 ἀναϐιϐάζουσι
3097 2111 3260 2163 πάλιν
3293 2111 3486 2181 αὑτήν.
3539 2111 3649 2163 Καὶ
3693 2111 4046 2180 περικρατὴς

2467 2204 2732 2274 γενομένη
2781 2204 2879 2273 τῆς
2930 2202 3209 2273 βασιλείας
3261 2201 3583 2265 ἀναϐιϐάζει
3641 2204 3719 2265 εξς
3779 2201 4048 2254 παλάτιον

2468 2294 2879 2346 Κωνσταντῖνον
2913 2293 3005 2345 τὸν
3053 2293 3556 2363 παρακοιμώμενον
3596 2294 3691 2346 καὶ
3744 2294 4049 2346 Κωνατανν

2467 2389 2610 2438 τῖνον
2664 2386 2758 2438 καὶ
2819 2386 3170 2439 Ἀναστάσιον
3230 2386 3357 2449 τοὺς
3421 2384 3790 2453 Γογγυλίους·
3836 2385 3935 2436 καὶ
3981 2385 4050 2452 τῇ

2470 2477 2631 2548 βουλῇ
2674 2478 2919 2531 Ἰωάννου
2969 2478 3064 2531 τοῦ
3102 2477 3328 2532 Ἑλλαδᾶ
3384 2478 3738 2542 καταϐιϐάζει
3791 2478 3925 2540 τοὺς
3970 2480 4053 2529 oi-

2470 2570 2650 2630 κείους
2698 2570 3050 2640 Ἀλεξάνδρου
3110 2570 3204 2623 τοῦ
3269 2570 3559 2640 βασιλέως,
3597 2572 3762 2640 ἤγουν
3790 2571 4055 2640 Ἰωάννην

2469 2666 2559 2719 τὸν
2621 2667 2884 2738 ραἱκτορα
2936 2668 3031 2721 καὶ
3086 2668 3177 2720 τὸν
3249 2668 3720 2738 Γαϐριηλόπουλον
3777 2672 3879 2721 καὶ
3928 2670 4056 2731 τοὺς

2470 2758 2709 2821 λοιπούς,
2766 2761 3254 2830 Προχειρίζεταιδὲ
3295 2763 3417 2831 Ζωὴ
3446 2764 3478 2830 η
3520 2761 3806 2830 Αὐγούστα
3843 2761 4056 2828 Oeaqu-

2470 2849 2664 2903 λακτον
2726 2851 2818 2903 τὸν
2873 2854 3178 2921 Δομηνίκου
3222 2854 3629 2923 ἐταιρειάρχην.
3707 2855 4057 2923 Ἰωάννηςδὲ

2476 2941 2769 3011 μάγιστρος
2804 2944 2832 2995 6
2878 2942 3135 3007 Ἑλλαδᾶς
3180 2946 3416 3014 νοσήσας
3461 2947 3706 3015 τελευτᾷ.
3758 2945 4056 3015 Συμϐουλῇ

2470 3033 2526 3085 δὲ
2596 3032 2976 3099 Θεοφυλάκτου
3049 3035 3429 3106 ὲταιρειάρχου
3500 3035 3621 3106 Ζωὴ
3689 3036 4061 3099 καταϐιϐάζει

2477 3124 2593 3193 μετ’
2627 3122 2796 3193 ὀργῆς
2825 3125 2933 3178 ἀπὸ
2966 3125 3063 3178 τοῦ
3094 3126 3358 3179 παλατίου
3387 3127 3652 3179 Νικόλαον
3677 3129 4062 3198 πατριάρχην,

2474 3216 2571 3283 τῆς
2633 3217 2766 3279 ίδίας
2837 3217 3135 3287 ἐκκλησίας
3183 3219 3587 3287 περιποιεῖσθαι
3612 3219 3705 3272 καὶ
3744 3220 4065 3288 φροντίζειν

791 3325 847 3378 in
907 3321 1132 3376 fratrem
1178 3331 1339 3372 suum
1399 3312 1698 3368 transferre
1759 3309 2043 3363 moliatur.
2104 3304 2368 3359 Simulate

2475 3306 2724 3360 εἰποῦσα.
2782 3308 2918 3361 Μετ’
2948 3310 3009 3361 οὐ
3045 3309 3179 3362 πολὺ
3212 3310 3267 3361 δὲ
3320 3311 3730 3374 Κωνσταντῖνος
3774 3328 4065 3381 παρακοι-

789 3414 958 3485 igitur
994 3410 1286 3482 patricium
1327 3415 1596 3468 creatum,
1638 3418 1763 3458 cum
1814 3401 1869 3454 in
1912 3397 2203 3454 ecclesiam
2243 3410 2368 3466 pre-

2475 3398 2724 3467 μώμενος
2778 3399 3052 3453 διαϐάλλει
3103 3401 3237 3471 πρὸς
3294 3401 3447 3468 Ζωὴν
3495 3403 3585 3455 τὸν
3645 3405 4044 3475 ἑταιρειάρχην

786 3507 947 3562 cibus
980 3500 1440 3560 communiendus
1494 3513 1561 3553 ex
1603 3510 1755 3549 more
1782 3492 2181 3552 descendisset,
2218 3487 2367 3542 domi

2471 3488 2545 3551 ὡς
2567 3490 2663 3559 τὴν
2713 3491 2994 3560 βασιλείαν
3038 3492 3493 3563 σφετεριζόμενον
3546 3495 3625 3556 είς
3673 3495 3767 3548 τὸν
3825 3497 4067 3563 ἁδελςδν

788 3613 916 3653 eum
950 3609 1170 3651 manere
1200 3592 1382 3663 jussit.
1413 3588 1771 3656 Praefecitque
1806 3584 1915 3639 Zoe
1950 3581 2364 3638 hetaeriarcham

2474 3581 2661 3635 αὐτοῦ.
2711 3582 3164 3653 Προφασιστικῶς
3222 3582 3316 3635 οὖν
3376 3583 3665 3653 πατρίκιον
3700 3585 3870 3638 αὑτὸν
3903 3588 4069 3656 ποιή-

789 3692 1055 3746 Joannem
1105 3683 1389 3747 Garidam,
1438 3679 1795 3738 excubiarum
1846 3690 1978 3731 vero
2013 3671 2367 3744 drungarium

2474 3689 2687 3737 σαντες,
2746 3675 2868 3726 ἐπεὶ
2922 3673 3192 3743 κατῆλθεν
3239 3676 3298 3727 ἂν
3350 3678 3416 3744 τῇ
3478 3676 3747 3748 ἐκκλησία
3804 3679 3886 3736 ὡς
3942 3680 4067 3744 ἔθος

788 3781 1117 3838 Damianum
1148 3777 1486 3834 eunuchum.

2478 3766 2596 3817 ἐστὶ
2635 3766 2823 3817 λαϐεῖν
2875 3767 3063 3837 εὐχὴν,
3112 3769 3252 3821 οἴκοι
3280 3766 3470 3820 τοῦτον
3500 3768 3685 3837 μένειν
3716 3773 4065 3839 παρεκελεύ-

791 3893 942 3930 σατο.
999 3870 1335 3943 Προεϐάλετο
1388 3867 1444 3921 δὲ
1493 3865 1621 3933 Ζωὴ
1673 3860 2058 3934 ἑταιρειάρχην
2102 3859 2357 3928 Ἰωάννην
2407 3856 2499 3908 τὸν
2537 3857 2794 3929 Γαριδᾶν,
2853 3860 2947 3911 καὶ
2995 3859 3359 3930 δρουγγάριον
3390 3860 3489 3931 τῆς
3536 3859 3730 3932 βίγλης
3785 3867 4067 3935 Δαμιανὸν

790 3966 1066 4036 εὐνοῦχον.

858 4062 915 4117 7.
952 4061 1222 4133 Symeone
1252 4067 1433 4113 autem
1468 4057 1704 4127 Bulgaro
1738 4053 2028 4108 Thraciam
2059 4050 2368 4122 populante,

2547 4044 2612 4110 ζ’.
2670 4044 2775 4099 Τοῦ
2804 4046 2859 4099 δὲ
2890 4045 3203 4116 Βουλγάρου
3261 4045 3488 4116 Συμεὼν
3537 4048 3637 4117 τὴν
3679 4046 3910 4119 Θρᾴκην
3941 4049 4068 4120 ληῖο

792 4154 1002 4226 rogavit
1033 4153 1271 4210 Joannes
1306 4151 1479 4220 Bogas
1509 4160 1569 4203 ut
1624 4148 1841 4219 patricii
1884 4154 2080 4200 auctus
2118 4144 2368 4213 dignitate

2480 4137 2749 4206 ζομένου,
2813 4137 3056 4208 ᾐτήσατο
3122 4136 3375 4207 Ἰωάννης
3439 4140 3467 4190 6
3536 4139 3712 4205 Βογᾶς
3768 4141 4070 4209 sta-spina;

791 4246 1109 4303 Patzinacas
1153 4244 1207 4297 in
1250 4243 1403 4296 illum
1442 4240 1649 4294 auxilio
1695 4246 1933 4309 cogeret.
1971 4237 2051 4291 Ad
2086 4252 2223 4307 quos
2255 4251 2368 4290 cum

2478 4228 2848 4297 γενέσθαικαὶ
2874 4230 2994 4282 κατ’
3029 4230 3194 4282 αὐτοῦ
3249 4230 3375 4292 τοὺς
3405 4229 3785 4293 Πατζινάκους
3805 4232 4069 4297 ἀγαγεῖν·

792 4336 1121 4394 muneribus
1170 4334 1454 4404 profectus
1524 4331 1682 4385 duxit
1752 4332 1807 4385 in
1870 4329 2065 4383 urbem
2131 4328 2371 4391 obsides,

792 4429 1055 4501 pollicitis
1084 4426 1344 4480 nimirum
1404 4422 1788 4478 Patzinacibus
1829 4438 1887 4476 se
1924 4422 2252 4490 trajecturos
2293 4419 2373 4473 fa-

794 4531 993 4591 ctaque
1020 4518 1383 4588 impressione
1414 4515 1742 4585 Symeonem
1785 4512 2063 4566 debellatu
2076 4527 2186 4567 ros.

865 4612 918 4667 8.
953 4612 1115 4667 Venit
1140 4625 1315 4681 porro
1348 4609 1401 4663 in
1457 4608 1653 4661 urbem
1681 4615 1736 4662 et
1777 4606 2021 4663 Asotius.
2052 4605 2137 4658 vir
2175 4604 2373 4658 robore

2480 4319 2631 4389 δῶρά
2652 4337 2710 4373 τε
2748 4318 2927 4372 λαϐὼν
2985 4318 3219 4388 ἀπῆλθε,
3271 4318 3365 4373 καὶ
3389 4320 3632 4389 ὁμήρους
3670 4320 3884 4390 ἤγαγεν
3910 4322 3973 4374 ὲν
4003 4325 4069 4390 τῇ

2481 4412 2654 4473 πόλει,
2718 4410 3063 4487 συνθεμένων
3110 4410 3220 4463 τῶν
3270 4410 3625 4474 Πατζινάκων
3681 4412 3929 4482 περᾶσαι
3973 4414 4075 4466 καὶ

2480 4502 2572 4554 τδν
2595 4501 2821 4571 Συμεὼν
2853 4502 3329 4571 καταπολεμῆσαι.

2547 4601 2618 4663 η’,
2652 4594 2995 4663 Παρεγένετο
3022 4594 3077 4646 δὲ
3116 4596 3173 4646 ὲν
3202 4597 3266 4664 τῇ
3303 4594 3456 4647 πόλει
3482 4593 3575 4647 καλ⁸
3602 4594 3890 4658 ’Δσώτιαςο
3926 4598 4075 4667 ἀνὴρ

794 4701 1253 4774 spectatissimus,
1298 4698 1561 4768 principis
1612 4697 1922 4766 principnm
1968 4704 2161 4749 natus:
2213 4708 2368 4763 quem

2474 4689 2568 4741 gn),
2625 4687 2785 4761 ῥώμῃ
2837 4686 3291 4756 ὀνομαστότατος,
3360 4685 3476 4752 υίὸς
3518 4685 3594 4739 ὣν
3652 4686 3747 4739 τοῦ
3795 4689 4075 4759 ἄρχοντος

795 4792 1003 4862 virgam
1046 4789 1281 4844 ferream
1338 4788 1466 4841 hinc
1509 4787 1636 4840 inde
1678 4787 1941 4841 extremis
1971 4785 2240 4855 partibus,
2269 4801 2380 4853 ma-

795 4884 959 4938 nibus
1000 4880 1350 4951 prehensam,
1393 4879 1465 4932 ob
1496 4894 1687 4932 earum
1721 4878 1988 4931 invictum
2022 4877 2192 4930 robur
2225 4876 2382 4930 inﬂe-

796 4983 947 5031 ctere
986 4983 1150 5043 atque
1201 4972 1255 5026 in
1295 4972 1621 5025 circularem
1672 4968 1900 5039 ﬁguram
1957 4968 2221 5022 reducere
2268 4967 2385 5021 aie-

797 5068 951 5128 bant,
1004 5067 1341 5135 obsequente
1391 5078 1651 5117 manuum
1694 5062 1747 5115 vi
1795 5061 1925 5115 ferri
1965 5060 2126 5131 723
2176 5058 2378 5113 duritie

798 5175 863 5215 ac
902 5158 1219 5212 renitentia.
1270 5155 1449 5218 Hunc,
1503 5170 1629 5209 cum
1670 5154 1932 5212 venisset.
1984 5168 2181 5221 magno
2229 5153 2379 5205 cultu

799 5251 1119 5320 honoreque
1158 5256 1469 5317 susceptum
1496 5247 1550 5300 in
1583 5246 1813 5316 patriam
1841 5260 2034 5299 rursus
2058 5244 2338 5299 remisere.

872 5424 924 5477 9.
956 5420 1139 5476 Mense
1175 5435 1307 5474 vero
1332 5418 1665 5488 Septembri,
1693 5418 1993 5475 indictione
2026 5420 2206 5475 tertia.
2232 5421 2377 5476 Pan-

804 5516 1055 5569 cratuces
1076 5511 1368 5566 Armenius
1397 5512 1809 5581 Adrianopolim
1838 5511 2091 5582 Symeoni
2116 5513 2379 5582 prodidit.

806 5603 957 5658 Haud
984 5603 1077 5655 diu
1110 5611 1236 5671 post
1266 5603 1466 5656 missus
1490 5602 1721 5657 Basilius
1746 5602 2012 5672 patricius
2043 5619 2167 5657 cum
2200 5603 2387 5657 multis

807 5694 1130 5748 muneribus
1152 5709 1273 5748 eam
1310 5694 1481 5764 ipsam
1537 5695 1764 5765 recepit.
1799 5695 1963 5752 Venit
2002 5710 2224 5766 quoque
2278 5696 2383 5749 Da-

2476 4781 2583 4832 τῶν
2638 4782 2951 4851 ἀρχόντωνο
3010 4779 3069 4830 ὃν
3127 4796 3261 4845 φασι
3311 4777 3538 4847 σιδηρᾶν
3591 4777 3787 4849 ῥάϐδον
3836 4781 3904 4831 ὲκ
3963 4781 4081 4832 τῶν

2479 4873 2665 4940 ἄκρων
2730 4870 3011 4938 ἑκατέρων
3077 4869 3385 4938 κρατοῦντα
3430 4873 3551 4933 ταῖς
3601 4871 3760 4939 χερσὶ
3792 4875 3858 4938 τῇ
3893 4873 4080 4943 ὑπερ-

2483 4961 2753 5031 ϐαλλούσῃ
2807 4960 2945 5029 ἀλκῇ
3000 4959 3364 5027 διακάμπτειν
3409 4960 3505 5011 καὶ
3556 4961 3691 5030 πρδς
3715 4962 3777 5011 τὸ
3802 4962 4082 5015 κυκλικὸν

2488 5055 2674 5123 σχῆμα
2725 5053 3092 5121 μεταγαγεῖν,
3140 5051 3241 5119 τῆς
3291 5051 3585 5106 ἀντιτύπου
3642 5050 3794 5103 τοῦθ⁶
3846 5054 4081 5124 σιδήρου

2487 5146 2702 5214 φύσεως
2748 5148 2813 5213 τῇ
2844 5144 2933 5213 βίᾳ
2987 5144 3096 5196 τῶν
3130 5143 3330 5212 χειρῶν
3360 5142 3715 5212 ὑπεικούσης.
3752 5145 3849 5196 Ὃν
3887 5162 4083 5215 παρα-

2487 5236 2778 5305 γενόμενον
2804 5237 2942 5303 μετὰ
2982 5234 3185 5300 πολλῆς
3210 5234 3376 5301 τιμῆς
3409 5234 3741 5299 ὑπεδέξαντο
3770 5236 3870 5288 καὶ
3904 5239 4081 5291 πάλιν

2487 5328 2566 5390 εἰς
2589 5329 2685 5395 τὴν
2716 5327 2849 5379 ἰδίαν
2880 5327 3064 5396 χώραν
3091 5326 3425 5394 ἐξέπεμψαν.

2560 5416 2624 5472 0'.
2684 5419 2772 5487 Τῷ
2828 5419 2883 5471 δὲ
2939 5416 3299 5486 Σεπτεμϐρίῳ
3352 5417 3481 5485 μηνὶ
3514 5457 3529 5479 ,
3593 5417 3933 5482 ίνδικτιῶνος
3985 5429 4082 5487 γ’,

2490 5511 2927 5579 Παγκρατούκας
2987 5511 3017 5562 6
3091 5508 3381 5577 Ἀρμένιος
3442 5509 3540 5577 τὴν
3623 5509 4084 5579 Ἀδριανοὺπολιν

2492 5603 2567 5672 τῷ
2603 5601 2830 5672 Συμεὼν
2880 5602 3241 5672 προδέδωκεν.
3279 5600 3411 5654 Μετ’
3441 5601 3502 5654 οὗ
3532 5600 3667 5654 πολῦ
3695 5602 3751 5654 δὲ
3784 5605 4082 5672 ἀπεστάλη

2493 5696 2774 5757 Βασίλειος
2822 5696 2850 5748 ὁ
2898 5693 3186 5763 πατρίκιος
3244 5693 3380 5762 μετὰ
3432 5690 3621 5762 δώρων
3681 5692 3929 5761 πολλῶν,
3984 5700 4086 5751 καὶ

2081 5787 2314 5842 ΥΑΙῖΙπΕ
2359 5786 2762 5843 LECTIONES.

873 5890 919 5923 οδ
961 5885 1049 5939 τοζ
1087 5902 1195 5939 οιιι.
1234 5885 1291 5939 P.
