4174 6442
133 406 240 468 785
945 416 1310 476 ANNALES.
1355 442 1421 453 -
1455 417 2033 483 CONS'I‘ANTINUS
2066 428 2643 492 PORPIIYROGEN.
3288 442 3391 500 786

131 515 326 568 ἰλαδεν
374 517 567 587 αὑτήν.
617 514 787 572 Ἦλθε
849 522 905 575 δι
957 526 1053 577 καὶ
1113 525 1439 593 Δαμιανδςό
1488 526 1692 595 ἀμηρᾶς

1815 530 2030 585 mianus
2077 536 2305 591 Ameras
2351 554 2473 594 cum
2520 541 2696 595 classe
2732 542 2785 595 in
2813 543 3164 613 Strobclum;
3197 566 3261 604 ac
3297 554 3401 606 nisi

133 607 275 674 μετὰ
336 607 523 661 στόλου
566 611 644 673 είς
697 611 1019 682 Στρόϐηλον,
1054 614 1146 667 καὶ
1174 614 1377 684 ταύτην
1409 616 1692 684 παρέλαϐεν

1824 624 2015 676 morbo
2050 638 2363 696 correptum
2395 645 2543 686 mors
2573 632 2909 696 sustulisset,
2959 639 3119 704 plane
3148 642 3266 709 ejus
3308 659 3401 711 po-

126 697 219 764 ἀν,
248 701 298 752 εί
333 702 407 771 μὴ
436 704 670 773 νοσήσας
732 704 1102 775 ἐτελεύτησεν,
1147 708 1243 759 καὶ
1282 710 1692 780 ἀπεστράφησαι

1823 714 1955 769 titus
1987 728 2152 771 esset.
2204 720 2542 791 Reversique
2581 734 2709 779 sunt
2761 740 2821 781 re
2870 727 3068 783 infecta
3120 731 3398 787 Saraceni.

126 796 173 846 οἱ
210 795 522 866 Σαρακηνοὶ
579 798 850 869 διακενῆς.
883 803 944 854 Οἱ
968 803 1025 854 δὲ
1062 804 1160 871 τῆς
1209 802 1457 866 Ἑλλάδος
1487 805 1580 856 καὶ
1604 806 1692 858 τῶε

1822 809 2012 863 Atticae
2041 827 2171 863 vero
2202 813 2649 885 Athenarumquc
2691 820 2882 873 incola:
2906 837 3027 873 cum
3064 824 3221 892 juges
3262 826 3397 895 inju-

141 886 392 955 ’Λθηνῶν
445 892 729 959 οίκήτορες
793 894 1032 961 συνεχῶς
1088 895 1515 963 ἐπηρεαζόμενοι
1565 916 1692 967 παρ(

1818 900 1928 953 rias
1959 900 2265 971 damnaque
2303 921 2331 959 a
2368 906 2545 961 Chase
2577 910 2729 965 Juba“:
2774 911 2888 964 ﬁlio
2913 915 3249 982 acciperent.
3299 935 3399 972 nec

127 978 280 1030 Χασὲ
351 979 469 1031 υἱοῦ
526 981 617 1033 τοῦ
652 982 853 1053 Ίούόη,
895 982 976 1055 [Ρ.
1000 983 1126 1057 476]
1156 986 1255 1055 τὴν
1286 987 1451 1039 αὑτοῦ
1477 990 1692 1041 άσωτέαε

1817 990 1917 1043 viri
1980 993 2251 1046 luxuriam
2304 1011 2367 1049 ac
2428 997 2791 1053 insatiabilem
2847 1003 3205 1070 cupiditatem
3255 1009 3398 1063 ferre

129 1067 226 1119 καὶ
286 1068 593 1134 ἀπληστίαν
636 1070 709 1139 μὴ
764 1071 1101 1140 ἐνεγκόντες,
1143 1074 1290 1128 ἔνδον
1322 1077 1416 1128 τοῦ
1458 1078 1515 1129 ὲν
1555 1080 1684 1148 Ἀθη

1813 1082 2049 1149 amplius
2105 1095 2348 1151 possent.
2406 1089 2637 1143 Athenis
2707 1091 2760 1145 in
2827 1067 3061 1150 ecclesia
3124 1098 3397 1166 lapidibus

129 1176 253 1220 ναις
284 1160 416 1211 ναοῦ
434 1161 600 1222 λίθοις
632 1163 885 1229 βαλόντες
909 1166 1142 1222 ἀνεῖλον.

1813 1172 2076 1227 obrutum
2124 1190 2429 1244 peremere.

200 1246 251 1300 ι’.
304 1251 419 1322 Τὴν
481 1252 617 1305 κατὰ
668 1255 1008 1319 Χριστιανῶν
1057 1259 1287 1327 ἔπαρσιν
1340 1263 1433 1315 τοῦ
1487 1264 1709 1332 Συμεὼν

130 1338 407 1406 βλέπουσα
459 1344 579 1411 Ζωὴ
633 1344 945 1413 βουλεύεται
993 1349 1132 1419 μετά
1160 1352 1269 1402 τῶν
1300 1354 1359 1404 ὲν
1379 1354 1706 1410 τέλειάλλάο

125 1448 251 1499 γιον
272 1435 369 1486 καὶ
395 1437 614 1503 εἰρήνην
646 1436 783 1504 μετά
801 1438 909 1490 τῶν
942 1440 1255 1510 ’Λγαρηνῶν
1283 1443 1702 1513 διαπράξασθαι,

124 1522 453 1592 διαπερᾶσαι
482 1526 536 1579 δὲ
565 1528 739 1580 πάντα
760 1528 849 1580 τὸν
870 1531 968 1596 τῆς
1007 1532 1292 1601 ’Λνατολῆς
1319 1538 1547 1604 στρατὸν
1571 1539 1703 1608 πρὸς

125 1615 184 1666 τὸ
242 1619 696 1689 καταπολεμῆσαι
755 1620 847 1673 τὸν
893 1623 1139 1690 Συμεών.
1174 1626 1475 1697 Ἀπεστάλη
1519 1628 1611 1683 οὖν
1645 1634 1701 1683 ἐν

126 1708 190 1775 τῇ
216 1707 393 1778 Συρίᾳ
450 1712 584 1779 πρὸς
610 1711 669 1763 τὸ
701 1714 923 1781 ποιῆσαι
973 1713 1231 1781 ἀλλάγιον
1300 1716 1549 1789 Ἰωάννης
1592 1739 1690 1773 παι

1886 1267 1973 1318 10.
2011 1266 2300 1336 Symeonis
2331 1270 2599 1328 adversus
2628 1274 2975 1333 Christianos
3008 1280 3148 1334 altos
3183 1281 3399 1338 animos

1809 1370 1871 1409 ac
1902 1358 2213 1423 superbiam
2249 1375 2482 1415 cernens
2511 1363 2617 1419 Zoe
2643 1368 2907 1435 Augusta,
2940 1368 3241 1437 habitoque
3271 1388 3395 1426 cum

1807 1448 2165 1515 optimatibus
2214 1452 2471 1515 consilio,
2520 1455 2812 1511 ineundam
2862 1475 3052 1527 pacem
3104 1462 3395 1533 fmdusque

1805 1542 2227 1609 percutiendum
2290 1561 2415 1600 cum
2468 1546 2759 1605 Saracenis
2809 1553 3041 1617 statuit;
3093 1570 3398 1625 omnesque

1803 1646 1901 1699 per
1927 1632 2109 1686 Asiam
2141 1635 2409 1691 militares
2433 1638 2548 1691 alas
2568 1638 2884 1694 debellandi
2904 1657 3070 1697 causa
3102 1646 3393 1714 Symeonis

1800 1729 2115 1783 evocandas
2178 1730 2344 1798 inque
2411 1732 2689 1801 Europam
2765 1738 3138 1805 trajiciendas.
3199 1742 3398 1796 Missus

127 1798 335 1864 τρίκεος
358 1801 386 1850 6
408 1798 661 1870 Ῥαδηνὸς
680 1800 773 1854 καὶ
788 1802 1004 1874 Μιχαὴλ
1029 1804 1057 1855 6
1079 1802 1342 1871 Τοξαρᾶς.
1373 1808 1459 1861 ’Γά
1488 1810 1692 1878 θέματα

1802 1819 1989 1886 itaque
2013 1820 2067 1873 in
2102 1821 2316 1889 Syriam
2349 1822 2444 1891 qui
2474 1798 2595 1877 eam
2625 1840 2815 1893 pacem
2842 1798 3200 1900 induciasque
3247 1849 3397 1888 com-

122 1884 176 1938 δὲ
217 1887 401 1939 πάντα
451 1890 919 1964 φιλοτιμησαμένη
985 1896 1122 1965 πρὸς
1185 1899 1285 1967 τὴν
1338 1899 1562 1971 Θρᾴκην
1620 1905 1692 1956 δι-

1901 1878 1912 1886 .
2144 1878 2160 1889 ,
2367 1878 2381 1891 .
2626 1878 2639 1893 .
2768 1878 3198 1900 ιμήν-Ἴ--
3248 1878 3367 1888 νν...

1803 1922 2063 1979 poneret.
2118 1912 2359 1966 Joannes
2426 1917 2691 1983 patricius
2751 1918 3071 1980 Rhadcnus.
3128 1938 3233 1978 nec
3283 1940 3391 1979 non

126 1978 423 2046 επέρασεν,
455 1982 686 2045 Λέοντος
731 1987 1033 2057 μαγίστρου
1056 1990 1147 2042 τοῦ
1170 1992 1336 2045 Φωκᾶ
1380 1993 1700 2062 δομεστίκου

125 2070 507 2138 τυγχάνοντος,
550 2066 595 2141 ᾧ
652 2076 842 2146 ἀνδρία
893 2079 1152 2151 μᾶλλονῆ
1200 2084 1521 2156 ὲπιστατικὴ
1567 2089 1701 2159 φρόο

124 2175 280 2227 νησις
352 2164 766 2230 προσανέκειτο.
796 2170 858 2223 Oi
884 2169 976 2223 οὖν
1038 2176 1335 2244 στρατηγοὶ
1362 2178 1455 2229 καὶ
1510 2179 1702 2248 ἄρχον-

119 2266 208 2312 τες
237 2253 446 2316 πάντες
484 2254 583 2326 τὴν
611 2258 691 2321 είς
725 2257 984 2330 ἀλλήλους
1005 2264 1257 2331 ὁμόνοιαν
1289 2267 1700 2335 ὲπισφίγγοντες

120 2342 178 2393 ἐν
209 2345 329 2405 τοῖς
376 2346 580 2414 τιμίοις
632 2348 814 2413 ξύλοις
856 2350 1082 2421 ὤμοσαν
1112 2356 1205 2407 καὶ
1234 2356 1327 2408 τοῦ
1355 2358 1517 2428 ὅρκου
1545 2376 1698 2426 γενο-

122 2431 284 2497 μένου
345 2439 678 2507 πανστρατεὶ
730 2438 1080 2511 ἐξώρμησαν.
1140 2439 1353 2513 Ἦρχον
1372 2446 1428 2497 δὲ
1472 2447 1563 2500 τοῦ
1603 2452 1701 2517 μὲν

118 2520 403 2589 τάγματος
438 2524 548 2580 τῶν
591 2528 918 2593 ὲξκουϐίτων
954 2531 1205 2602 Ἰωάννης
1234 2537 1261 2586 6
1292 2535 1541 2604 Γράψων,
1605 2539 1698 2592 τοῦ

118 2612 171 2664 δὲ
231 2613 494 2671 ίκανάτου
525 2620 669 2673 ὁτού
727 2621 988 2693 Μαρούλη
1040 2624 1186 2687 υίόςο
1228 2625 1511 2696 Ῥωμανὸς
1563 2630 1620 2683 δὲ
1671 2633 1698 2685 6

133 2706 402 2776 ’Δργυρὺς
453 2715 777 2782 εστρατήγει
834 2716 929 2768 καὶ
982 2716 1135 2771 Λέων
1176 2719 1204 2771 6
1255 2719 1480 2787 ἀδελφὸς
1536 2724 1698 2775 αὐτοῦ

120 2800 212 2848 καὶ
274 2799 491 2869 Βᾶρδις
512 2804 539 2854 6
567 2804 782 2871 Φωκᾶς,
808 2800 889 2869 οἷς
923 2809 1090 2879 συνῆν
1116 2810 1211 2864 καὶ
1247 2813 1276 2865 6
1317 2812 1521 2877 Μελίας
1562 2814 1702 2885 μετά

118 2889 228 2940 τῶν
258 2889 584 2959 Ἀρμενίων.
622 2895 797 2966 Συνῆν
818 2897 874 2951 δὲ
909 2898 1001 2951 καὶ
1040 2900 1450 2969 Κωνσταντῖνος
1504 2905 1699 2975 πατρί-

118 2997 235 3044 κιος
256 2985 285 3035 6
308 2982 421 3053 Λὶψ
452 2986 703 3053 Λεόντιος
722 2989 770 3023 θ’
825 2990 1129 3063 σύμϐουλος
1155 2996 1305 3066 αὐτῷ
1330 2998 1389 3050 ὲν
1420 3001 1555 3052 πᾶσι
1587 3002 1702 3065 τοῖς

116 3072 416 3144 ἀνήκουσιν
461 3076 557 3133 ῶν.
598 3081 744 3151 Μηνὶ⁷
797 3081 854 3136 δὲ
908 3085 1205 3158 Αὐγούστῳ
1241 3086 1288 3141 κ’
1321 3090 1701 3161 ἑπινεμήσεως

1805 2003 2033 2058 Michael
2080 2005 2342 2059 Toxaras.
2380 2006 2732 2078 Cunctasque
2767 2011 2874 2066 Zoe
2909 2012 3158 2081 legiones
3188 2016 3393 2072 libera-

1804 2094 1931 2149 liter
1965 2096 2196 2151 donatas
2220 2097 2273 2150 in
2308 2098 2597 2152 Thraciam
2628 2103 2861 2169 trajecit.
2896 2105 3159 2173 magistro
3208 2108 3392 2162 Leone

1804 2186 1984 2240 Phoca
2043 2188 2358 2241 scholarum
2411 2189 2748 2257 domestico,
2801 2194 2919 2247 viro
2968 2195 3141 2265 magis
3191 2197 3389 2254 robore

1803 2279 2086 2346 spectabili
2113 2296 2276 2347 quam
2305 2281 2527 2336 militari
2550 2282 2819 2353 ducisque
2836 2286 3147 2354 prudentia.
3193 2288 3388 2343 Cuncti

1804 2370 1986 2436 itaque
2039 2371 2208 2425 duces
2259 2379 2315 2425 et
2371 2374 2601 2437 tribuni,
2632 2386 2821 2431 mutua
2870 2378 3013 2432 inter
3060 2395 3118 2434 se
3172 2380 3383 2435 firmata

1801 2461 2117 2525 concordia,
2137 2464 2362 2533 ejusque
2382 2480 2440 2518 se
2469 2466 2677 2520 arctius
2699 2467 2934 2527 vinculis
2959 2470 3387 2541 adstringentes,

1801 2550 2065 2604 adhibitis
2110 2554 2527 2608 venerabilibus
2589 2557 2752 2625 lignis
2795 2570 3195 2615 sacramentum
3236 2564 3383 2619 feceo

1803 2652 1967 2706 runt;
1997 2658 2110 2711 quo
2148 2654 2374 2711 peracto
2399 2645 2549 2701 omni
2584 2658 2848 2717 apparatu
2881 2649 2935 2703 in
2967 2651 3133 2723 ’124
3169 2651 3385 2712 hostem

1800 2733 1974 2789 aciem
2006 2733 2268 2792 eduxere.
2304 2735 2584 2801 Praeerant
2617 2748 2802 2793 autem
2839 2742 3219 2799 excubitorum
3266 2755 3384 2800 tur-

1802 2838 1903 2877 ma:
1933 2824 2174 2880 Joannes
2216 2824 2487 2894 Grapson,
2518 2827 2769 2887 ilicanati
2814 2830 3039 2887 Marulis
3071 2831 3236 2888 filius.
3279 2834 3383 2889 Du-

1802 2922 1985 2968 ctores
2030 2916 2309 2970 exercitus
2351 2925 2508 2970 erant
2545 2918 3106 2992 RomanusArgyrus
3154 2925 3383 2994 ejusque

1802 3003 1970 3059 frater
2003 3004 2115 3059 Leo
2145 3015 2201 3061 et
2228 3006 2435 3065 Bardas
2466 3009 2693 3063 Phocas.
2722 3010 2924 3065 Aderat
2959 3023 3015 3067 et
3038 3013 3226 3069 Mclias
3258 3030 3380 3071 cum

1803 3096 2098 3159 Armeniis.
2153 3098 2257 3154 Sed
2298 3109 2354 3156 et
2399 3099 2795 3157 Constantinus
2840 3105 2969 3159 Afer
3021 3122 3145 3161 cum
3200 3107 3383 3164 Leone

113 3166 473 3267 ε’όπόλεμος
525 3173 727 3239 μεταξὺ
785 3175 1109 3248 Βουλγάρων
1170 3197 1230 3233 τε
1273 3183 1364 3235 καὶ
1407 3183 1692 3254 Ῥωμαίων

1801 3187 1961 3251 duce,
1992 3190 2048 3245 in
2067 3192 2333 3247 munibus
2351 3207 2473 3259 quae
2497 3194 2810 3248 attinebant
2851 3198 3082 3252 consilio
3109 3199 3383 3255 affuturus

116 3256 250 3324 πρὸς
272 3256 353 3326 τῷ
396 3259 649 3330 Ἀχελώῳ
686 3265 921 3335 ποταμῷ
952 3270 1385 3340 συγκεκρότηται
1414 3288 1428 3301 ·
1457 3275 1550 3326 καὶ
1583 3272 1691 3340 (οἶα

113 3349 180 3402 τὰ
202 3349 344 3403 Θεοῦ
411 3354 737 3425 κρίματαίι)
763 3358 973 3424 γίνεται
1031 3360 1214 3429 σφαγὴ
1266 3362 1353 3417 οἷα
1407 3363 1467 3429 ἐξ
1495 3364 1689 3429 αἰῶνος

109 3439 168 3490 οὐ
198 3440 425 3506 γέγονεν
453 3459 468 3474 ’
524 3444 675 3498 Λέων
703 3445 760 3500 δὲ
790 3449 878 3501 6"
904 3449 1039 3515 Δοὺξ
1094 3453 1152 3503 ὲν
1209 3453 1547 3524 Μεσημϐρίᾳ
1609 3455 1689 3509 δι-

106 3533 294 3601 εσώθη
361 3534 569 3601 φυγών.
613 3536 855 3608 Ἐσφάγη
898 3540 954 3594 δὲ
1004 3541 1140 3612 πρὸς
1162 3546 1273 3605 τοῖς
1320 3545 1501 3609 ἄλλοις
1535 3547 1592 3599 ὲν
1622 3550 1688 3620 τῇ

106 3622 201 3677 τοῦ
226 3625 470 3693 πολέμου
493 3629 734 3698 συμϐολῇ
764 3632 1174 3696 Κωνσταντῖνος
1196 3638 1222 3688 6
1240 3636 1348 3706 Λὶψ
1385 3638 1479 3691 καὶ
1516 3639 1692 3693 Ἰωάν⁸

106 3735 205 3784 νης
247 3720 275 3769 6
330 3718 370 3769 Γ
376 3719 563 3788 ράψων
621 3721 715 3774 καὶ
781 3722 933 3777 ἄλλοι
1002 3724 1111 3777 τῶν
1170 3729 1447 3797 ἀρχόντων
1493 3731 1683 3784 ἱκανοί.

118 3809 434 3879 Ἀπεστάλη
473 3812 530 3864 δὲ
564 3812 845 3882 Ῥωμανὸς
876 3816 1165 3885 πατρῖκιος
1204 3820 1299 3871 καί
1330 3819 1686 3893 δρουγγάριος

108 3902 223 3953 τῶν
259 3903 527 3972 πλωῖμων
580 3905 718 3973 μετὰ
745 3906 947 3969 παντὸς
976 3906 1069 3960 τοῦ
1095 3911 1283 3964 στόλου
1311 3913 1367 3964 ὲν
1392 3912 1468 3982 τῷ
1488 3918 1688 3969 Δανού-

106 3993 207 4061 δίῳ
256 3996 491 4067 ποταμῴ
549 3996 834 4068 βοηθήσων
863 4000 1053 4056 Λέοντι
1084 4002 1159 4073 τῷ
1181 4006 1374 4076 Φωκᾷο
1406 4007 1541 4060 ἀλλὰ
1593 4010 1688 4061 καὶ

117 4088 375 4157 Ἰωάννης
434 4089 462 4139 6
527 4088 703 4155 Βογᾶς
768 4094 1107 4159 καταγαγεῖν
1165 4094 1561 4162 Πατξινάκους,
1611 4098 1686 4162 ὡς

103 4180 347 4251 εἴρηται,
407 4180 791 4245 κελευσθέντος
834 4182 928 4236 τοῦ
980 4184 1343 4258 δρουγγαρίου
1407 4189 1685 4258 Ῥωμανοῦ

101 4272 462 4343 διαπερᾶσαι.
488 4274 579 4333 Et;
617 4271 795 4344 μάχας
813 4273 869 4327 δὲ
901 4274 1189 4340 ἐλθόντων,
1222 4279 1460 4348 ὁρῶντες
1490 4284 1688 4346 αὐτοὺς

103 4365 154 4417 οί
184 4365 519 4428 Πατζινάκοι
552 4366 936 4430 στασιάζοντας
984 4366 1347 4440 ὑπεχώρησαν
1373 4372 1533 4434 εἱςτά
1561 4374 1683 4427 ἴδια.

105 4458 214 4511 Τοῦ
242 4457 301 4511 δὲ
336 4457 574 4527 πολέμου
624 4458 725 4531 ήδη
781 4458 934 4522 τέλος
968 4458 1263 4531 λαϐόντοςά
1292 4465 1386 4516 καὶ
1418 4465 1681 4537 ύποστρέσ

1795 3289 1939 3335 erat.
1963 3281 2164 3336 Mensis
2194 3281 2379 3351 itaque
2402 3282 2633 3354 Augusti
2658 3285 2747 3340 die
2777 3287 3055 3356 vigesima,
3078 3288 3381 3345 indictione

1795 3374 1985 3442 quinta
2008 3414 2022 3437 ,
2054 3383 2312 3428 conserta
2370 3385 2549 3445 pugn‘a
2595 3376 2855 3447 Bulgaros
2898 3378 3043 3434 inter
3077 3382 3379 3437 Romanos-

1793 3480 1921 3535 que,
1965 3466 2205 3536 datoque
2245 3467 2454 3536 impetu
2504 3468 2572 3523 ad
2624 3468 2926 3524 Acheloum
2969 3470 3194 3526 ﬂuvium
3233 3473 3378 3543 (quas

1794 3557 1891 3611 Dei
1933 3557 2222 3627 judicia!)
2252 3567 2461 3629 strages
2509 3558 2658 3615 edita
2715 3571 2819 3623 est,
2862 3563 3039 3631 qualis
3090 3580 3119 3617 a
3173 3566 3375 3619 sacculo

1794 3649 1942 3704 nulla
1987 3649 2112 3703 fuit.
2156 3649 2266 3703 Leo
2306 3650 2416 3704 dux
2459 3650 2582 3721 fuga
2626 3652 2681 3705 in
2723 3652 3102 3709 Mesembriam
3145 3658 3373 3711 salutem

1792 3737 2089 3807 expedivit.
2126 3737 2184 3791 in
2218 3738 2332 3807 ipsa
2378 3738 2492 3793 acie
2518 3778 2523 3785 .
2548 3740 2694 3799 inter
2739 3740 2877 3794 alios
2910 3741 3177 3811 perempti
3224 3740 3374 3796 Con-

1792 3826 2064 3879 stantinus
2099 3824 2228 3880 Afer
2268 3835 2323 3879 et
2354 3826 2593 3883 Joannes
2646 3826 2896 3897 Crapson
2958 3829 3179 3898 aliique.
3204 3830 3373 3884 multi

1791 3934 2053 3988 proceres
2084 3933 2148 3973 ac
2175 3918 2404 3975 tribuni.
2450 3920 2727 3981 Romanus
2759 3937 2926 3990 porro
2975 3922 3239 3991 patricius
3269 3939 3370 3978 na-

1792 4012 2104 4081 vaiiumque
2140 4012 2467 4081 drungarius
2510 4029 2635 4067 cum
2670 4014 2819 4067 omni
2862 4015 3038 4069 classe
3077 4016 3145 4070 ad
3186 4016 3370 4071 Danu-

1791 4103 1941 4159 bium
1967 4104 2166 4158 missus
2193 4103 2393 4168 fuerat,
2425 4104 2593 4159 Leoni
2631 4106 2827 4161 leca:
2856 4106 3032 4162 iturus
3055 4108 3366 4178 suppetias:

1792 4194 1887 4249 sed
1925 4203 1981 4248 et
2008 4192 2247 4248 Joannes
2283 4194 2475 4263 Bogas,
2507 4195 2599 4263 qui
2628 4195 2967 4260 Patzinacas,
2994 4197 3071 4250 uti
3100 4197 3307 4252 dictum
3337 4216 3369 4252 a

1792 4285 1952 4340 nobis
1998 4293 2103 4348 est,
2147 4284 2488 4339 adducturus
2526 4295 2709 4351 esset;
2742 4303 2973 4356 quorum
3021 4288 3370 4359 trajicieudo-

1794 4392 1915 4429 rum
1966 4376 2213 4430 Romano
2261 4377 2557 4445 drungario
2596 4392 2796 4431 munus
2840 4379 3203 4435 incumberet.
3236 4380 3371 4435 Orto

1792 4485 1923 4524 vero
1966 4469 2115 4523 inter
2159 4485 2255 4523 eos
2301 4470 2556 4532 dissidio,
2592 4471 2843 4524 videntes
2876 4471 3190 4525 Patzinaces
3224 4472 3371 4541 ipsos

101 4548 309 4618 ψαντος
344 4551 402 4602 ἐν
427 4552 494 4621 τῇ
524 4550 675 4604 πόλει
728 4549 823 4603 τοῦ
855 4567 914 4603 τε
972 4552 1254 4623 Ῥωμανοῦ
1288 4556 1496 4611 καὶτοῦ
1519 4536 1683 4627 Βογᾶ,

1797 4560 2159 4630 digladiantes
2210 4558 2277 4613 ad
2325 4575 2422 4615 sua
2464 4560 2789 4614 discessere.
2848 4560 2965 4615 Jam
3007 4569 3186 4614 autem
3226 4536 3369 4616 bello

102 4642 225 4695 κατ’
285 4641 470 4695 αὐτῶν
527 4642 783 4712 ἐκίνησεν
849 4646 881 4713 η
939 4644 1113 4710 πόλις,
1161 4647 1254 4699 καὶ
1318 4648 1395 4707 είς
1433 4649 1686 4704 τοσοῦτον

103 4736 355 4790 κίνδυνον
408 4734 501 4787 τὸν
562 4735 922 4806 δρουγγάριον
982 4736 1261 4807 Ῥωμανδν
1324 4740 1686 4811 περιέστησαν

102 4828 246 4881 ὥστε
275 4824 377 4895 τὴν
410 4823 521 4877 τῶν
581 4824 879 4894 ὀφθαλμῶν
910 4826 1167 4900 στέρησιν
1194 4828 1682 4899 καταδικασθῆναι,

103 4920 177 4979 ὡς
213 4917 474 4989 ἀμελείᾳ,
515 4918 717 4986 μᾶλλον
774 4917 829 4971 δὲ
874 4919 1182 4990 κακουργία
1238 4921 1312 4991 μὴ
1358 4920 1684 4993 διαπερᾶσαι

102 5015 229 5076 τοὺς
293 5010 689 5078 Πατζινάκους,
733 5011 867 5082 μηδὲ
892 5012 1021 5075 τοὺς
1043 5012 1343 5082 φεύγοντας
1380 5014 1685 5086 Ῥωμαίους

100 5108 160 5157 ἐν
186 5105 305 5165 τοῖς
354 5103 559 5166 πλοίοις
598 5102 976 5170 ὑποδέξασθαι.
1036 5104 1146 5158 Καὶ
1168 5103 1328 5158 τοῦτο
1359 5104 1425 5160 ἂν
1455 5107 1684 5160 ἐπεπόν-

101 5199 205 5259 θει,
273 5196 358 5269 [Ρ.
391 5192 520 5269 477]
551 5196 599 5248 εί
630 5196 707 5266 μὴ
747 5196 900 5267 παρά
949 5198 1365 5255 Κωνσταντίνου
1396 5203 1682 5274 πατρικίου

102 5289 197 5342 τού
249 5286 504 5357 Γογγύλη
556 5288 650 5340 καὶ
695 5288 969 5357 Στεφάνου
1001 5291 1302 5362 μαγίστρου
1330 5293 1499 5348 πολλά
1527 5295 1687 5348 δυνα-

108 5383 291 5450 μένων
342 5380 494 5452 παρὰ
523 5382 588 5450 τῇ
643 5380 930 5453 Αύγούστῃ
989 5383 1058 5436 τά
1110 5385 1211 5454 τῆς
1246 5385 1541 5456 καταδίκης
1589 5389 1685 5441 άν-

105 5471 347 5542 ετράπη.

177 5566 271 5614 ια’.
324 5559 449 5613 Τῶν
487 5559 543 5614 δὲ
573 5559 897 5634 Βουλγάρων
951 5564 1110 5634 μέχρι
1172 5565 1269 5635 τῆς
1329 5566 1535 5633 πόλεως
1588 5572 1682 5624 ἐκ·

107 5653 561 5725 στρατευσάντων
609 5654 801 5727 ἐξῆλθε
857 5656 1007 5712 Λέων
1066 5656 1096 5710 6
1142 5657 1263 5725 δοὺξ
1314 5658 1421 5713 τῶν
1477 5661 1683 5733 σχολῶν

1794 4653 2069 4716 absoluto,
2119 4667 2244 4706 cum
2287 4652 2565 4705 Romanus
2600 4651 2877 4720 Bogasque
2921 4651 2974 4703 in
3030 4651 3221 4705 urbem
3281 4667 3367 4704 τες

1794 4743 1940 4816 versi
1970 4748 2177 4804 essent,
2215 4740 2269 4794 in
2300 4756 2394 4795 eos
2429 4740 2759 4794 tumultuata
2811 4740 3007 4794 civitas
3030 4748 3150 4803 est;
3190 4755 3367 4809 eoque

1794 4833 2128 4889 discriminis
2184 4834 2490 4888 Romanum
2552 4833 2908 4904 drungarium
2966 4832 3244 4888 adduxere
3308 4844 3369 4887 ut

1793 4928 2105 4983 amissionis
2152 4929 2437 4982 oculorum
2465 4928 2759 4982 damnatus
2800 4927 2892 4989 sit,
2947 4928 3097 4981 velut
3136 4926 3227 4997 qui
3267 4943 3366 4981 ne-

1793 5020 2073 5091 gligentia,
2125 5020 2182 5074 ni
2238 5020 2425 5090 potius
2477 5021 2717 5089 maligno
2777 5019 3055 5090 pravoque
3114 5020 3364 5082 consilio,

1793 5111 2111 5166 Patzinacas
2139 5125 2248 5164 non
2283 5110 2605 5181 trajecisset,
2645 5125 2747 5164 nec
2781 5109 3052 5180 fugientes
3093 5110 3366 5164 Romanos

1793 5202 1848 5256 in
1889 5216 2054 5256 naves
2080 5200 2432 5271 suscepisset.
2464 5198 2622 5269 725
2649 5198 2761 5253 Nec
2789 5214 2909 5252 eam
2944 5208 3091 5252 certe
3135 5199 3361 5253 multam

1787 5310 2049 5350 evasurus
2095 5302 2235 5357 erat,
2302 5292 2408 5347 nisi
2458 5290 2803 5347 Constantini
2848 5291 3063 5361 patricii
3124 5290 3361 5362 Gonguli

1787 5398 1842 5442 et
1905 5385 2147 5456 magistri
2200 5383 2496 5454 Stephani,
2545 5399 2783 5454 quorum
2849 5383 2995 5453 apud
3062 5384 3362 5453 Augustam

1788 5496 1977 5551 magna
2035 5478 2335 5541 auctoritas
2374 5484 2512 5537 erat.
2569 5476 2891 5533 intercessio
2928 5475 3251 5530 obstitisset.

1862 5574 1945 5627 il.
1977 5571 2227 5642 Bulgaris
2246 5570 2312 5625 ad
2338 5571 2532 5626 urbem
2557 5585 2727 5640 usque
2755 5568 3201 5634 excurrentibus,
3226 5565 3362 5620 exiit

1790 5667 1900 5729 Leo
1952 5665 2269 5721 scholarum
2320 5663 2430 5721 dux
2494 5664 2723 5736 ejusque
2792 5663 2938 5719 filius
2994 5660 3251 5717 Nicolans
3304 5668 3361 5713 et

1402 5754 1636 5816 γλιιυε
1674 5762 2080 5821 LECTIONES.

176 5840 220 5872 ”
258 5840 328 5895 ai.
372 5839 565 5897 Λόοντι
596 5841 933 5915 Δομεστίκῳ.
1013 5844 1058 5877 ⁸³
1093 5844 1165 5900 al.
1202 5844 1608 5919 όΔομίστικος.
