4174 6442
777 424 880 486 787

1963 413 2260 475 SYMEON
2271 414 2339 472 l'S
2378 413 2748 473 MAGISTRI

3921 405 4027 467 788

773 537 1017 595 Joannes
1038 524 1399 587 hetaeriarcha
1442 529 1508 585 ad
1542 526 1855 596 Catusyrtas
1886 540 2008 579 cum
2046 537 2343 577 numeroso
2370 572 2377 585 ι

2483 520 2836 585 αΥΝικόλαος
2871 522 2898 573 ὁ
2930 521 3044 583 υίὸς
3106 514 3269 571 αύτοῦ
3293 520 3386 569 καὶ
3418 518 3667 584 Ἰωάννης
3694 516 4026 585 ὲταιρειάρ-

773 627 1054 690 exercitu;
1080 622 1442 694 Bulgarisque
1480 628 1647 673 noctu
1676 633 1745 672 ex
1788 614 2087 686 improviso
2115 612 2350 681 impres-

773 720 985 774 sionem
1025 720 1081 774 in
1117 730 1213 770 eos
1256 711 1604 773 facientibus,
1646 723 1839 764 omnes
1878 706 2097 777 penitus
2126 703 2352 758 interie-

775 823 927 869 runt.

846 905 938 958 12.
984 899 1311 956 Theodorus
1369 896 1539 968 igitur
1593 890 1938 949 Constantini
2003 886 2353 958 imperatoris

774 996 1125 1068 paedagogus.
1160 1006 1284 1047 cum
1313 989 1735 1044 Constantinum
1766 983 1979 1037 videret
2017 978 2157 1034 sacri
2191 976 2350 1031 cubi-

773 1065 882 1142 culi
908 1084 1220 1155 prefectum
1252 1080 1503 1133 intimum
1527 1073 1917 1142 (accubitorem
1935 1065 2149 1136 vocant)
2168 1080 2350 1120 rerum

773 1190 1042 1231 summam
1090 1174 1146 1227 in
1192 1171 1431 1226 Leonem
1494 1165 1701 1221 sororis
1746 1162 2003 1216 maritum
2053 1157 2353 1212 transferre

779 1267 1121 1327 molientem,
1160 1272 1353 1317 auctor
1385 1268 1469 1313 est
1497 1256 1674 1312 eidem
1718 1252 2081 1309 Constantino
2112 1250 2351 1318 impera-

776 1359 886 1415 tori
931 1366 991 1412 ut
1017 1356 1320 1410 Romanum
1350 1348 1730 1418 drungarium,
1759 1347 1909 1399 velut
1942 1343 2228 1411 antiquum
2261 1356 2353 1409 pa-

780 1463 937 1507 terna
970 1444 1378 1502 necessitudine
1407 1441 1644 1496 amicum
1675 1442 1837 1507 inque
1867 1452 1955 1490 res
1996 1435 2168 1503 ipsius
2213 1433 2353 1486 bene

779 1543 1106 1603 animatum,
1138 1545 1379 1592 assumat
1411 1549 1534 1588 cum
1577 1547 1645 1585 eo
1669 1531 1723 1584 in
1752 1528 1874 1582 aula
1917 1533 2257 1580 moraturum
2302 1531 2357 1577 et

775 1631 1063 1689 custodem
1090 1629 1355 1687 futurum.
1381 1639 1447 1678 ac
1466 1621 1731 1691 quidquid
1751 1620 1987 1689 ingruat,
2011 1616 2357 1671 defensorem

777 1738 1052 1795 opemque
1074 1722 1389 1775 allaturum.
1419 1716 1628 1770 Crebro
1674 1726 1912 1781 namque
1937 1711 2058 1780 ejus
2087 1708 2164 1763 rei
2187 1708 2358 1778 gratia

778 1816 1159 1887 interpellatus
1185 1813 1467 1867 Romanus
1493 1814 1774 1862 assensum
1793 1804 2083 1857 abnuerat.
2102 1801 2224 1871 lpse
2255 1801 2358 1854 ita-

2455 632 2555 685 χης
2603 616 2684 677 είς
2734 612 3093 694 Ιςατασύρτας
3139 611 3255 675 ἅμα
3314 610 3549 678 πλείστῳ
3600 606 3753 677 λαῷο
3806 606 3903 659 καὶ
3958 608 4024 674 τῇ

2454 706 2610 759 νυκτὶ
2636 706 2913 774 ἀδοκήτως
2943 701 3313 755 ἐπιπεσόντων
3344 701 3527 761 αὐτοῖς
3558 698 3665 751 τῶν
3698 695 4029 764 ὼυλγάρων

2456 800 2653 861 πάντες
2678 797 2846 867 ἄρδην
2883 794 3179 849 ἀπώλοντο.

2528 889 2614 958 ιβ’.
2660 889 2933 958 Θεόδωρος
2974 886 3066 938 οὖν
3093 887 3121 937 ὁ
3151 883 3239 937 τοῦ
3305 882 3567 953 βασιλέως
3617 878 4028 935 Κωνσταντίνου

2453 981 2826 1049 παιδαγωγὸς,
2881 980 3024 1047 ὁρῶν
3077 973 3484 1030 Κωνσταντίνον
3530 971 4029 1043 παρακοιμὼμενον

2454 1077 2533 1135 εἰς
2589 1072 2792 1125 Λέοντα
2846 1069 2936 1123 τὸν
2995 1068 3124 1121 ἴδιον
3174 1066 3549 1137 γαμϐρὸντὴν
3586 1064 3872 1133 βασιλείαν
3902 1077 4029 1127 σφε-

2455 1164 2840 1232 τεριζόμενον,
2918 1160 3159 1230 ὑπέθηκε
3214 1160 3292 1228 τῷ
3356 1157 3565 1226 βασιλεῖ
3633 1155 4031 1220 Κωνσταντίνῳ

2455 1254 2859 1324 προσλαϐέσθαι
2923 1252 3204 1322 Ῥωμανὸν
3268 1252 3359 1302 τὸν
3402 1248 3761 1320 δρουγγάριον
3820 1246 3895 1307 ὡς
3932 1261 4034 1296 παο

2453 1347 2645 1415 τρικδν
2693 1344 2856 1398 αὐτοῦ
2906 1344 3094 1397 δοῦλον
3127 1343 3222 1395 καὶ
3255 1341 3443 1394 εὔνουν
3472 1341 3537 1392 τὰ
3570 1339 3703 1409 πρὸς
3744 1337 3937 1396 αὐτὸν.
3962 1338 4035 1399 ὠς

2458 1440 2524 1492 ἂν
2614 1438 2710 1489 σὺν
2738 1434 2886 1505 αὐτῷ
2917 1436 3012 1488 καὶ
3042 1434 3376 1503 διαφυλάττῃ
3406 1433 3587 1495 αὑτὸν,
3621 1432 3715 1483 καὶ
3743 1430 4036 1497 σύμμαχον

2458 1530 2555 1601 ἔχῃ
2612 1530 2705 1583 καὶ
2758 1528 2954 1599 βοηθὸν
2999 1530 3057 1581 ὲν
3085 1525 3166 1590 οἷς
3201 1526 3266 1580 ἂν
3301 1526 3418 1595 δέῃ.
3469 1525 3735 1585 Πολλάκις
3762 1523 3875 1591 γὰρ
3912 1522 4038 1589 περὶ

2458 1623 2649 1676 τούτου
2719 1620 2973 1689 λαληθεὶς
3041 1620 3322 1688 Ῥωμανδς
3367 1616 3659 1670 ἀπείπατο.
3694 1614 4038 1681 Αὐτοχείρως

2460 1710 2553 1768 οὖν
2577 1718 2604 1767 ὁ
2638 1714 2892 1784 βασιλεὺς
2951 1713 3365 1771 Κωνσταντῖνος
3392 1708 3770 1777 γραμματεῖον
3800 1705 4039 1770 ποιήσας

2462 1806 2540 1877 τῷ
2579 1805 2847 1875 Ῥωμανῷ
2897 1803 3110 1873 ἔπεμψε
3165 1802 3308 1855 κατὰ
3362 1799 3456 1852 τοῦ
3510 1798 4038 1870 παρακοιμωμένου.

780 1926 891 1981 qne
930 1886 1101 1964 manu
1142 1904 1365 1976 propria
1406 1897 1800 1955 Constantinus
1832 1892 2095 1949 schedula
2121 1902 2361 1951 exarata,

2481 1898 2577 1966 Γῆς
2628 1898 2819 1967 φήμης
2871 1890 2963 1948 οὖν
2986 1893 3189 1961 ταύτης
3219 1892 3556 1961 διαθεούσης,
3592 1891 3685 1943 καὶ
3720 1888 3814 1941 τοῦ
3864 1901 4043 1953 παρα-

783 2005 1089 2057 llomanum
1150 1997 1418 2052 adversus
1476 1990 1852 2047 accubitorem
1917 1993 2164 2040 actutum
2244 1998 2364 2037 sese

777 2094 1070 2162 accingere
1096 2089 1339 2159 scripsit.
1363 2085 1480 2152 Qua
1512 2091 1844 2154 pervagante
1877 2079 2039 2142 fama,
2068 2085 2125 2131 et
2146 2074 2368 2129 accubi-

778 2196 899 2243 tore
917 2186 1227 2241 Romanum
1248 2190 1477 2250 urgente
1502 2184 1563 2230 ut
1580 2190 1705 2230 cum
1730 2173 1905 2227 classe
1944 2168 2367 2240 proﬁcisceren-

779 2290 896 2342 tur,
912 2277 1104 2334 cumis
1119 2280 1410 2330 excusaret
1424 2284 1595 2338 seque
1611 2281 1736 2321 cum
1754 2266 1927 2318 classe
1957 2259 2228 2332 proficisci
2248 2270 2369 2326 pos.

779 2388 839 2428 sc
874 2376 1099 2441 negaret
1121 2383 1243 2436 qua:
1268 2362 1490 2419 militari
1518 2358 1794 2429 stipendio
1823 2355 2026 2409 donata
2056 2368 2167 2407 non
2200 2356 2365 2415 esset,

778 2462 1179 2522 Constantinus
1208 2455 1491 2512 accubitor
1515 2452 1582 2506 ad
1632 2447 1955 2506 solvendum
1976 2445 2207 2500 omnino
2232 2441 2365 2495 ada-

783 2561 980 2609 cturus
1000 2551 1067 2605 ad
1087 2548 1308 2602 navium
1331 2543 1624 2600 stationem
1654 2538 1883 2595 accedit.
1909 2534 2161 2592 Occurrit
2181 2532 2367 2588 servili

781 2659 937 2700 more
973 2657 1039 2697 ac
1089 2637 1358 2708 obsequio
1390 2635 1617 2692 sedulus
1664 2630 1977 2695 Romanus;
2014 2628 2179 2698 726
2210 2641 2367 2681 cum-

784 2752 894 2809 que
914 2738 1024 2808 jam
1047 2747 1217 2805 prope
1250 2738 1419 2795 esset,
1447 2727 1500 2781 vi
1528 2725 1866 2794 corripiens:
1898 2719 2083 2775 Tollite
2123 2735 2264 2783 eum,
2292 2716 2370 2770 al-

787 2840 904 2887 tum
938 2829 1431 2893 clamat;moxque
1460 2819 1555 2890 qui
1584 2816 1813 2874 aderant
1835 2812 2124 2876 classiarii,
2154 2812 2208 2865 in
2234 2824 2371 2879 prae-

788 2921 987 2977 toriam
1038 2915 1272 2973 Romani
1321 2913 1601 2967 triremem
1650 2905 1937 2962 inductum
1971 2913 2086 2959 tuta
2118 2900 2369 2956 custodia

788 3008 1110 3067 servabant.
1145 3005 1454 3073 Imperator
1476 3007 1661 3054 autem
1683 3012 1869 3051 rerum
1899 3008 2113 3049 summa
2140 3008 2169 3045 a
2194 2998 2369 3046 matre

789 3106 847 3161 in
869 3118 988 3160 sese
1010 3108 1288 3162 revocata,
1313 3092 1578 3166 postridie
1596 3091 1865 3148 Joannem
1892 3088 2168 3142 Tubacem
2197 3084 2367 3149 misit,

789 3198 885 3269 qui
909 3193 1075 3249 Zoem
1106 3192 1405 3261 Augustam
1433 3186 1554 3240 aula
1580 3183 1862 3253 dejiceret.
1891 3180 1983 3233 Illa
2015 3188 2219 3242 autem,
2246 3178 2368 3246 eju-

2465 1987 2813 2056 κοιμωμένου
2844 1982 3350 2053 καταναγκάζοντος
3393 1982 3671 2051 Ῥωμανὺν
3704 1978 4041 2044 ἀποκινῆσαι

2470 2080 2606 2151 μετὰ
2674 2078 2768 2131 τοῦ
2826 2078 3036 2141 στόλου,
3106 2075 3268 2138 αὐτὸς
3325 2073 3721 2144 προεφασίζετο
3760 2070 4043 2126 ἀδυνάτως

2467 2172 2611 2242 ἔχειν
2639 2170 2733 2223 τοῦ
2764 2169 3047 2235 ἀποπλεῖν,
3077 2167 3150 2236 μὴ
3174 2166 3267 2218 τοῦ
3297 2165 3482 2218 στόλου
3504 2165 3603 2231 τὴν
3643 2160 4045 2229 νενομισμένην

2470 2266 2636 2336 ρόγαν
2693 2263 2970 2323 λαϐόντος.
3010 2261 3068 2313 Ὀ
3096 2258 3596 2330 παρακοιμώμενος
3627 2253 4046 2310 Κωνσταντῖνος

2468 2357 2904 2424 καταναγκάζων
2950 2354 3115 2407 αὐτὸν
3169 2355 3226 2405 ὲν
3253 2354 3319 2422 τῇ
3375 2349 3665 2418 ἐξαρτύσει
3717 2345 3945 2411 ἔξεισιν.
3992 2342 4049 2393 Ὀ

2467 2454 2523 2508 δὲ
2544 2452 2730 2506 τοῦτον
2782 2449 3115 2520 δουλικῷτῷ
3170 2449 3410 2516 σχήματι
3460 2443 3912 2515 προῦπήντησεν,
3956 2437 4052 2488 καὶ

2470 2547 2699 2618 πλησίον
2738 2543 2902 2598 αὐτοῦ
2948 2543 3240 2611 γενόμενος
3282 2541 3603 2608 ἀνήρπασεν
3663 2532 3828 2586 αὑτὸν
3859 2572 3874 2594 ,
3934 2530 4049 2589 κατ,

2474 2643 2691 2708 Ἀρατε
2729 2637 2935 2699 αὐτὸν,
2985 2633 3297 2702 ὲφώνησενυ
3360 2631 3453 2684 καὶ
3474 2630 3521 2682 oi
3553 2629 3651 2680 σὺν
3678 2624 3826 2693 αύτῷ
3861 2622 4053 2675 τοῦτον

2471 2736 2550 2797 εἰς
2604 2732 2703 2801 τὴν
2758 2729 2851 2783 τοῦ
2916 2727 3280 2798 δρουγγαρίου
3356 2721 3640 2793 Ῥωμανοῦ
3696 2719 3903 2789 τριήρη
3938 2717 4054 2767 εἱσ-

2471 2826 2677 2895 ήγαγον
2729 2822 2822 2875 καὶ
2860 2822 2918 2874 ὲν
2958 2819 3228 2887 ἀσφαλείᾳ
3294 2813 3460 2884 εἶχον.
3527 2811 3951 2871 Κωνσταντῖνος
3998 2803 4055 2857 δὲ

2470 2919 2498 2971 ὁ
2526 2915 2779 2987 βασιλεὺς
2828 2914 2927 2982 τὴν
2983 2910 3233 2978 ἐξουσίαν
3291 2906 3397 2961 ἀπὸ
3436 2907 3538 2973 τῆς
3571 2904 3778 2975 μητρὸς
3801 2904 3885 2963 εἰς
3922 2902 4055 2952 huc

2471 3011 2562 3063 τὸν
2601 3006 3006 3076 ἐπισπώμενος,
3057 3008 3124 3073 τῇ
3158 3003 3416 3069 ἐπαύριον
3451 2994 3773 3051 ἀπέστειλεν
3798 2994 4059 3058 Ἰωάννην

2471 3100 2563 3153 τὸν
2603 3095 2890 3165 Τουὸάκην
2946 3094 3043 3165 τὴν
3086 3090 3406 3156 Αύγούσταν
3474 3086 3625 3153 Ζωὴν
3673 3080 3784 3135 ἀπὸ
3829 3078 3928 3131 τοῦ
3955 3095 4062 3129 πα-

2474 3192 2659 3247 λατίου
2704 3187 3094 3243 καταϐιϐάσαι.
3141 3182 3205 3236 Ἦ
3242 3182 3298 3235 δὲ
3330 3180 3446 3251 μετ’
3506 3176 3769 3244 ὁλολυγῆς
3813 3175 3913 3225 καί
3971 3172 4065 3223 δα-

791 3292 906 3348 latu
933 3290 1195 3355 luctuque
1224 3284 1397 3337 lilium
1416 3279 1720 3349 complexa,
1752 3276 1872 3346 ejus
1899 3275 2141 3327 animum
2171 3272 2235 3325 ad
2262 3287 2377 3324 ma-

2481 3282 2665 3352 κρύων
2698 3279 2774 3348 τῷ
2804 3276 3002 3345 ἑαυτῆς
3061 3272 3476 3342 προσπλακεῖσα
3535 3266 3633 3337 υἱῷ
3672 3264 3808 3335 πρὸς
3840 3262 4065 3330 συμπά·

794 3392 1008 3437 ternam
1045 3375 1454 3432 miserationem
1480 3369 1811 3432 commovit,
1843 3368 2048 3436 aitque:
2073 3364 2240 3419 Sinite
2261 3380 2381 3417 ma-

799 3480 936 3526 trem
970 3484 1172 3525 mecum
1201 3465 1422 3521 uersari.
1448 3462 1661 3532 Vixque
1701 3473 2013 3514 sermonem
2042 3456 2379 3525 expleverat,

798 3580 925 3620 eum
961 3564 1108 3618 illam
1133 3558 1484 3614 dimiserunt.
1513 3555 1687 3609 Porro
1714 3552 2015 3621 imperator
2056 3547 2384 3619 patriarchae

801 3656 1037 3714 consilio
1066 3654 1332 3708 Joannem
1386 3644 1644 3701 Garidam
1672 3642 1983 3697 scholarum
2022 3641 2383 3694 domesticum

800 3746 1063 3822 praeﬁcit:
1100 3741 1327 3797 timebat
1348 3738 1495 3792 enim
1527 3750 1595 3789 ne
1636 3734 1747 3787 Leo
1776 3734 1987 3787 Phocas
2022 3731 2089 3785 ad
2131 3729 2387 3785 rebellim

800 3856 927 3896 nem
957 3833 1304 3907 procederet.
1333 3826 1538 3883 llenuit
1562 3826 1653 3880 ille
1678 3839 1879 3878 munus
1898 3823 2059 3885 inire,
2085 3821 2189 3876 nisi
2215 3821 2387 3876 Theo-

802 3934 1000 3989 dorum
1027 3927 1471 3996 Zuphinexerum
1504 3919 1691 3973 uxoris
1714 3916 1938 3971 fratrem
1961 3917 2188 3985 ejusque
2214 3914 2386 3969 ﬁlium

807 4027 1135 4095 Symeonem
1205 4016 1409 4086 pariter
1476 4010 1867 4067 hetaeriarchas
1926 4016 2199 4062 crearent.
2266 4006 2387 4060 Mox

810 4119 997 4187 itaque
1025 4126 1283 4183 egressus
1316 4107 1382 4162 ad
1428 4105 1735 4161 Romanum
1772 4112 1891 4167 est;
1926 4102 2163 4169 datoque
2192 4115 2256 4154 ac
2301 4115 2390 4154 ac-

809 4221 973 4281 cepto
996 4200 1355 4278 jurejurando
1374 4212 1607 4255 concors
1623 4196 1790 4251 animi
1824 4196 2011 4265 illique
2037 4192 2388 4248 consentiens

808 4299 1041 4357 eB'ectus
1068 4306 1171 4353 est.

884 4506 973 4559 13.
1030 4501 1235 4558 Mensis
1290 4500 1457 4571 igitur
1510 4494 1691 4551 Martii
1727 4498 1923 4562 quarto
1983 4504 2151 4558 supra
2182 4484 2385 4557 vigesi-

2485 3375 2635 3428 Θειαν
2665 3369 2937 3441 μητρικὴν
2965 3369 3060 3421 καὶ
3093 3364 3543 3432 οἷκτονὲκίνησεν
3571 3377 3583 3389 ·
3619 3358 3737 3419 καὶ,
3780 3356 4064 3411 Ἐάσατε,

2484 3459 2656 3523 εἶπεν,
2683 3458 2835 3514 εἶναι
2891 3460 3019 3528 μετ’
3077 3457 3224 3526 ἐμοῦ
3249 3454 3363 3520 τὴν
3395 3450 3634 3520 μητέρα.
3662 3449 3724 3500 Οἱ
3754 3448 3810 3499 δὲ
3845 3446 3967 3513 ’ἅμα
3992 3442 4070 3509 τῷ

2484 3553 2627 3622 λόγῳ
2679 3550 2885 3620 ταύτην
2944 3548 3185 3617 ἀφῆκαν.
3246 3540 3615 3615 Προδάλλεται
3648 3538 3759 3591 δὲὸ
3806 3535 4070 3604 βασιλεὺς

2490 3643 2629 3715 μετὰ
2670 3643 2769 3711 τῆς
2826 3639 3137 3709 συμϐουλῆς
3181 3635 3274 3689 τοῦ
3310 3632 3650 3702 πατριάρχου
3688 3630 3951 3697 Ἰωάννην
3979 3627 4072 3678 τὸν

2487 3734 2721 3805 Γαριδᾶν
2784 3732 3103 3800 δομέστικον
3159 3728 3269 3781 τῶν
3316 3725 3542 3795 σχολῶν·
3601 3723 3789 3775 ἐδεδίει
3848 3721 3961 3789 γὰρ
3995 3717 4073 3787 μὴ

2488 3831 2566 3891 εἰς
2625 3825 2924 3894 ἀνταρσίαν
2971 3822 3195 3892 χωρήσῃ
3255 3823 3282 3872 ὁ
3337 3818 3531 3879 Φωκὶς
3577 3816 3750 3868 Λέων.
3790 3813 3852 3864 ’0
3906 3811 3964 3862 δὲ
4014 3813 4074 3862 οὐ

2488 3920 2783 3974 κατένευσε
2861 3915 3020 3969 τοῦτο
3072 3912 3375 3981 γενέσθαι,
3424 3912 3471 3961 εἰ
3530 3908 3603 3977 μὴ
3652 3906 3933 3972 Θεόδωρον
3988 3906 4076 3955 τὶν

2490 4011 2924 4084 γυναικάδελφον
2975 4006 3140 4061 αὐτοῦ
3169 4008 3260 4059 τὸν
3288 4003 3677 4072 Ζουφινέξερον
3719 4003 3813 4053 καὶ
3845 3998 4077 4067 Συμεὼν

2488 4107 2580 4160 τὸν
2634 4106 2747 4157 υἱὸν
2805 4101 2971 4157 αὐτοῦ
3020 4097 3384 4168 προεϐάλοντο
3442 4096 3854 4163 ἐταιρειάρχας.
3900 4091 4078 4150 Εῡθὶς

2489 4198 2584 4253 οὖν
2640 4194 2863 4265 ιξῆλθεν
2910 4192 3045 4260 πρὸς
3117 4190 3422 4258 Ῥωμανὸν,
3465 4186 3549 4259 [Ρ.
3583 4185 3709 4256 4781
3762 4185 3861 4236 καὶ
3882 4184 4080 4252 ὅρκους

2489 4290 2612 4353 δοὺς
2647 4289 2741 4342 καὶ
2773 4284 2953 4339 λαϐὼν
2988 4283 3259 4354 σύμφρων
3286 4280 3451 4337 αὑτοῦ
3492 4279 3582 4332 καὶ
3618 4277 3908 4346 σύμπνους
3964 4276 4083 4341 ἐγέ-

2490 4401 2631 4437 νετο.

2565 4492 2639 4543 ιγ.
2666 4474 2744 4543 Τῇ
2774 4470 2868 4525 οὖν
2899 4468 2975 4523 κδ’
2999 4466 3093 4522 τοῦ
3117 4466 3363 4537 Μαρτίου
3392 4463 3561 4535 μηνὸς
3588 4461 3913 4520 ἀποστέλλει
3961 4459 4089 4512 Ῥω-

812 4612 965 4651 mum
1018 4594 1188 4649 mittit
1247 4591 1527 4645 Romanus
1583 4588 1637 4642 in
1684 4584 1969 4655 palatium,
2005 4580 2100 4651 qui
2132 4555 2261 4649 ejus“
2291 4593 2377 4632 no-

2503 4568 2669 4639 μανὸς
2737 4568 2816 4628 είς
2839 4568 2900 4617 τὸ
2949 4562 3209 4615 παλὰτιον
3267 4558 3767 4626 ἀπολογησόμενος,
3823 4556 3908 4608 ὃτι
3971 4555 4089 4619 Τὴν

815 4688 964 4742 mine
1016 4683 1442 4740 satisfactionem
1487 4678 1771 4738 oti'errent,
1841 4690 2039 4742 nempe
2089 4688 2143 4724 se
2186 4671 2279 4723 hoc
2319 4669 2395 4733 {e-

817 4781 953 4834 cisse
1014 4785 1071 4831 ut
1138 4772 1454 4844 imperatori
1508 4777 1735 4832 caveret,
1788 4766 1913 4820 dum
1951 4764 2137 4818 Phoco:
2174 4761 2396 4814 insidias

817 4877 1044 4931 veretur,
1104 4876 1151 4918 et
1211 4880 1277 4917 ne
1332 4864 1458 4933 quid
1494 4861 1584 4914 ille
1631 4874 1890 4913 novarum
1946 4872 2123 4908 rerum
2170 4854 2222 4906 in
2279 4835 2397 4904 eu'm

821 4961 1093 5017 moliatur.
1118 4956 1411 5012 Mandatur
1449 4954 1631 5023 itaque
1676 4950 1755 5005 illi
1791 4957 1851 5003 ut
1884 4962 2007 5003 cum
2035 4946 2183 5000 omni
2224 4944 2398 4999 classe

820 5054 888 5108 ad
940 5051 1303 5107 Bucoleonem
1354 5061 1528 5116 usque
1570 5044 1776 5097 veniat.
1829 5041 1991 5095 Festo
2046 5038 2229 5107 itaque
2284 5036 2400 5090 An-

824 5142 1193 5200 nuntiationis
1258 5139 1385 5205 die,
1444 5137 1539 5207 qui
1598 5136 1655 5190 in
1706 5133 1899 5189 feriam
1962 5141 2092 5184 tunc
2152 5130 2401 5198 quintam

826 5234 1117 5297 inciderat,
1176 5246 1300 5286 cum
1355 5229 1504 5285 omni
1552 5228 1726 5283 classe
1778 5224 1843 5280 ad
1897 5222 2259 5277 Bucoleonem
2313 5236 2403 5272 ar-

829 5337 1010 5383 matus
1035 5327 1220 5390 venit;
1267 5337 1505 5393 moxque
1532 5320 1797 5392 patricius
1826 5316 2141 5385 Stephanus
2166 5314 2287 5367 aula
2308 5329 2405 5367 ex-

823 5421 1013 5478 cessit.
1070 5419 1290 5474 Nicetas
1341 5430 1475 5471 vero
1533 5412 1763 5468 Romani
1824 5425 1980 5465 socer
2021 5408 2077 5462 in
2142 5408 2407 5477 palatium

826 5512 1136 5568 ascendens
1154 5504 1815 5577 Nicolaumpatriarcham
1860 5500 2021 5572 727
2058 5498 2185 5553 inde
2224 5497 2406 5568 ejeeit.

827 5604 932 5671 Qui
960 5601 1223 5672 palatium
1245 5598 1522 5663 tenebant,
1549 5595 1779 5651 Romani
1792 5591 2155 5666 jurejurando
2188 5590 2407 5654 ﬁrmati,

832 5693 1201 5749 \encrandam
1262 5691 1315 5746 ei
1343 5705 1406 5744 ac
1445 5688 1720 5743 vivilieam
1774 5687 1975 5741 misere
2018 5698 2260 5739 crucem.
2310 5680 2411 5738 Cui

833 5787 927 5842 ille
968 5784 1165 5840 devote
1197 5784 1348 5839 cultu
1383 5781 1653 5845 adhibito,
1682 5796 1747 5835 ac
1785 5776 2150 5850 jurejurando
2186 5774 2415 5829 ﬁrmatis

830 5877 933 5949 qui
955 5877 1109 5935 missi
1140 5884 1317 5943 erant,
1348 5893 1453 5931 una
1487 5891 1611 5930 cum
1639 5873 1744 5928 illis
1770 5888 1831 5927 ac
1865 5869 2053 5941 paucis
2084 5868 2412 5939 quibusdam

2500 4661 2605 4715 τοῦ
2641 4655 2817 4714 Φωκᾶ
2869 4656 3146 4709 ἐπίθεσιν
3199 4652 3603 4721 φοϐούμενος,
3647 4648 3732 4717 μή
3790 4664 3846 4699 τι
3874 4662 4090 4699 νεωτε-

2492 4752 2731 4823 ρισθείη
2796 4755 2881 4814 εἰς
2928 4749 3036 4800 τὸν
3087 4743 3373 4809 βασιλέα,
3415 4743 3589 4795 τοῦτο
3607 4738 3911 4804 πεποίηκα
3937 4737 4092 4805 κρές

2505 4846 2573 4901 τὸ
2615 4846 2729 4912 τὴν
2760 4842 3046 4912 φυλακὴν
3078 4839 3377 4892 ποιεῖσθαι
3423 4835 3528 4888 τοῦ
3578 4831 3913 4898 βασιλέως.
3964 4833 4094 4899 Μη-

2504 4934 2807 4990 νύεταιοῦν
2860 4933 2999 5004 μετὰ
3040 4931 3135 4984 τοῦ
3196 4930 3380 4982 στόλου
3435 4927 3636 4988 παντὸς
3686 4926 3862 4976 ἐλθεῖν
3930 4927 4097 4993 μέχρι

2504 5031 2599 5085 τοῦ
2652 5027 3061 5089 Βουκολέοντος,
3090 5022 3183 5075 καὶ
3224 5023 3289 5090 τῇ
3327 5018 3514 5089 ἡμέρᾳ
3552 5016 3644 5069 τοῦ
3670 5013 4099 5083 mansi-.3395

2507 5126 2760 5196 (πέμπτη
2788 5123 2844 5175 δὲ
2879 5116 2966 5191 ἦν)
3011 5115 3176 5189 ἦλθεν
3214 5115 3435 5176 ἔνοπλος
3463 5113 3577 5182 ἅμα
3612 5110 3689 5180 τῷ
3723 5109 3902 5178 στόλῳ
3927 5114 4101 5161 παντὶ

2508 5221 2566 5271 ὲν
2626 5216 2703 5287 τῷ
2753 5212 3104 5269 Βουκολέοντι
3144 5227 3156 5238 ⁸
3228 5210 3320 5262 κατ.
3376 5204 3621 5276 παρευθὺ
3669 5202 3947 5270 Στέφανος
4006 5201 4102 5270 μὲν

2511 5308 2801 5379 πατρίκιος
2853 5304 3077 5375 ἐξῆλθεν
3139 5301 3233 5354 τοῦ
3290 5300 3595 5362 παλατίου,
3665 5296 3916 5364 Νικήτας
3973 5294 4033 5347 δὲ
4078 5296 4103 5343 ὁ

2512 5401 2892 5473 συμπένθερος
2949 5394 3234 5466 Ῥωμανοῦ
3298 5390 3537 5446 ἀνελθὼν
3591 5391 3650 5441 ἐν
3713 5386 3793 5456 τῷ
3844 5384 4105 5447 παλατίῳ

2512 5497 2781 5565 ἐξήγαγεν
2840 5490 3048 5544 ἐκεῖθεν
3105 5488 3196 5541 τὸν
3252 5485 3598 5555 πατριάρχην
3646 5480 3945 5535 Νικόλαον.
4002 5477 4107 5530 Καὶ

2514 5592 2662 5661 ὅρκῳ
2692 5584 3077 5658 βεϐαιωθέντες
3100 5584 3147 5634 οί
3176 5580 3269 5633 τοῦ
3306 5577 3569 5632 παλατίου
3610 5575 3764 5641 παρᾶ
3809 5570 4106 5641 Ῥωμανοί

2518 5680 2848 5737 ἀπέστειλαν
2895 5676 3032 5748 πρὸς
3082 5674 3245 5728 αὑτὸν
3291 5672 3383 5725 τὸν
3428 5671 3609 5738 τίμιον
3673 5668 3768 5719 καὶ
3837 5664 4109 5728 Caium?»

2520 5772 2773 5843 σταυρόν.
2825 5769 2934 5822 Καὶ
2979 5766 3385 5840 προσκυνήσας,
3448 5761 3542 5815 καὶ
3591 5761 3739 5829 ὅρκῳ
3795 5756 4107 5826 patio-aiax;

2523 5866 2740 5928 αὐτοὺς.
2803 5861 3030 5933 ἀνῆλθεν
3087 5860 3201 5927 μετ’
3250 5854 3428 5910 αὐτῶν
3488 5854 3581 5907 καὶ
3634 5852 3833 5917 ὀλίγων
3867 5849 4108 5903 ambus:
