4174 6442
141 405 245 464 789

962 406 1326 466 ANNALES.
1369 435 1435 443 ο-
1467 406 2041 466 CUXSTAN'I‘INUS
2084 404 2656 465 l’Ulll’llYllUtlliN.

3283 406 3395 466 790

142 513 218 582 τῷ
275 512 545 581 παλατίῳ.
612 515 1003 581 Ιιροσκυνήσας
1054 512 1147 565 οὖν
1194 515 1285 566 τὸν
1348 514 1571 583 βασιλέα
1618 516 1746 579 καὶ,

1830 528 1871 564 .n
1898 513 2154 581 palatium
2182 514 2447 567 ascendit.
2488 514 2668 567 l‘rone
2702 513 2884 583 itaque
2920 513 3234 567 venerantis
3276 532 3399 581 spc-

138 603 401 657 εἰσελθὼν
454 607 571 673 μετ’
635 604 804 657 αὑτοῦ
846 606 903 656 ἐν
942 603 1018 672 τῷ
1053 604 1163 673 ναῷ
1196 605 1272 675 τῷ
1306 608 1361 658 ὲν
1394 606 1471 675 τῷ
1531 607 1713 679 Φάρῳ,

141 696 236 746 καὶ
284 696 499 758 πίστεις
559 694 708 764 αὐτῷ
756 695 882 756 δοὺς
918 737 932 761 ,
995 697 1238 764 παρευοὺ
1308 698 1715 767 προχειρίζεται

141 787 451 854 μάγιστρος
509 786 606 839 καὶ
678 787 850 855 μέγας
912 787 1313 856 ἐταιρειάρχης.
1369 788 1577 840 Αὐτίκα
1623 789 1716 841 οὖν

138 879 334 945 γέγονε
385 879 633 940 κέλευσις
682 879 817 948 πρὸς
860 880 1067 931 Λέοντα
1099 880 1191 931 τὸν
1235 881 1447 944 Φωκᾶν,
1505 897 1713 949 παρεγ-

138 970 404 1038 γυωμένη
459 968 724 1039 μηδαμῶς
747 969 932 1021 στάσιν
976 968 1096 1021 τινὰ
1123 969 1392 1037 ἐννοῆσαι,
1423 967 1559 1020 ἀλλὰ
1584 970 1716 1037 πρὶς

138 1059 325 1125 ὀλίγον
354 1062 411 1110 ὲν
459 1059 537 1126 τῷ
589 1060 704 1126 ἰδίῳ
760 1060 893 1127 οἴκῳ
943 1058 1389 1112 ἀναπαύσασθαι.
1442 1060 1717 1121 Ὡσαύτως

139 1153 234 1204 καὶ
261 1151 483 1219 γραφὴν
508 1150 803 1219 ἐκελεύσθη
838 1149 1047 1219 γράψαι
1097 1152 1506 1214 Κωνσταντῐνος
1538 1171 1715 1223 παρα-

138 1241 511 1311 κοιμώμενος,
556 1242 625 1296 τὰ
684 1244 845 1311 ὅμοια
898 1241 1047 1310 αὖτῴ
1105 1243 1573 1311 παραγγέλλοντα,
1627 1246 1718 1297 καὶ

138 1333 196 1383 ὲν
244 1334 495 1403 ὑποταγῇ
575 1328 715 1386 εἶναι
767 1336 862 1388 τοῦ
934 1336 1199 1404 βασιλέως
1266 1334 1714 1386 Κωνσταντίνου·

140 1420 289 1490 ἆπερ
344 1421 641 1491 δεξάμενος
697 1424 849 1494 παρὰ
905 1424 1155 1493 Ἀνδρέου
1202 1425 1564 1494 πριμικηρίου
1623 1424 1717 1477 τοῦ

144 1512 429 1579 βασιλικοῦ
467 1516 991 1585 πρωτοὰεστιαρίου,
1029 1518 1088 1568 ὲν
1111 1518 1479 1586 Καππαδοκίᾳ
1542 1520 1598 1569 ἐν
1642 1518 1719 1587 τῷ

144 1601 261 1671 ἰδίῳ
310 1604 448 1673 οἴκῳ
500 1605 795 1674 ⁴ἡσύχασεν,
826 1606 897 1669 ὡς
939 1606 1189 1658 ἐντεῦθεν
1236 1606 1630 1675 πεπληρῶσθαι
1662 1610 1720 1660 τὸ

143 1696 283 1746 κατὰ
316 1696 537 1765 ποίησιν
560 1696 741 1764 λόγιον
760 1713 772 1727 ·

180 1808 265 1883 Ai;
295 1810 433 1862 τότε
460 1810 566 1863 τὸν
594 1810 709 1883 per
750 1811 940 1877 ἀηδύν
964 1813 1124 1882 ἄγων
1146 1814 1211 1879 ἐς
1241 1813 1440 1881 νῆσον
1463 1814 1685 1883 ἔρημον

178 1880 497 1955 firmitas?
518 1882 821 1955 οἰωνοῖσιν
845 1880 1135 1955 ἕλωρ-καὶ
1158 1880 1349 1951 κύρμα
1384 1880 1680 1955 γενέσθιιρ,

184 1950 299 2005 Τὸν
326 1950 381 2002 δ’
406 1949 586 2004 ἀετὸν
610 1950 899 2007 ἐθέλοντα
924 1949 1400 2024 ὰνήταγεγίὸνδέ
1415 1955 1687 2023 δόμονδε.

214 2124 302 2180 ιδ’.
346 2126 440 2195 Τῷ
474 2125 773 2194 Ἀπριλλίῳ
796 2128 926 2195 μηνὶ
949 2126 1147 2181 δίδοται
1172 2129 1431 2199 ἀρραϐὼν
1487 2132 1725 2201 γαμικοῦ

146 2216 603 2285 συναλλάγματος
630 2217 778 2286 παρὰ
808 2219 1219 2271 Κωνσταντίνου
1244 2219 1504 2287 βασιλέως
1541 2222 1727 2292 Ἑλένῃ

144 2314 208 2380 τῇ
233 2312 474 2381 θυγατρὶ
522 2311 829 2382 Ῥωμανοῦ,
892 2314 983 2364 καὶ
1007 2315 1072 2381 τῇ
1100 2314 1257 2385 τρίτῃ
1296 2319 1395 2383 τῆς
1438 2316 1728 2379 Γαλιλαίας

146 2402 546 2468 στεφανοῦνται
603 2402 753 2473 παρὰ
784 2403 1057 2456 Νικολάου
1083 2406 1444 2474 πατριάρχου.
1476 2406 1729 2460 Βασιλεο-

142 2494 361 2562 πάτορα
409 2495 522 2565 γὰρ
568 2492 851 2563 Ῥωμανδν
890 2495 1319 2563 προϐαλόμενος,
1380 2498 1497 2549 ἀντ’
1559 2500 1726 2552 αὑτοῦ

140 2585 199 2640 δὲ
231 2587 628 2655 ἑταιριιὰρχην
678 2588 1049 2656 Χριστοφόρον
1096 2588 1189 2640 τὸν
1244 2588 1358 2640 υἱὸν
1405 2590 1567 2642 αὑτοῦ
1601 2610 1727 2644 κατ-

144 2678 398 2747 έστησεν.
454 2678 590 2732 Μετ’
608 2679 669 2731 οὐ
703 2680 836 2732 πολὺ
869 2679 925 2731 δὲ
966 2680 1117 2733 Λέων
1153 2682 1394 2744 όΦωκᾶς
1427 2684 1726 2753 ἀπατηθείς

144 2772 298 2842 παρὰ
334 2789 500 2824 τινων
527 2772 803 2842 ἀρχόντων
842 2772 977 2842 πρὸς
1009 2774 1305 2841 ἀνταρσίαν
1336 2778 1587 2828 κινεῖται.
1621 2777 1728 2829 Καὶ

142 2862 480 2924 ἀποστείλας
513 2862 808 2917 ἀνελάϐετο
857 2859 998 2918 εἶναι
1040 2866 1138 2917 σὺν
1177 2866 1324 2935 αὐτῷ
1358 2867 1445 2919 τόν
1466 2884 1525 2918 τε
1552 2885 1729 2937 παρα-

145 2954 501 3022 κοιμώμενον
559 2955 973 3007 Κωνσταντῖνον
1033 2957 1125 3007 καὶ
1152 2958 1565 3010 Κωνσταντῐνον
1593 2960 1728 3027 ἀση-

145 3045 342 3113 κρῆτις
382 3045 480 3098 τοῦ
508 3045 554 3077 ⁹⁹
599 3044 898 3107 Μαλελίας,
954 3046 1322 3117 πληροφορῶν
1367 3048 1576 3111 πάντας
1634 3051 1727 3102 καὶ

148 3136 390 3204 βεϐαιῶν
413 3136 489 3198 ὠς
517 3136 658 3206 ὑπὲρ
698 3136 791 3190 τοῦ
854 3136 1119 3206 βασιλέως
1168 3139 1577 3192 Κωνσταντίνου
1630 3141 1727 3211 τὴν

1825 602 1907 657 cie
1940 604 2173 657 salutato
2201 604 2550 671 imperatore,
2586 619 2649 657 ac
2675 619 2799 657 cum
2827 619 2892 657 eo
2923 605 2976 658 in
3024 605 3282 672 templum
3311 606 3400 657 in-

1824 711 2043 762 gressus
2097 695 2241 763 quod
2298 696 2352 749 in
2393 699 2567 750 Pharo
2608 705 2714 759 est,
2764 696 2890 749 data
2935 698 3245 751 securitatis
3290 697 3395 750 fide.

1821 787 2108 839 confestim
2150 787 2409 856 magister
2441 804 2502 841 ac
2525 803 2754 856 magnus
2782 788 3139 840 lietreriareha
3168 789 3401 855 prtefici-

1821 883 1925 928 tur.
1965 876 2160 928 Statim
2198 878 2380 946 itaque
2423 877 2545 931 data
2575 879 2748 946 jussio
2775 878 2840 931 ad
2875 877 3110 931 Leonem
3141 879 3398 944 Phocam,

1818 979 1884 1017 ne
1910 980 2003 1032 per
2049 966 2373 1019 seditionem
2432 967 2641 1034 aliquid
2679 970 2956 1027 moliatur,
3000 968 3092 1020 sed
3128 969 3398 1037 tantisper

1818 1055 1963 1108 domi
1980 1057 2352 1124 conquiescat.
2378 1057 2729 1127 Pariqnoque
2749 1061 3133 1129 tenorejussus
3157 1061 3402 1115 scribere

1812 1149 2210 1201 Canstantinns
2280 1150 2589 1210 accubitor,
2644 1149 2948 1219 eademque
3001 1152 3302 1220 prrecipere
3336 1166 3402 1205 ac

1816 1239 2174 1295 Constantino
2201 1242 2513 1310 imperatori
2538 1243 2845 1310 subjectum
2875 1258 3115 1297 manere.
3147 1242 3404 1311 Acceptis

1820 1332 1909 1385 ille
1941 1330 2219 1387 divalibus
2250 1334 2456 1388 litteris
2497 1334 2564 1388 ab
2589 1335 2804 1389 Andiea
2828 1335 3141 1404 primicerio
3168 1336 3403 1403 impera-

1822 1422 1965 1473 torio
2000 1425 2430 1489 protovestiario
2473 1423 2621 1477 domi
2670 1427 2722 1478 in
2777 1426 3121 1495 Cappadocia
3159 1425 3403 1494 privatus

1821 1513 1964 1579 egit;
2002 1514 2125 1567 inde
2158 1516 2403 1583 impleto,
2429 1516 2573 1583 quod
2607 1518 2684 1569 ila
2713 1517 2898 1582 habet,
2947 1528 3120 1587 poeta:
3158 1517 3402 1573 celebra-

1826 1608 1938 1651 tum
1982 1602 2226 1670 eloquio,

1972 1802 2110 1858 Tum:
2160 1822 2288 1858 sane
2315 1806 2591 1859 lusciniam
2630 1808 2841 1861 trahens
2885 1808 2935 1860 in
2966 1808 3173 1859 deserta
3224 1805 3404 1860 insula

1970 1874 2159 1947 Avibus
2182 1876 2573 1945 discerpendam
2598 1878 2991 1947 vorandamque
3016 1876 3251 1945 reliquit,

1971 1944 2217 2014 Aquilam
2248 1944 2367 1999 vero
2399 1957 2584 2015 sponte
2622 1946 2884 2000 cedentem
2905 1944 3157 2015 'snamiin
3192 1947 3405 1999 domum

3079 2014 3331 2088 [reduxi].

1912 2131 1998 2184 14.
2052 2130 2234 2183 Mense
2272 2128 2441 2197 Aprili
2477 2129 2739 2198 nuptialis
2770 2139 3085 2183 contractus
3114 2128 3349 2182 arrhabo
3377 2146 3406 2182 a

1829 2221 2194 2276 Constantino
2233 2221 2561 2288 imperatore
2620 2220 2840 2273 Helena:
2885 2220 3114 2273 Romani
3153 2220 3405 2272 filimtra-

1830 2313 2009 2377 ditur;
2048 2314 2322 2383 tertioque
2350 2313 2583 2369 Galilaeaa
2618 2312 2999 2382 (hebdomadre
3053 2312 3261 2366 scilicet
3303 2313 3406 2366 Pa-

1831 2405 1999 2473 scha?)
2026 2404 2299 2474 nuptiales
2322 2405 2599 2459 corollasa
2624 2404 2848 2459 Nicolao
2864 2404 3173 2473 patriarcha
3189 2403 3406 2471 recipit.

1830 2497 2079 2551 Romano
2132 2512 2367 2564 namque
2416 2497 2766 2566 imperatoris
2814 2509 2971 2563 patre
3023 2502 3231 2557 creato,
3290 2493 3410 2562 ejus

1830 2590 1953 2643 loco
2003 2589 2467 2657 Christophornm
2526 2588 2699 2657 ipsius
2760 2588 2930 2641 filium
2992 2585 3407 2641 betaeriarcham

1830 2679 2095 2748 praefecit.
2146 2680 2301 2733 Haud
2346 2680 2569 2749 longum
2614 2689 2829 2749 tempus
2878 2680 3240 2742 abscesserat,
3285 2692 3410 2733 cum

1829 2771 1995 2839 728
2018 2770 2126 2823 Leo
2150 2771 2380 2833 Phocus,
2398 2767 2727 2840 optimatum
2746 2772 3109 2840 quorumdam
3131 2771 3411 2825 seductio-

1829 2860 1993 2914 nibus
2037 2860 2297 2914 inductus
2333 2861 2387 2913 in
2436 2861 2798 2915 rebellionem
2841 2861 3064 2915 defecit.
3098 2861 3410 2929 Ascitisque

1830 2952 1922 3021 qui
1954 2966 2138 3005 secum
2184 2962 2371 3006 essent
2401 2951 2762 3006 Constantino
2808 2953 3126 3006 accubitore
3167 2961 3224 3006 et
3266 2950 3413 3007 Con-

1830 3043 2074 3097 stantino
2095 3059 2125 3097 a
2153 3044 2398 3105 secretis,
2426 3044 2649 3098 Malelia:
2668 3043 2797 3105 filio,
2817 3053 3004 3097 sancte
3028 3042 3257 3099 afﬁrmat
3276 3059 3415 3099 cun-

1831 3135 2044 3203 ctisque
2088 3135 2321 3188 suadere
2350 3136 2545 3189 nititur
2577 3135 2630 3189 in
2675 3135 3018 3189 Constantini
3065 3135 3411 3203 imperatoris

146 3228 406 3299 τοιαύτην
466 3231 703 3282 ποιεῖται
766 3231 1110 3300 συγκίνησιν.
1149 3230 1234 3302 [Ρ.
1276 3232 1404 3303 479]
1450 3233 1725 3301 Ῥωμανδς

1833 3227 2061 3295 gratiam
2139 3227 2450 3280 istiusmodi
2495 3241 2553 3280 se
2606 3236 2815 3281 motum
2877 3227 3075 3281 facere.
3131 3227 3412 3281 Romanus

141 3320 201 3373 δὲ
231 3321 261 3370 ὁ
297 3320 715 3389 βασιλεοπάτωρ
746 3320 1142 3389 χρυσόσουλλον
1162 3324 1392 3392 ποιήσας
1419 3325 1510 3374 ἐνυ
1524 3325 1729 3393 πόγρα-

147 3427 249 3477 φον
306 3411 384 3472 ὡς
430 3412 496 3463 ὲκ
530 3410 825 3480 προσώπου
871 3412 963 3464 τοῦ
1008 3411 1272 3480 βασιλέως
1320 3415 1730 3469 Κωνσταντίνου

144 3502 246 3572 τῆς
269 3502 534 3572 τοιαύτης
565 3502 859 3571 ιπιὸουλῆς
884 3504 1200 3573 ἀνατροπὴν
1232 3506 1510 3575 περιέχον,
1553 3508 1731 3561 Ὅσοι

144 3595 257 3648 τὸν
288 3592 507 3648 Φωκᾶν
566 3593 1128 3663 καταλιμπάνοντες
1153 3594 1233 3659 τῷ
1261 3597 1734 3665 ,βασιλεοπάτορι

142 3686 215 3739 δὲ
259 3686 755 3753 προσφεύγοντες
789 3726 805 3750 ,
873 3687 1026 3753 ὑπὲρ
1073 3687 1179 3739 τοῦ
1218 3688 1529 3754 ,ϐασιλέως
1566 3690 1687 3743 εἰσὶ
1714 3730 1729 3754 ,

142 3778 273 3838 δοὺς
333 3779 502 3846 Ἀννη
577 3778 685 3829 τινὶ
740 3778 963 3846 γυναικὶ
1021 3778 1228 3832 ἀναιδεί
1296 3781 1391 3833 καὶ
1477 3781 1727 3853 θρασείᾳ,

147 3864 215 3929 ἣν
247 3862 313 3931 δὴ
344 3864 439 3915 καὶ
488 3864 729 3917 Βασιὰν¹
778 3866 1209 3936 προσηγόρευον,
1247 3868 1339 3920 καὶ
1360 3869 1606 3939 κληρικῷ
1628 3890 1732 3925 τινι

144 3952 394 4023 Μιχαὴλ,
426 3956 483 4005 ὲν
506 3954 582 4024 τῷ
629 3955 979 4027 στρατοπέδῳ
1019 3956 1351 4026 ἐξέπεμψεν,
1385 3962 1448 4012 Οἱ
1474 3961 1531 4013 δὲ
1551 3963 1728 4015 ταῦτα

145 4049 477 4119 διέσπειραν
520 4051 682 4103 παντὶ
722 4050 798 4119 τῷ
840 4050 1078 4121 στρατῷ.
1126 4053 1237 4105 Καὶ
1281 4055 1307 4105 ὁ
1361 4055 1461 4122 μὲν
1511 4057 1732 4128 Μιχαὴλ

148 4140 439 4211 φωραθεὶς
487 4142 728 4211 ἀνηλεῶς
781 4143 989 4214 ὲτύφθη
1038 4144 1140 4215 τήν
1163 4162 1222 4197 τε
1248 4149 1370 4212 ῥῖνα
1395 4149 1489 4200 καὶ
1524 4149 1593 4201 τὰ
1614 4143 1731 4202 ὦτα

148 4232 474 4302 ὑπετμήθη,
541 4233 675 4286 ἀλλὰ
719 4234 855 4303 μετὰ
903 4236 1079 4289 ταῦτα
1114 4239 1266 4306 παρὰ
1325 4238 1608 4308 Ῥωμανοῦ
1633 4243 1731 4310 τῆς

148 4326 545 4394 προσηκούσης
602 4324 791 4394 ἔτυχεν
848 4326 1116 4395 ἀμοιϐῆς·
1168 4327 1429 4392 ὡσαύτως
1466 4332 1731 4402 καίήσὺν

145 4413 305 4482 αὐτῷ
358 4414 619 4467 σταλείσα
670 4414 808 4485 γυνὴ
841 4416 1032 4468 Ἅννα.
1057 4416 1282 4486 Πρῶτος
1316 4416 1409 4473 οὖν
1429 4422 1457 4473 ὁ
1488 4424 1603 4485 υἱὸς
1636 4426 1729 4477 τοῦ

150 4503 555 4573 Βαρυ-Μιχαὴλ
610 4505 1045 4569 Κωνσταντῖνος,
1088 4507 1180 4560 τοῦ
1227 4510 1507 4579 τάγματος
1547 4514 1729 4583 ἄρχων

1832 3327 2013 3371 autem
2054 3318 2402 3386 imperatoris
2444 3328 2597 3387 pater
2645 3334 2812 3373 aurea
2865 3318 3011 3373 bulla
3066 3318 3412 3386 imperatoris

1831 3408 2238 3477 subscriptione
2277 3410 2489 3462 munita
2519 3410 2745 3479 ejusque
2795 3410 3018 3464 nomine
3047 3410 3216 3471 edita,
3253 3408 3414 3477 quid~

1831 3501 1965 3569 quid
2017 3517 2207 3555 eorum
2242 3502 2332 3557 hic
2379 3502 2579 3557 Leonis
2608 3502 2935 3556 insidiarum
2984 3512 3123 3560 erat,
3159 3501 3409 3571 dispulit.

1831 3593 2163 3648 Litterarum
2216 3594 2306 3649 hic
2344 3603 2501 3648 tenor
2524 3605 2662 3649 erat:
2695 3593 2884 3648 Omnes
2914 3596 3001 3663 qui
3030 3595 3206 3647 relicto
3237 3593 3413 3649 Plioca

1831 3686 2167 3753 imperatoris
2198 3686 2339 3754 patri
2367 3702 2477 3740 sese
2504 3686 2869 3754 adjunxerint,
2895 3689 2987 3738 Iros
3011 3703 3131 3738 vero
3153 3680 3218 3738 ob
3249 3687 3413 3755 impe-

1835 3778 2029 3829 ratoris
2075 3787 2219 3829 stare
2272 3778 2529 3847 partibus.
2569 3777 2914 3831 Concrcdita:
2943 3779 3145 3831 litterae
3193 3777 3412 3846 procaci

1832 3868 2045 3921 cuidam
2092 3868 2395 3938 audacique
2442 3868 2685 3932 mulieri,
2744 3869 2916 3922 Annae
2951 3869 3176 3922 nomine
3216 3868 3329 3935 (cui
3359 3877 3415 3921 et

1832 3958 2098 4022 Basilica},
2152 3978 2215 4015 ac
2273 3964 2318 4014 si
2372 3960 2784 4030 imperatoriam
2844 3961 3187 4029 regalemque
3241 3959 3413 4021 dicas,

1831 4051 2421 4121 cognomen-imlidere
2453 4053 2496 4122 ),
2541 4052 2780 4122 itemque
2830 4052 3031 4107 clerico
3076 4052 3293 4106 cuidam
3319 4052 3416 4105 Mi-

1831 4143 2030 4205 chaeli,
2063 4159 2203 4212 quos
2242 4142 2297 4196 in
2329 4143 2521 4198 l’hocae
2557 4154 2735 4197 castra
2768 4144 2969 4209 emisit,
3014 4159 3076 4195 ac
3117 4159 3214 4213 per
3240 4158 3337 4199 eos
3361 4146 3414 4196 in

1831 4250 2048 4288 onmem
2080 4237 2382 4289 exercitum
2431 4236 2645 4291 litteras
2675 4236 3071 4289 disseminavit.
3110 4235 3282 4289 Porro
3316 4236 3415 4288 Mi-

1832 4328 1985 4381 chael
2036 4328 2421 4396 deprehensus
2472 4328 2629 4382 storis
2679 4329 3004 4382 verberibus
3053 4328 3284 4383 allectus
3333 4338 3418 4381 est

1832 4436 2071 4488 nasoque
2102 4431 2156 4475 et
2187 4420 2415 4475 auribus
2440 4429 2762 4484 truncatus;
2786 4421 2879 4489 qui
2917 4432 3095 4474 tamen
3118 4436 3146 4475 a
3170 4421 3415 4477 Romano

1833 4525 2020 4583 postea
2056 4555 2069 4577 ,
2095 4530 2259 4583 quam
2310 4514 2560 4577 decebat,
2594 4515 2851 4583 prastita:
2885 4529 3066 4581 operae
3105 4513 3414 4567 mercedem

147 4594 259 4649 τῶν
288 4598 584 4655 ίκανάτων,
633 4598 946 4652 καταλιπὼν
984 4600 1073 4653 τὸν
1099 4604 1293 4657 Φωκᾶν
1331 4605 1409 4674 τῷ
1464 4606 1731 4679 Ῥωμανῷ

1835 4606 2124 4671 νίαειῐιαυο
2154 4608 2383 4676 recepit.
2416 4607 2680 4661 Similiter
2712 4621 2932 4675 quoque
2965 4605 3040 4657 illi
3073 4606 3219 4659 socia
3258 4606 3413 4659 Anna

148 4689 563 4759 προσέδραμεν,
597 4689 742 4761 ἀρχὴ
772 4691 1015 4760 γεγονὼς
1046 4694 1196 4763 αὑτῴ
1227 4698 1606 4764 καταλύσεως·
1640 4702 1736 4754 σὺν

150 4782 305 4852 αὐτῷ
328 4782 388 4834 δὲ
422 4782 515 4834 καὶ
544 4784 572 4834 ὁ
592 4783 879 4847 Βαλαντιος
915 4786 1009 4838 καὶ
1026 4788 1051 4839 ὀ
1068 4786 1359 4858 λεγόμενος
1388 4792 1731 4864 ’Δτζμωρος,

151 4874 526 4944 τουρμάρχων
568 4874 736 4927 ὄντων
784 4877 1135 4947 ἀμφοτέροιν.
1165 4882 1317 4935 Λέων
1351 4882 1446 4937 οὖν
1475 4886 1503 4936 ὁ
1535 4888 1732 4950 Φωκᾶς

152 4968 297 5035 μετά
346 4966 479 5020 λαοῦ
524 4967 776 5020 πλείστου
833 4968 934 5039 τὴν
978 4972 1318 5041 Χρυσόπολιν
1367 4974 1690 5032 καταλαϐὼν
1717 5020 1731 5043 ,

151 5061 273 5129 ητις
327 5058 439 5112 ἀπὸ
494 5059 587 5112 τοῦ
643 5060 990 5133 Ἀλέξανδρον
1051 5066 1414 5135 περιτυχόντα
1451 5070 1515 5139 τῇ
1578 5071 1731 5123 πόλει

151 5149 247 5202 τοῦ
284 5149 559 5212 Βύζαντος
605 5149 748 5203 κατά
796 5152 920 5204 τινά
945 5169 1003 5205 τε
1024 5152 1228 5225 ταύτης
1248 5157 1426 5226 χῶρον
1451 5158 1541 5211 τὸν
1571 5161 1736 5214 αὐτοῦ

152 5242 283 5293 λαὺν
344 5242 746 5310 στρατηγῆσαι,
800 5242 887 5311 ἐφ’
948 5244 1055 5314 ὅτῳ
1111 5246 1393 5303 τεθεικὸτα
1455 5252 1739 5321 περίϐολον

152 5332 571 5401 προσονομὰσαι
620 5333 982 5403 Στρατήγιον,
1022 5339 1114 5393 καὶ
1134 5338 1342 5392 ἐκεῖθεν
1371 5345 1738 5410 μεταναστεύ-

155 5437 329 5473 σαντα
404 5421 500 5475 καὶ
559 5423 672 5484 τοῖς
729 5424 1026 5493 ἀντίπεραν
1084 5427 1455 5495 προσελθόντα
1511 5433 1739 5500 χρυσίον

154 5513 346 5565 ἰκανὸν
394 5512 674 5567 ἐπιδοῦναι
711 5514 792 5584 τῷ
826 5517 1015 5587 οἰκείῳ
1040 5517 1171 5588 λαῷ,
1200 5520 1544 5589 Χρυσόπολις
1568 5538 1736 5593 προσ-

157 5604 478 5675 ηγόρευται.
510 5606 571 5660 Οἱ
594 5606 654 5659 δὲ
676 5608 783 5660 ἀπὸ
819 5608 914 5661 τοῦ
938 5610 1139 5680 χρυσὸν
1168 5612 1230 5664 ἐκ
1252 5612 1533 5681 μετάλλων
1564 5615 1738 5686 αὐτῆς

1839 4700 2054 4768 mulier.
2090 4700 2307 4753 Primus
2336 4700 2501 4769 igitur
2527 4698 2923 4754 Constantinus
2968 4697 3418 4767 Bary—Michaelis

1839 4786 1986 4840 [ilius
2028 4789 2374 4842 lcanalorum
2410 4789 2656 4842 cohortis
2684 4786 2976 4856 praefectus
3011 4786 3201 4839 relicto
3235 4786 3415 4841 Phoca

1838 4881 1903 4933 ad
1942 4882 2245 4934 Romanum
2295 4880 2616 4950 transfugit;
2653 4895 2774 4947 qum
2807 4895 2994 4933 rerum
3042 4878 3236 4933 Phoca:
3264 4893 3421 4931 evcr~

1836 4974 2125 5027 tendarum
2172 4974 2326 5042 origo
2368 4973 2491 5027 fuit.
2525 4973 2662 5025 Eum
2698 4971 2871 5025 secuti
2924 4980 2979 5024 et
3026 4970 3329 5034 Balantius,
3360 4976 3419 5022 et

1839 5080 2001 5133 quem
2029 5065 2107 5117 sic
2130 5075 2327 5119 vocant
2356 5064 2669 5126 Atunorus,
2706 5063 2807 5132 ipsi
2852 5077 3074 5131 quoque
3122 5061 3284 5113 ambo
3317 5062 3418 5113 tri-

1840 5154 1993 5209 buni.
2053 5154 2161 5207 Leo
2212 5155 2377 5225 igitur
2447 5155 2658 5208 Phocas
2704 5170 2828 5207 cum
2874 5153 3189 5222 ingentibus
3239 5153 3415 5221 copiis

1836 5246 2217 5316 Chrysopolim
2249 5246 2606 5314 veniensuioc
2639 5246 2759 5300 urbi
2793 5260 2992 5299 nomen
3016 5261 3083 5298 ex
3105 5260 3172 5298 eo
3197 5244 3410 5298 scilicet

1843 5341 1988 5410 quod
2020 5341 2329 5395 Alexander
2372 5341 2691 5411 Byzantium
2720 5341 2966 5403 veniens,
3012 5339 3252 5408 quodam
3298 5339 3417 5409 ejus

1843 5432 1962 5486 loco
1974 5441 2151 5486 castra
2169 5441 2423 5495 metatus,
2442 5432 2585 5486 vallo
2606 5447 2733 5487 eum
2754 5430 3259 5499 munieritac729
3277 5441 3420 5483 stra-

1850 5527 2054 5595 tegium
2087 5542 2154 5580 ex
2183 5525 2260 5579 rei
2311 5541 2411 5580 usu
2454 5526 2769 5590 vocaverit;
2804 5526 3039 5595 indeque
3085 5525 3137 5578 in
3192 5524 3415 5577 alteram

1847 5619 2022 5687 ripam
2060 5620 2335 5689 trajicicns
2382 5620 2501 5674 auri
2554 5619 2682 5683 τίω,
2726 5628 2987 5689 quantam
3034 5634 3129 5687 par
3170 5626 3308 5674 erat,
3361 5616 3413 5668 in

1407 5727 1641 5786 VARIE
1688 5730 2086 5788 LECTIONES.

233 5814 277 5847 ’τ
313 5813 443 5866 τὸνῖ
518 5813 533 5845 ⁸
569 5813 864 5886 Βασιλικὴν
896 5819 1111 5889 reliqui.
1145 5820 1395 5877 Combcf.
