4158 6438
177 383 285 446 793

178 587 535 656 παιδαγωγὸς
565 593 976 648 Κωνσταντίνου
1023 596 1289 666 βασιλέως
1333 602 1604 674 θεόδωρος
1658 610 1752 660 καὶ

178 678 407 748 Συμεὼν
462 681 490 732 ό
542 682 705 736 αὐτοῦ
757 686 1017 754 ἁδελφὸς,
1077 692 1169 743 καὶ
1228 693 1515 747 ἐσθιόντων
1573 700 1753 753 αὐτῶν

173 768 430 835 εἰσῆλθεν
481 773 733 842 Ἰωάννης
769 776 1127 848 ὃρουγγάριος
1161 782 1258 850 τῆς
1289 784 1476 852 βίγλας
1511 789 1538 840 ό
1573 791 1751 861 Κουρ-

173 861 344 924 κούας
394 865 532 932 μετὰ
573 867 822 920 πλείστου
874 868 1026 934 λαοῦ,
1062 871 1156 924 καὶ
1173 873 1401 938 ,τούτους
1431 878 1752 949 ἀναρπάσας

172 948 251 1010 ὡς
284 950 428 1003 κατὰ
469 950 749 1022 Ῥωμανοῦ
807 959 1152 1027 μελετῶντας
1220 963 1299 1025 εἰς
1357 948 1598 1034 Ὀψίκιον
1665 969 1753 1033 ἑξ-

173 1057 399 1111 ωρισεν.

251 1133 339 1196 ιζ’.
372 1135 451 1203 Τῇ
478 1135 555 1186 κδ’
593 1136 684 1188 τοῦ
731 1139 1103 1210 Σεπτεμϐρίου
1142 1145 1309 1212 μηνὸς
1345 1150 1571 1217 τιμᾶται
1611 1150 1748 1204 Ῥω-

170 1225 347 1291 μανδς
375 1229 441 1296 τῇ
476 1226 566 1280 τοῦ
626 1230 903 1301 Καίσαρος
955 1233 1102 1304 ἀξίᾳ,
1163 1239 1255 1289 καὶ
1311 1241 1377 1309 τῇ
1443 1239 1506 1304 ιζ’
1532 1242 1625 1294 τοῦ
1656 1247 1750 1296 Δε-

167 1317 442 1386 κεμϐρίου
468 1317 553 1388 [Ρ.
581 1320 707 1392 481]
754 1325 922 1391 μηνὸς
965 1327 1220 1396 στέφεται
1268 1331 1418 1400 παρά
1463 1335 1742 1387 Κωνσταν-

167 1410 320 1460 τίνου
355 1409 619 1478 βασιλέως
670 1415 764 1467 καὶ
811 1417 1083 1472 Νικολάου
1137 1425 1478 1494 πατριάρχου
1521 1429 1578 1479 ὲν
1638 1427 1745 1480 ἔτει

165 1499 248 1568 τῷ
280 1509 480 1571 ⁴ς,·υνη’,
518 1505 847 1572 ίνδικτιῶνος
900 1517 974 1578 η’”
1034 1513 1131 1564 καὶ
1180 1513 1290 1567 τῶν
1335 1518 1505 1584 ἁγίων
1537 1519 1747 1588 Θεοφα-

165 1591 300 1684 νίων
332 1593 586 1684 στέφεται
619 1595 870 1667 Θεοδὼρα
915 1603 946 1670 ἠ
983 1602 1120 1672 γυνὴ
1148 1606 1332 1662 αὑτοῦ.
1368 1611 1476 1664 Καὶ
1506 1613 1570 1681 τῇ
1605 1614 1742 1684 αὐτῇ

161 1682 354 1773 ἡμέρᾳ
383 1683 477 1740 τοῦ
504 1686 667 1742 αὑτοῦ
698 1690 865 1758 μηνὸς
896 1692 995 1760 τῆς
1017 1691 1057 1746 ε’
1086 1696 1106 1725 ⁸
1133 1696 1490 1766 ίνδικτιῶνος,
1517 1682 1743 1773 Χριστοξ

160 1772 332 1838 φόρος
399 1774 428 1825 ὁ
479 1775 593 1838 υἱὸς
649 1775 938 1848 Ῥωμανοῦ
1011 1782 1386 1856 διαγορεύεται
1453 1772 1739 1860 βασιλεύς·

160 1864 424 1959 στέφεται
475 1867 533 1959 de
586 1871 654 1939 τῇ
722 1871 1070 1946 Πεντηκοστῇ
1134 1879 1287 1949 παρὰ
1335 1880 1429 1933 τοῦ
1479 1882 1741 1950 βασιλέως
1776 1864 1880 1959 Bj}

159 1952 603 2043 limvatavzlvou,
650 1960 741 2014 καὶ
773 1965 1133 2035 προέρχονται
1177 1963 1324 2023 οὗτοι
1381 1972 1430 2024 οἱ
1468 1973 1562 2032 δύο
1591 1975 1740 2043 μόνοι

156 2041 218 2092 ὲν
253 2043 321 2115 τῇ
362 2043 587 2111 προελεύ
597 2063 698 2101 σει.

234 2226 328 2287 ιη’.
353 2219 445 2290 Τῷ
473 2221 529 2274 δὲ
589 2221 793 2294 Ἰουλίῳ
851 2229 980 2297 μηνὶ
1032 2230 1130 2297 τῆς
1194 2232 1364 2303 αὐτῆς
1412 2236 1736 2305 nemo»;

157 2307 376 2378 γίνεται
408 2312 605 2376 ἓνωσις
631 2316 740 2370 τῶν
779 2318 1146 2388 ἀποσχιστῶν.

234 2401 321 2456 ιθ¹.
361 2403 452 2493 Tt?
482 2404 538 2462 δὲ
574 2408 886 2482 Ὀκτωῦρίῳ
918 2413 1049 2482 μηνὶ
1103 2413 1201 2484 τῆς
1257 2416 1300 2469 θ’
1359 2420 1737 2493 ὲπινεμήσεως

159 2490 529 2554 ὑποπτευθεὶς
556 2493 826 2562 Στέφανος
853 2500 880 2550 ὁ
913 2502 1213 2574 μάγιστρος
1237 2506 1309 2568 ὡς
1340 2509 1438 2576 τῆς
1461 2490 1736 2579 βασιλείας

155 2583 450 2649 ἐφιέμενος
482 2585 840 2656 ἀποκείρεται
894 2593 951 2642 ἑν
983 2595 1048 2662 τῇ
1091 2595 1199 2649 ’τοῦ
1252 2597 1555 2669 ’Δντιγόνου
1589 2606 1734 2676 νήσῳ

156 2674 272 2741 ἅμα
313 2673 578 2742 Θεοφάνει
623 2678 897 2753 Τειχεώτῃ
928 2683 1018 2735 καὶ
1061 2685 1258 2757 Παύλῳ
1319 2673 1734 2768 ὐρςρανοτρόφω

152 2769 266 2827 τοῖς
321 2767 633 2836 ἀνθρώποις
681 2771 866 2824 αὑτοῦ.
927 2776 1096 2830 Πάλιν
1162 2782 1425 2850 μηνύεται
1476 2767 1733 2860 ἐπιϐουλὴ

158 2856 490 2925 μελετᾶσθαι
525 2861 673 2930 παρὰ
722 2861 996 2933 ’Λρσενίου
1029 2871 1120 2922 καὶ
1175 2872 1383 2926 Παύλου
1432 2877 1539 2929 τῶν
1593 2856 1732 2949 μαγλ

157 2949 437 3013 γλασιτῶν
469 2968 483 2980 ·
536 2954 585 3006 οἳ
625 2957 715 3008 καὶ
761 2960 1054 3027 τυφθέντες
1099 2967 1194 3019 καὶ
1236 2967 1597 3040 δημευθέντες
1648 2977 1732 3042 ἐξ·

154 3043 493 3116 ωρίσθησαν.

226 3143 294 3190 κ’.
351 3137 642 3210 Ῥεντάκης
665 3143 693 3194 ὁ
730 3143 1039 3208 Ἐλλαδικδς
1065 3151 1389 3221 πατρολοὶας
1416 3157 1725 3226 γενόμενος,

155 3229 276 3281 ἐπεὶ
320 3230 501 3284 πάντα
554 3233 624 3285 τὰ
673 3234 766 3287 τοῦ
803 3239 1008 3306 πατρὸς
1054 3241 1307 3311 ἐληΐσατο
1355 3248 1451 3300 καὶ
1481 3252 1547 3319 τῇ
1579 3252 1730 3306 πόλει

156 3323 525 3391 προσέφυγεν,
582 3327 792 3380 ἐκεῖθεν
853 3329 1068 3399 ψευδεῖς
1116 3337 1335 3404 γραφὰς
1389 3343 1730 3406 συσκευάσας

156 3413 291 3502 εἶρος
356 3413 695 3502 Βουλγαρίαν
750 3421 1056 3490 ἀποφυγεῖν
1115 3425 1360 3495 ἔμελλεν.
1424 3431 1729 3502 Κρατηθεὶς

152 3494 241 3551 οὖν
266 3502 393 3562 τοὺς
424 3501 733 3571 ὀφθαλμοὺς
763 3507 1132 3578 ἐξορύσσεται.

222 3596 330 3644 κα⁹.
372 3593 482 3645 Καὶ
528 3594 688 3648 πάλιν
737 3599 784 3649 οι
832 3598 1130 3671 Βούλγαροι
1168 3606 1328 3675 μέχρι
1358 3609 1727 3682 Κατασυρτῶν

149 3680 496 3745 ἐξελαύνουσι
541 3686 677 3753 μετὰ.
715 3688 814 3759 τὴν
861 3690 955 3743 τοῦ
1003 3695 1202 3755 Δουκὸς
1241 3680 1596 3768 Ἀδραλέστου-
1643 3722 1727 3756 τε·

150 3773 367 3842 λευτήν.
410 3775 776 3845 Προῦάλλεται
827 3781 995 3846 Πόθος
1031 3786 1352 3854 δομέετικος
1379 3791 1486 3843 τῶν
1523 3794 1726 3864 σχολῶν

148 3869 175 3920 ὀ
202 3864 300 3918 τοῦ
331 3866 620 3938 Ἀργυροῦ.
657 3872 750 3924 καὶ
794 3873 955 3944 μέχρι
999 3877 1388 3948 Θερμοπόλεως
1433 3887 1572 3953 μετὰ
1618 3890 1725 3944 τῶν

147 3959 450 4029 ταγμάτων
502 3960 674 4016 ἐλθὼν
721 3965 1008 4020 ἀπέστειλε
1061 3971 1280 4043 Μιχαὴλ
1335 3976 1427 4028 τὸν
1464 3979 1556 4032 τοῦ
1597 3983 1726 4035 Μω-

150 4052 269 4123 poi}.
328 4055 350 4085 ⁷
401 4055 516 4108 υἱὸν
564 4059 689 4120 τοὺς
739 4058 1079 4130 Βουλγάρους
1112 4072 1613 4142 κατασκοπήσοντα.
1666 4077 1723 4131 '0

147 4145 203 4198 δὲ
249 4145 575 4215 ἁπροόπτως
616 4148 693 4218 τῷ
749 4151 891 4222 λόχῳ
943 4155 1127 4209 αὐτῶν
1177 4161 1435 4227 ἐμπεσὼν
1496 4167 1724 4234 πολλοὺς

149 4237 248 4303 μὲν
277 4237 388 4290 τῶν
417 4238 738 4311 Βουλγάρων
781 4245 1010 4309 ἀνεῖλεν,
1061 4249 1155 4302 καὶ
1198 4253 1358 4318 αὐτὸς
1400 4255 1456 4308 δὲ
1488 4258 1718 4328 πληγεὶς

145 4330 202 4382 ὲν
231 4333 297 4400 τῇ
335 4332 486 4390 πόλει
524 4334 780 4391 εἰσελθὼν
803 4337 1171 4408 ἐτελεύτησεν.

215 4420 325 4488 κβ’.
360 4420 530 4474 Πάλιν
559 4422 615 4475 δὲ
649 4423 915 4493 μηνύεται
956 4430 1217 4502 ἐπιϐουλὴ
1248 4435 1388 4488 κατὰ
1439 4438 1718 4510 Ῥωμανοῦ

953 392 1318 458 ANNALES.
1346 423 1416 434 --
1453 400 2033 473 CONSTANTINUS
2073 417 2635 490 PORPlIYROGEN
2655 477 2669 491 .

174 497 398 566 τρικίου
452 499 549 552 καὶ
608 499 846 572 κόμητος
898 503 993 556 τοῦ
1044 507 1276 562 στάόλου
1323 512 1407 574 είς
1457 515 1676 584 ἄριστον
1721 518 1748 570 ὁ
1778 526 1823 583 Α
1855 527 1991 583 toris

3312 443 3418 507 79L

2027 533 2321 605 padagogo
2355 541 2582 610 ejusque
2630 543 2795 600 fratre
2855 546 3122 618 Symeone
3169 567 3199 605 a
3248 553 3419 611 Theo-

1857 620 2110 690 pbylacto
2138 631 2366 694 patricio
2400 649 2463 686 ac
2480 635 2678 688 stabuli
2716 639 2936 704 comite,
2971 642 3185 711 illisque
3234 661 3418 700 come-

1855 713 2134 778 dentibus.
2166 719 2443 787 ingressus
2491 725 2731 781 Joannes
2780 729 3024 787 Curcuas
3058 737 3418 793 excubiarum

1852 804 2182 876 drungarius
2207 826 2328 864 cum
2362 818 2732 882 apparitorum
2761 821 2979 889 copiosa
3030 840 3192 879 manu
3230 844 3416 884 corre-

1854 905 1975 965 ptos
1999 899 2142 963 illos,
2176 904 2327 969 quasi
2359 907 2450 971 qui
2480 907 2742 965 adversus
2773 913 3081 969 Romanum
3145 922 3419 977 machina-

1854 1003 2062 1058 rentur,
2097 995 2163 1048 ad
2195 994 2473 1066 Opsicium
2503 1003 2784 1071 relegavit.

1925 1176 2012 1230 l7.
2044 1177 2246 1233 Mensis
2273 1178 2614 1248 Septembris
2644 1182 2732 1236 die
2759 1195 2959 1252 quarto
3003 1202 3168 1256 supra
3215 1189 3414 1258 vigesi-

1851 1283 1999 1321 mum
2031 1269 2308 1324 Romanus
2328 1271 2558 1326 Casaris
2590 1273 2854 1341 dignitate
2876 1285 3141 1336 ornatur;
3186 1280 3417 1332 mensis-

1849 1374 1955 1427 que
2007 1360 2321 1414 Decembris
2377 1361 2467 1415 die
2521 1363 2733 1417 decimo
2807 1366 3062 1433 septimo,
3115 1366 3413 1422 indictione

1849 1458 2059 1509 octava,
2083 1466 2228 1502 anno
2253 1450 2412 1510 6458,
2435 1467 2462 1503 a
2504 1450 2863 1507 Constantino
2887 1463 2941 1508 et
2976 1455 3204 1509 Nicolao
3247 1457 3415 1524 patri-

1848 1540 2010 1594 arclta
2048 1542 2317 1608 augustali
2372 1557 2572 1596 corona
2621 1542 2894 1608 donatur;
2946 1561 3226 1599 sacrorum
3284 1546 3412 1600 item

1847 1629 2329 1700 Theophaniorum
2366 1632 2474 1696 die,
2510 1634 2798 1689 Theodora
2830 1636 2949 1704 ejus
2999 1650 3136 1688 uxor
3168 1636 3413 1705 Augusta

1846 1733 2161 1777 coronatur.
2191 1724 2505 1792 Eodemque
2546 1725 2635 1778 die
2686 1726 2932 1794 ejusdem
2993 1726 3218 1788 mensis,
3271 1727 3412 1780 indi-

1846 1817 2026 1868 ctione
2061 1827 2273 1875 octava,
2308 1816 2738 1885 Christopnorus
2784 1819 3014 1872 Romani
3067 1819 3415 1886 imperatoris

1889 1907 1992 1960 lius
2017 1908 2315 1975 imperator
2346 1908 2676 1971 declaratus,
2716 1909 2832 1978 ipse
2858 1925 3075 1978 quoque
3104 1909 3194 1964 die
3223 1919 3413 1964 sancto

1847 1999 2199 2052 Pentecostes
2237 1999 2305 2052 ab
2351 1999 2683 2067 imperatore
2734 2000 3096 2055 Constantino
3135 2002 3412 2069 Augustus

1845 2091 2186 2158 appellatur;
2213 2091 2484 2158 amboque
2513 2091 2741 2146 solemni
2765 2109 2861 2164 per
2881 2093 3071 2149 urbem
3098 2110 3294 2163 pompa
3311 2096 3410 2150 soli

1844 2191 2251 2251 processerunt.

1915 2274 2002 2326 18.
2026 2274 2210 2328 Mense
2235 2275 2381 2331 Julio
2407 2276 2653 2346 ejusdem
2700 2276 3018 2331 indictionis
3042 2292 3231 2331 eorum
3257 2291 3410 2332 como

1844 2363 2006 2419 missa
2034 2366 2208 2420 unitio
2237 2378 2321 2420 est
2345 2368 2438 2436 qui
2470 2369 2620 2422 scissi
2659 2369 2909 2436 partibus
2933 2379 3111 2423 erant.

1917 2457 2000 2510 l9.
2034 2458 2215 2512 Mense
2246 2458 2494 2524 Octobri,
2535 2461 2836 2514 indictione
2863 2476 3026 2525 nona,
3061 2461 3114 2514 in
3142 2461 3411 2531 suspicio-

1841 2565 1965 2603 nem
1999 2560 2226 2605 vocatus
2263 2551 2574 2620 Stephanus
2607 2553 2866 2623 magister
2915 2555 3072 2622 quasi
3112 2555 3409 2622 imperium

1840 2644 2094 2705 ambiret,
2128 2645 2180 2698 in
2214 2645 2468 2714 Antigoni
2533 2647 2731 2709 insula,
2771 2662 2876 2699 una
2925 2660 3050 2700 cum
3094 2646 3254 2716 732
3292 2645 3409 2700 suis

1842 2737 2156 2790 hominibus
2182 2737 2515 2806 Theophane
2541 2738 2789 2792 Tichiote
2825 2747 2880 2792 et
2911 2739 3079 2793 Paulo
3121 2739 3407 2808 Orphano-

1841 2828 2058 2895 tropho,
2111 2829 2504 2882 monachorum
2565 2829 2672 2882 ritu
2729 2829 2940 2896 capillis
2989 2829 3252 2883 multatus
3302 2836 3405 2884 est.

1837 2916 2163 2969 Denuntiata
2200 2931 2390 2970 rursus
2421 2917 2729 2987 conjuratio
2753 2917 3074 2973 auctoribus
3095 2917 3323 2972 Arsenio
3352 2925 3408 2970 et

1838 3009 2009 3062 Paulo
2046 3010 2432 3078 manglabitis;
2465 3011 2558 3077 qui
2589 3019 2646 3064 et
2664 3011 2989 3064 verberibus
3013 3010 3193 3064 affecti
3217 3009 3408 3064 bonis-

1837 3115 1943 3167 que
1974 3100 2268 3167 publicatis
2295 3100 2347 3153 in
2377 3101 2630 3154 exsilium
2656 3102 2804 3156 missi
2830 3110 2979 3155 sunt.

1757 3220 1800 3276 ο
1904 3191 1994 3244 20.
2032 3191 2302 3245 Rentaces
2334 3192 2645 3246 Helladicus
2675 3192 2950 3262 parricida
2985 3192 3236 3256 eﬂ'ectus,
3258 3191 3405 3261 quod

1833 3283 2002 3350 patris
2035 3281 2176 3334 bona
2210 3283 2392 3335 omnia
2423 3282 2751 3351 diripuerat,
2790 3285 2843 3336 in
2871 3285 3064 3338 urbem
3112 3283 3400 3353 profugus,

1830 3374 1981 3427 falsis
2014 3374 2086 3426 ibi
2120 3375 2443 3443 compositis
2476 3376 2697 3439 tabulis,
2755 3375 2808 3429 in
2862 3376 3171 3446 Bulgariam
3223 3377 3402 3446 fugam

1829 3466 2077 3534 parabat.
2111 3466 2319 3534 Captus
2355 3467 2539 3536 itaque
2565 3468 2742 3522 oculis
2768 3469 2995 3522 orbatus
3017 3476 3122 3524 est.

1898 3641 1984 3693 2|.
2017 3641 2226 3694 Rursus
2254 3656 2386 3694 vero
2450 3640 2697 3710 Bulgaris
2754 3639 2819 3693 ad
2877 3639 3186 3708 Catasyrtas
3228 3651 3402 3706 usque

1827 3734 2268 3794 excurrentibus,
2300 3733 2445 3801 quod
2479 3733 2796 3786 Adrelastes
2825 3731 2935 3784 dux
2968 3730 3106 3782 vivis
3148 3744 3397 3783 excesse-

1829 3833 1935 3883 rat,
1991 3823 2199 3877 l’othus
2254 3822 2446 3892 Argyri
2497 3822 2642 3875 filius
2694 3822 3004 3875 scholarum
3063 3818 3399 3872 domesticus

1826 3915 2151 3983 praalicitur;
2185 3913 2459 3982 ductoque
2486 3913 2550 3966 ad
2582 3913 2991 3981 Tbcrmopolim
3038 3926 3210 3979 usque
3240 3927 3397 3964 exer-

1826 4002 1961 4062 citu,
1989 4001 2218 4054 Michael
2269 4001 2489 4054 Marolis
2521 4002 2668 4054 filius
2696 4000 2762 4052 ad
2797 4000 3158 4068 Bulgarorum
3218 4008 3398 4051 castra

1825 4093 2159 4163 exploranda
2190 4093 2412 4155 missus,
2445 4107 2511 4145 ex
2546 4091 2851 4160 improviso
2876 4107 2929 4143 In
2955 4091 3173 4143 illorum
3209 4089 3396 4158 lapsus

1825 4201 2084 4246 cuneum,
2114 4185 2302 4238 multis
2326 4201 2518 4238 eorum
2541 4185 2717 4246 caesis,
2747 4182 3073 4235 vulneratus
3103 4180 3219 4248 ipse
3247 4188 3302 4232 et
3335 4178 3390 4230 in

1825 4278 2016 4332 urbem
2046 4278 2261 4332 delatus
2292 4277 2420 4332 fatis
2447 4277 2740 4330 concessit.

1891 4451 1977 4506 22.
2019 4452 2232 4505 Rursus
2287 4451 2689 4521 conjurationis
2753 4451 2806 4504 in
2863 4451 3171 4505 Romanum
3228 4447 3392 4502 delati

143 4511 644 4623 Ernl‘Avaa‘raoiou
681 4519 1021 4589 γενησομένη
1057 4523 1410 4596 σακελλαρίου
1444 4533 1537 4584 καὶ
1589 4533 1715 4588 Θεοο
1751 4568 1760 4623 1

1833 4545 2141 4598 Anastasius
2163 4544 2479 4598 sacellarius
2496 4554 2551 4597 et
2585 4544 2968 4598 Theodoretus
2998 4541 3392 4603 cubicularius,

138 4599 389 4671 δωρητου
419 4607 732 4662 κοιτωνίτου

137 4695 235 4748 τοῦ
262 4696 469 4750 εἰδικοῦ
511 4699 605 4752 καὶ
643 4700 819 4756 ἄλλων
858 4705 1042 4770 τινῶν,
1093 4708 1168 4772 ὡς
1199 4710 1361 4779 δῆθεν
1393 4715 1532 4788 ὑπὲρ
1563 4695 1714 4772 Κίων-

139 4788 423 4844 σταντίνου
451 4789 713 4858 βασιλέως
739 4794 1151 4867 ἀγωνιζόμενοι.
1186 4802 1561 4874 Ἐλεγχθέντες
1589 4811 1714 4865 ἐτύ·

137 4879 380 4949 φθησαν,
412 4882 506 4933 καὶ
528 4883 627 4953 τὴν
653 4884 824 4955 μέσην
854 4886 1151 4955 διελθόντες
1180 4893 1571 4969 ἐξωρίσθησαν.

207 5066 315 5129 κγ’.
346 5061 458 5132 τῆς
488 5063 746 5134 τοιαύτης
785 5067 841 5121 δὲ
881 5071 1209 5140 προφάσεως
1238 5074 1536 5148 λαϐόμενος
1579 5082 1713 5136 Ῥω-

137 5152 307 5216 μανὺς
339 5153 432 5205 τὸν
499 5154 724 5226 βασιλέα
775 5159 1180 5218 Κωνσταντῐνον
1241 5167 1560 5237 ὑποὸιόάζει
1617 5178 1713 5231 καὶ

135 5238 394 5310 δεύτερον
417 5243 615 5299 ἑαυτοῦ
639 5247 948 5318 καθίστησι.
980 5254 1149 5307 Πάλιν
1169 5253 1265 5310 οὖν
1289 5260 1711 5333 ὲκστρατεύουσι

136 5331 440 5424 Πούλγαροι
497 5335 660 5410 μέχρι
701 5340 809 5392 τῶν
853 5343 1181 5411 Μαγγλαδά.
1240 5331 1435 5423 Ὀπερ-
1465 5357 1650 5424 μαθὼν
1685 5362 1712 5412 ό

137 5421 400 5487 βασιλεὺς
462 5425 740 5504 Ῥωμανδς
775 5431 1031 5504 Ἰωάννην
1083 5437 1347 5509 ραίκτορα
1386 5421 1710 5503 -άττοστέλλει

134 5512 254 5608 tina
276 5514 483 5608 θέοντι
510 5519 603 5608 atat
648 5520 802 5590 Πόθῳ
832 5527 942 5588 τοῖς
969 5526 1274 5597 Ἀργυροίς,
1313 5531 1532 5602 ἔχοντας
1587 5542 1707 5608 μεθ’

785 4610 879 4663 καὶ
933 4612 1247 4686 Δημητρίου
1283 4629 1717 4696 πρωτονοταρίου
1751 4610 1760 4623 ι

1833 4650 2037 4689 necnon
2058 4634 2362 4687 Demetrius
2386 4634 2566 4688 aerarii
2588 4633 2782 4702 privati
2817 4632 3245 4701 protonotarius.
3270 4630 3393 4683 alii—

1823 4742 1930 4795 que
1977 4726 2248 4786 nonnulli,
2302 4726 2451 4778 velut
2504 4725 2598 4794 qui
2655 4724 3014 4778 Constantino
3076 4720 3391 4792 imperatori

1823 4817 2104 4887 suppetias
2125 4817 2272 4870 irent
2290 4819 2519 4886 ejusque
2546 4831 2708 4869 causa
2742 4815 3109 4869 decertarent.
3136 4811 3391 4867 Convicti

1822 4922 1972 4969 vero,
2014 4907 2330 4960 verberibus
2374 4905 2553 4960 affecti
2596 4905 2840 4974 urbcque
2897 4905 3074 4958 media
3128 4903 3389 4967 traducti,

1820 4998 2014 5054 exsilio
2051 4998 2275 5066 relegati
2312 5005 2458 5050 sunt.

1889 5089 1977 5142 25.
2003 5087 2115 5141 Hac
2159 5089 2436 5142 Romanus
2460 5096 2678 5155 arrepta
2725 5084 3037 5146 occasione,
3068 5097 3131 5136 ac
3162 5083 3389 5152 pericu.

1820 5178 1931 5233 lum
1972 5187 2298 5247 prmtexens,
2333 5177 2757 5232 Constantinum
2806 5175 3189 5244 imperatorem
3235 5173 3387 5243 deje-

1819 5279 1964 5324 ctum
1998 5270 2240 5328 secundo
2272 5271 2428 5340 733
2460 5287 2487 5323 a
2515 5286 2571 5324 se
2600 5271 2721 5323 loco
2751 5268 2902 5322 facit.
2934 5268 3147 5320 Rursus
3199 5265 3384 5334 itaque

1818 5364 2174 5434 Bulgarorum
2200 5364 2265 5418 ad
2314 5362 2592 5433 Manglaba
2627 5378 2799 5431 usque
2850 5358 3121 5414 excursio.
3181 5357 3384 5410 Roma-

1817 5473 1922 5510 nus
1953 5472 2009 5508 re
2037 5466 2313 5526 comperta
2340 5457 2605 5510 Joannem
2644 5463 2913 5508 rectorem
2957 5467 3080 5505 cum
3114 5450 3295 5504 Leone
3327 5458 3383 5501 et

1818 5547 1988 5602 Potho
2019 5547 2263 5618 Argyris.
2291 5547 2453 5616 justis
2483 5547 2658 5616 copiis
2688 5546 2987 5599 instructos
3029 5557 3094 5596 ex
3146 5541 3379 5610 agmini-

131 5605 346 5656 ἑαυτῶν
392 5607 595 5676 πλῆθος
647 5611 826 5665 ἱκανὸν
878 5615 940 5668 ἐκ
998 5635 1051 5669 τε
1106 5621 1214 5673 τῶν
1265 5626 1560 5694 ταγμάτων
1588 5605 1704 5687 -καὶ

1833 5656 1913 5693 )US
1942 5649 1997 5692 et
2027 5639 2321 5706 fozdcratis,
2363 5640 2624 5709 impetum
2684 5645 3008 5708 excepturos
3052 5634 3237 5689 mittit.
3269 5634 3383 5690 Una

1443 5745 1674 5808 VARUS
1701 5754 2101 5812 LECTIONLS.

199 5797 218 5826 "
253 5804 298 5864 η·
335 5812 522 5868 margo
557 5797 612 5851 Γ.
691 5801 708 5828 ⁷
741 5802 1160 5873 Μωρολὲοντοςῖ
