4158 6438
768 408 876 471 795

1978 406 2360 466 SYMEONIS
2390 404 2767 465 MAGISTRI

3930 401 4031 461 796

768 522 959 577 aderat
1010 528 1066 573 et
1114 519 1340 572 Alexius
1395 518 1598 571 Musele
1644 516 1909 586 patricius
1954 518 2343 587 navaliumun

2454 515 2557 568 τῶν
2586 515 2686 583 τῆς
2718 512 2991 582 ἑταιρείας
3027 528 3038 540 ·
3084 510 3167 581 [Ρ.
3200 509 3326 579 482]
3360 504 3440 572 οἷς
3479 508 3644 576 συνῆν
3676 510 3767 560 καὶ
3796 508 4033 573 ’Λλέξιος

768 609 1106 679 drungarius
1128 623 1252 662 eum
1300 607 1603 661 classiariis
1649 608 1785 660 suis.
1831 606 2248 677 Castrisitaque
2286 609 2340 661 in

768 703 945 771 planis
979 701 1482 769 liutnilioribusque
1542 701 1808 769 Pegarum
1846 701 1984 755 locis
2031 701 2339 769 dispositis,

766 795 1066 864 Bulgarise
1097 794 1481 860 superioribus
1546 800 1756 846 armata
1827 793 2099 863 phalange
2158 808 2342 847 emer—

767 892 1026 960 gentibus
1082 891 1301 959 lateque
1362 905 1547 944 aerem
1599 891 1887 945 incondito
1944 892 2343 961 tremendoque

767 982 1008 1033 clamore
1038 979 1395 1049 implentibus
1423 996 1487 1035 ac
1518 981 1860 1034 validissimo
1889 981 2097 1050 impetu
2131 982 2345 1035 irruen-

770 1072 937 1133 tibus,
972 1072 1155 1124 statim
1189 1082 1371 1127 rector
1398 1071 1578 1141 fugam
1610 1072 1888 1140 capessit;
1940 1074 2101 1141 cujus
2150 1072 2342 1127 tuendi

765 1170 951 1229 partes
978 1162 1257 1216 sustinens
1293 1162 1566 1216 Photinus
1602 1163 1900 1233 Platipodis
1923 1164 2067 1217 filius
2092 1173 2341 1219 necatus.

765 1252 871 1305 Alii
900 1253 1099 1320 partim
1122 1254 1300 1324 gladio
1327 1256 1665 1323 interempti,
1695 1258 1890 1324 partim
1909 1257 2045 1309 mari
2071 1256 2344 1311 submersi

764 1345 1093 1414 perierunt:
1129 1348 1329 1414 reliqui
1368 1348 1575 1416 captivi
1608 1350 1834 1402 abducti
1869 1359 2021 1403 sunt.
2058 1350 2251 1419 Argyri
2278 1349 2343 1403 ad

764 1435 1121 1491 Castellulum
1174 1436 1303 1507 fuga
1336 1450 1654 1494 evaserunt.
1690 1441 1930 1509 Bulgari,
1967 1442 2119 1494 nullo
2173 1443 2344 1510 impe-

770 1538 884 1583 tum
916 1530 1231 1584 retardante
1262 1540 1357 1584 aut
1408 1533 1491 1586 eis
1538 1532 1814 1596 obstante,
1874 1534 2141 1602 Pegarum
2194 1534 2345 1602 pala-

768 1620 843 1673 tia
881 1636 946 1676 ac
996 1637 1159 1677 omne
1214 1624 1444 1678 Stenuin
1513 1625 1761 1695 subjecta
1825 1626 2039 1679 flanima
2092 1626 2351 1681 incende-

766 1721 917 1765 runt.

2451 606 2740 675 πατρίκιος
2766 605 2860 657 καὶ
2898 603 3263 673 δρουγγάριος
3293 604 3401 655 τῶν
3435 604 3696 671 πλωῖμων
3724 604 3753 654 ὁ
3786 601 4032 654 Μουσελὲ

2453 702 2593 770 μετὰ
2622 702 2717 754 τοῦ
2772 698 2903 753 λαοῦ
2960 698 3148 751 αὐτοῦ.
3202 698 3564 762 Διατὰξαντες
3604 696 3696 749 οὖν
3746 692 3891 749 οὗτοι
3947 696 4036 747 τὸν

2447 791 2573 844 λαὸν
2626 790 2805 844 αὐτῶν
2857 793 2914 843 tv
2982 793 3095 849 τοῖς
3138 789 3374 852 πεδινοῖς
3440 790 3533 841 καὶ
3591 788 4035 857 χθαμαλωτέροις

2445 886 2635 947 τόποις
2683 884 2793 935 τῶν
2850 882 3072 950 Πηγῶν,
3124 884 3233 935 τῶν
3294 880 3615 952 Βουλγάρων
3660 880 3869 933 ἄνωθεν
3902 882 4034 931 ἀνα-

2447 976 2727 1044 φανέντων
2785 975 3025 1028 ἐνόπλων
3083 977 3176 1027 καὶ
3252 974 3345 1043 βοῇ
3420 973 3784 1042 χρησαμένων
3840 973 4035 1040 ἀσήμῳ

2447 1070 2542 1119 καὶ
2592 1067 2822 1136 φοϐερᾷ,
2887 1066 2983 1119 καί⁵
3054 1067 3429 1135 σφοδροτάτως
3475 1064 3860 1116 ὲπελασάντων
3914 1064 4034 1114 κατ’

2446 1161 2630 1215 αὐτῶν
2658 1160 2821 1223 εὐθὺς
2858 1159 3050 1227 φεύγει
3082 1160 3108 1211 6
3163 1160 3426 1229 ραίκτωρ,
3464 1156 3764 1226 σφάττεται
3807 1156 3866 1208 δὲ
3900 1156 4036 1224 ὑπὲρ

2446 1254 2637 1306 τούτου
2684 1255 3086 1322 ἀγωνιζόμενος
3126 1253 3393 1312 Φωτεινδς
3439 1254 3467 1305 6
3514 1251 3608 1303 τοῦ
3668 1250 4033 1313 Πλατύποδος,

2448 1346 2541 1397 καὶ
2568 1346 2616 1397 οἱ
2640 1345 2817 1398 λοιποὶ
2845 1346 2892 1397 οι
2926 1345 3025 1413 μὲν
3053 1347 3398 1411 ἐσφάγησαν,
3429 1345 3476 1395 οἰ
3505 1342 3558 1394 δὲ
3610 1345 3667 1394 ἐν
3695 1346 3762 1412 τῇ
3791 1342 4036 1409 θαλάσσῃ

2448 1436 2765 1489 ἀπώλοντο⁶
2828 1436 2977 1490 ἄλλοι
3040 1436 3381 1504 αἰχμάλωτοι
3431 1435 3737 1503 γεγόνασιν.
3799 1434 3865 1485 υἱ
3923 1434 4039 1502 Ἀρ-

2450 1531 2604 1601 γυροί
2628 1530 2682 1581 δὲ
2716 1532 2774 1583 tv
2807 1530 2886 1601 τῷ
2924 1530 3230 1600 καστελλὶῳ
3281 1528 3544 1597 φυγόντες
3580 1525 3942 1596 διεσώθησαν.
3977 1526 4035 1577 ΟΞ

2448 1623 2504 1675 δὲ
2543 1621 2844 1691 Βούλγαροι
2904 1622 3108 1692 μηδένα
3158 1624 3247 1674 τὸν
3294 1620 3572 1673 κωλύοντα
3620 1619 3839 1688 ἔχοντες
3878 1618 3949 1671 τά
3981 1634 4038 1669 τε

2453 1714 2689 1767 παλάτια
2738 1715 2849 1767 τῶν
2906 1715 3106 1783 Πηγῶν
3160 1713 3548 1784 ἐπυρπόλησαν
3598 1713 3691 1765 καὶ
3744 1712 3805 1765 τὸ
3844 1711 4038 1764 Στενδν

2450 1804 2595 1857 ἅπαν
2635 1806 3005 1859 κατέκαυσαν.

836 1894 925 1949 24.
962 1894 1263 1949 Februario
1289 1910 1499 1957 mense,
1527 1894 1835 1949 indictione
1864 1894 2105 1956 decima,
2142 1896 2347 1950 mensis

2520 1899 2617 1953 κδ’.
2657 1898 2747 1968 Τῷ
2781 1898 2836 1950 δὲ
2867 1896 3225 1968 Φεϐρουαρίῳ
3259 1897 3410 1967 μηνὶ,
3450 1896 3550 1961 τῆς
3603 1894 3631 1946 ι’
3684 1892 4038 1957 ίνδικτιῶνος,

767 1986 857 2040 die
889 1987 1173 2055 vigesima,
1207 1987 1477 2042 exstincta
1513 1987 1806 2043 Theodora
1834 1989 2067 2042 Romani
2104 1989 2341 2056 impera-

767 2076 906 2130 toris
936 2092 1095 2138 uxor,
1131 2078 1185 2130 in
1230 2079 1482 2147 ejusdem
1537 2080 1769 2134 Romani
1805 2079 2039 2142 aedibus,
2091 2094 2230 2147 quas
2286 2079 2341 2131 in

768 2164 1166 2218 monasterium
1224 2176 1490 2230 verterat,
1562 2167 1784 2221 condita
1846 2177 1950 2221 est.
2030 2166 2343 2235 Sophiaque

763 2256 1149 2325 Cltristophori
1181 2256 1530 2326 imperatoris
1565 2274 1705 2311 usor
1742 2258 2015 2327 augustali
2050 2260 2345 2326 insignitur

766 2363 994 2403 corona.
1023 2348 1143 2413 Quo
1162 2350 1325 2402 etiam
1360 2359 1609 2420 tempore
1640 2349 1767 2404 lber
1792 2351 2141 2419 curopalates
2167 2351 2221 2403 in
2256 2367 2346 2403 ur-

769 2437 892 2493 bem
933 2439 1103 2500 venit,
1126 2439 1470 2509 solemnique
1497 2456 1692 2508 pompa
1728 2450 1894 2509 atque
1934 2455 2193 2508 processu
2244 2441 2346 2493 lio-

764 2546 902 2586 nore
928 2540 1218 2600 susceptus
1245 2540 1364 2598 est;
1395 2531 1482 2585 cui
1508 2540 1563 2586 et
1592 2532 1789 2586 Sancta
1821 2531 2026 2600 Sapbia
2055 2530 2345 2601 magnifico

764 2623 919 2677 cultu
953 2632 1147 2677 ornata
1177 2632 1421 2676 ostensa.
1470 2623 1529 2676 In
1568 2638 1733 2691 quam
1792 2624 2095 2693 ingressus,
2158 2623 2346 2692 reique

768 2714 1039 2768 miraculo
1124 2714 1180 2767 in
1256 2722 1544 2783 stuporem
1611 2724 1802 2779 actus,
1861 2714 2087 2770 domum
2164 2731 2349 2769 rever-

767 2821 863 2860 8118
894 2816 998 2860 est.

840 2894 1003 2967 735
1028 2895 1116 2949 25.
1144 2895 1358 2951 Rursus
1380 2912 1513 2951 vero
1557 2896 1795 2967 Bulgari,
1821 2912 2010 2951 mense
2050 2898 2237 2961 Junio,
2280 2897 2346 2953 ad

768 2986 982 3041 Sanctae
1007 3003 1181 3057 usque
1222 2988 1527 3043 Theodorte
1545 2990 1745 3060 palatia
1764 2990 2078 3053 venientes,
2130 2990 2349 3060 illisque

767 3081 1151 3143 concrematis,
1178 3082 1388 3150 reliqua
1407 3083 1810 3151 populabantur
1834 3100 1848 3147 ;
1893 3098 1957 3136 ac
2006 3098 2198 3137 rursus
2216 3098 2348 3137 con-

769 3178 913 3224 serta
943 3185 1122 3241 pugna
1174 3172 1403 3227 Romani
1453 3174 1507 3227 in
1564 3175 1747 3244 fugam
1765 3183 2076 3228 vertuntur.
2097 3173 2352 3229 Sacteccs

2451 1994 2515 2061 τῇ
2568 1989 2614 2043 κ’
2670 1991 2765 2044 τοῦ
2821 1992 3012 2060 μηνὸς,
3072 1989 3325 2059 Θεοδὼρα
3374 1990 3407 2059 ἡ
3460 1986 3693 2058 σύμϐιος
3757 1984 4038 2054 Ῥωμανοῦ

2452 2083 2696 2154 τελευτᾷ,
2756 2085 2852 2136 καὶ
2917 2082 3269 2135 κατατίθεται
3327 2084 3406 2145 εἰς
3456 2081 3547 2133 τὸν
3600 2074 3746 2133 οἷκον
3794 2078 3893 2131 τοῦ
3943 2076 4040 2147 βαι

2454 2175 2645 2245 σιλέως
2699 2175 2983 2244 Ῥωμανοῦ
3034 2175 3125 2227 τὸν
3175 2174 3268 2225 ὑπ’
3314 2172 3479 2226 αὐτοῦ
3532 2173 3613 2235 εἰς
3674 2172 4041 2242 μοναστήριον

2452 2268 2745 2334 γενόμενον
2779 2282 2792 2295 '
2849 2265 2946 2318 καὶ
3008 2265 3263 2332 στέφεται
3318 2264 3489 2331 Σοφία
3534 2265 3568 2331 ἡ
3622 2262 3713 2315 τοῦ
3775 2262 4041 2331 βασιλέως

2457 2358 2838 2428 Χριστοφόρου
2894 2358 3055 2425 γυνή,
3107 2356 3240 2408 Τότε
3271 2357 3364 2410 κα)⁸
3418 2355 3575 2426 Ἰὗηρ
3626 2354 4044 2425 κουροπαλάτης

2452 2450 2509 2502 ὲν
2535 2452 2601 2519 τῇ
2633 2450 2785 2503 πόλει
2817 2449 3177 2520 παρεγένετο,
3211 2450 3302 2503 καὶ
3340 2448 3567 2519 πρόοδος
3616 2447 3767 2516 αὐτῷ
3809 2447 4043 2514 λαμπρὰ

2452 2545 2667 2613 γέγονε,
2693 2544 2787 2596 καὶ
2821 2544 2956 2612 μετά
2974 2543 3135 2612 τιμῆς
3174 2542 3465 2613 ὑπεδέχθη,
3489 2544 3582 2597 καὶ
3614 2544 3646 2611 ἠ
3682 2540 3844 2609 Ἀγία
3874 2541 4043 2605 Σοφία

2453 2634 2629 2705 τούτῳ
2654 2633 3050 2703 κεκοσμημένη
3103 2631 3391 2702 ὑπεδείχθη
3423 2650 3435 2661 ’
3474 2632 3552 2692 εἰς
3600 2631 3659 2683 ὃν
3707 2630 3839 2682 ναὸν
3868 2629 4044 2681 εἰσελ-

2454 2724 2565 2779 θὼν
2600 2725 2695 2778 καὶ
2723 2724 3011 2795 Θαυμάσας
3037 2724 3199 2776 πάλιν
3237 2726 3315 2787 είς
3336 2724 3405 2777 τὰ
3438 2724 3548 2777 ῐδια
3577 2722 3946 2793 ὑπέστρεψεν.

2529 2909 2627 2955 κε’.
2678 2902 2791 2954 Kal.
2833 2901 2995 2954 πάλιν
3026 2902 3073 2955 οἰ
3114 2901 3415 2973 Βούλγαροι
3443 2904 3501 2955 tv
3544 2900 3621 2971 τῷ
3647 2902 3856 2971 ’ῐουνίῳ
3915 2901 4047 2971 μηνὶ

2461 2995 2625 3064 μέχρι
2662 2994 2771 3047 τῶν
2826 2996 2923 3064 τῆς
2961 2994 3150 3062 Ἀγίας
3212 2993 3493 3065 Θεοδὼρας
3529 2993 3805 3048 παλατίων
3857 2989 4044 3063 ἦλθον,

2464 3086 2559 3137 καὶ
2617 3085 2786 3138 ταῦτα
2834 3087 2969 3155 πυρὶ
3021 3087 3201 3150 δόντες
3256 3087 3326 3139 τὰ
3386 3087 3514 3157 ἑξῆς
3577 3086 3876 3154 ἐληΐζοντο.
3938 3085 4048 3136 Καὶ

2461 3178 2624 3231 πάλιν
2660 3178 2898 3246 πολέμου
2959 3179 3250 3249 γενομένου
3303 3180 3595 3249 τρέπονται
3656 3179 3946 3246 Ῥωμαῖοι.
3990 3178 4048 3229 Ὀ

768 3270 955 3317 autem
976 3267 1161 3332 (quem
1179 3264 1399 3335 vocant)
1423 3267 1611 3321 multis
1629 3267 1888 3336 praeclare
1904 3267 2141 3335 fortique
2159 3266 2348 3319 virtute

2467 3265 2522 3317 δὲ
2551 3264 2841 3335 λεγόμενος
2900 3268 3187 3335 Σακτήκης
3225 3265 3397 3321 πολλὰ
3446 3266 3869 3337 ἀνδραγαθήσας
3921 3264 4050 3320 πολ·

770 3352 960 3419 gestis,
1001 3368 1066 3406 ac
1102 3354 1273 3407 multa
1308 3354 1553 3409 hostium
1580 3356 1707 3409 data
1764 3365 1967 3425 strage,
2024 3371 2147 3409 cum
2206 3371 2353 3409 unus

773 3440 890 3511 ipse
919 3443 1259 3498 multitudini
1294 3446 1473 3515 impar
1498 3456 1667 3511 esset,
1702 3448 1851 3502 letali
1870 3458 2100 3518 accepto
2122 3450 2352 3504 vulnere

771 3532 956 3603 fugam
994 3534 1116 3595 init,
1141 3546 1307 3604 atque
1349 3537 1403 3591 in
1436 3537 1865 3593 Blachernarum
1902 3542 2108 3610 templo
2142 3540 2354 3610 positus

770 3625 957 3679 statim
981 3625 1126 3679 diem
1152 3628 1287 3681 obit.

841 3713 933 3767 26.
982 3714 1233 3769 Excitato
1293 3718 1347 3770 in
1395 3716 1623 3771 Cltaldia
1686 3718 1921 3773 tumultu
1984 3719 2054 3773 ab
2113 3718 2355 3774 Adriano

770 3806 980 3861 Chaldo
1001 3817 1057 3861 et
1095 3808 1319 3862 Tatzate
1354 3811 1637 3873 Armenio,
1670 3810 1855 3865 Bardaa
1882 3811 2048 3865 Boila:
2088 3811 2143 3863 in
2193 3810 2355 3865 Chal-

771 3898 862 3953 dia
889 3901 1141 3969 pratoris
1170 3901 1403 3955 consilio
1437 3906 1500 3967 (a
1523 3903 1727 3971 quibus
1760 3904 1924 3956 etiam
1962 3911 2183 3970 captum
2229 3903 2352 3957 Pai-

771 4008 871 4062 per
903 3994 1216 4061 praesidium
1247 3996 1584 4061 munitum),
1641 3994 1881 4048 Joannes
1916 3993 2163 4048 Curcuas
2189 3995 2353 4048 scho-

772 4082 950 4137 larum
986 4082 1350 4148 domesticus,
1384 4101 1565 4155 pugna
1593 4086 1645 4139 in
1670 4100 1767 4139 eos
1811 4094 2064 4139 conserta
2110 4085 2353 4153 ipsorum

773 4175 1000 4241 potitus,
1037 4176 1301 4230 clariores
1331 4178 1553 4246 quidem
1585 4178 1761 4231 oculis
1792 4178 1973 4233 orbat.
2005 4193 2201 4231 eorum
2246 4193 2351 4247 pu-

775 4266 976 4321 blicata
1006 4267 1334 4331 substantia,
1372 4285 1643 4339 pauperes
1673 4285 1805 4323 vero
1835 4278 1893 4323 et
1914 4269 2188 4323 obscuros
2235 4285 2348 4339 quo

772 4359 945 4412 velint
977 4360 1115 4413 citra
1138 4376 1334 4414 noxam
1361 4363 1717 4431 abirejubet.
1783 4362 2039 4415 Tatzates
2099 4378 2249 4427 vero,
2296 4362 2352 4415 in

774 4449 930 4503 aliud
976 4450 1101 4519 fuga
1156 4462 1415 4521 receptus
1452 4454 1723 4508 munitum
1785 4453 2127 4523 prtesidium,
2184 4455 2354 4523 petita

772 4541 1092 4597 securitatis
1124 4543 1226 4597 fide
1263 4546 1454 4600 urbem
1488 4547 1769 4616 ingressus
1802 4555 1929 4612 est;
1982 4547 2353 4617 magisterque

2454 3359 2579 3421 λούς
2616 3376 2677 3411 τε
2736 3360 2960 3425 ἀνελὼν,
3013 3360 3284 3431 καὶπρὸς
3341 3358 3404 3411 τδ
3458 3358 3662 3426 πλῆθος
3718 3358 4048 3427 ἀντιστῆναι

2459 3453 2533 3521 μὴ
2564 3452 2885 3519 δυνάμενος,
2918 3454 3140 3523 καιρίαν
3186 3452 3418 3521 πληγεὶς
3443 3451 3657 3519 φεύγει,
3709 3449 3806 3503 καὶ
3868 3452 3925 3502 ὲν
3973 3450 4049 3517 τῷ

2455 3543 2567 3613 ναῷ
2594 3544 2702 3596 τῶν
2738 3544 3059 3614 Βλαχερνῶν
3088 3543 3267 3607 τεθεὶς
3304 3542 3465 3606 εὐθὺς
3500 3540 3861 3611 ἀποθνήσκει.

2529 3715 2640 3781 κς·’.
2717 3717 3040 3787 Ἀνταρσίας
3090 3716 3147 3769 δὲ
3206 3717 3507 3787 γενομένης
3562 3719 3619 3771 tv
3682 3717 3893 3788 Χαλδῖα
3944 3719 4048 3771 ὕπο

2467 3808 2750 3876 Ἀδριανοῦ
2782 3808 3020 3870 Χαλδέος
3046 3809 3141 3861 καὶ
3163 3810 3443 3873 Τατζάτου
3485 3808 3773 3878 Ἀρμενίου
3811 3814 3880 3878 τῇ
3916 3811 4048 3861 ὑπο-

2456 3901 2598 3971 θήκῃ
2631 3901 2808 3969 Πάρδα
2856 3900 2950 3953 τοῦ
3004 3900 3167 3955 Βοῖλα
3230 3903 3664 3972 στρατηγοῦντος
3712 3904 3770 3953 ὲν
3811 3904 4046 3974 Χαλδία,

2456 3993 2551 4045 καὶ
2594 3993 2653 4046 τὸ
2687 3994 2902 4061 ιῙαῖπερ
2941 3993 3203 4062 ὀχύρωμα
3254 3993 3554 4063 ἐκρατήθη.
3596 3994 3656 4046 Ὀ
3690 3994 3798 4045 τῶν
3842 3996 4049 4063 σχολῶν

2453 4084 2778 4152 δομέστικος
2838 4086 3094 4153 Ἰωάννης
3145 4089 3171 4139 6
3224 4087 3545 4156 Κουρκούας
3581 4087 4049 4157 καταπολεμήσας

2454 4180 2549 4229 καὶ
2581 4178 2871 4246 κατασχὼν
2898 4178 3025 4241 τοὺς
3072 4178 3170 4246 μὲν
3218 4179 3713 4248 περιφανέστερους
3745 4179 4050 4245 ὰποτυ-,ιλοί

2455 4269 2549 4321 καὶ
2577 4269 2674 4330 τὰς
2697 4269 2885 4331 οὐσίας
2914 4268 3163 4338 δημεύει,
3208 4271 3335 4333 τοὺς
3379 4270 3435 4323 δὲ
3467 4272 3760 4339 πενιχροὺς
3786 4272 3882 4322 καὶ
3912 4272 4051 4336 ἀσή-

2461 4378 2590 4429 μους
2615 4358 2821 4423 ἀθώους
2854 4360 3120 4422 κελεύσας
3156 4364 3279 4415 ὅποι
3312 4363 3583 4434 βούλοιντο
3617 4364 3859 4417 ἀπιέναι.
3911 4364 3973 4417 Ὀ
3996 4364 4050 4415 δὲ

2458 4454 2743 4524 Τατζάτης
2776 4455 2833 4506 tv
2879 4456 3054 4523 ἑτέρῳ
3091 4455 3410 4525 ὀχυρώματι
3451 4458 3731 4525 διαφυγὼν
3764 4460 3859 4510 καὶ
3891 4459 4052 4527 λόγον

2459 4547 2689 4615 αἰτήσας
2747 4547 2805 4597 tv
2853 4550 2919 4617 τῇ
2983 4549 3135 4600 πόλει
3169 4549 3527 4619 εἰσεληλύθει,
3587 4552 3680 4602 καὶ
3743 4554 4052 4621 μαγιστρος

778 4643 1073 4700 provectus
1128 4635 1183 4688 in
1220 4632 1503 4706 Manganis
1548 4638 1651 4691 sub
1707 4637 1955 4692 custodia
2008 4637 2348 4692 morabatur.

2459 4636 2748 4705 γενόμενος
2778 4638 2834 4689 tv
2861 4639 2973 4698 τοῖς
3010 4638 3328 4703 Μαγγάνοις
3377 4639 3715 4709 τηρούμενος
3766 4619 3999 4711 διῃτᾶτο
4035 4659 4048 4671 ·

776 4723 915 4777 Dum
949 4742 1078 4779 vero
1115 4727 1296 4797 fugam
1346 4730 1591 4793 molitur,
1638 4738 1832 4799 captus
1876 4730 2054 4783 oculis
2106 4730 2356 4784 orbatur.

776 4814 982 4869 Bardas
1010 4816 1162 4870 Boila
1216 4819 1565 4887 imperatoris
1605 4818 1897 4873 clementia
1932 4819 2192 4873 monachi
2243 4812 2355 4873 ritu

778 4908 1006 4961 caesarie
1038 4909 1325 4964 multatur.

848 5002 938 5054 27.
978 5003 1247 5073 Symeone
1276 5020 1409 5059 vero
1436 5021 1560 5060 cum
1590 5005 1849 5060 omnibus
1874 5006 2048 5075 cepiis
2078 5006 2347 5061 Adriano.

777 5093 947 5162 polim
996 5094 1287 5151 obsidente
1328 5112 1391 5151 ac
1441 5096 1658 5151 fortiter
1718 5097 1911 5152 urbem
1973 5108 2346 5167 Oppugnante,

780 5187 928 5256 quod
961 5188 1133 5244 fames
1179 5191 1357 5244 valida
1400 5192 1658 5246 obsessos
1707 5200 1985 5261 premeret
2036 5206 2139 5245 nec
2190 5189 2351 5259 735

780 5282 892 5334 ulla
914 5280 1286 5337 frumentandi
1311 5284 1542 5337 facultas
1566 5289 1647 5337 eis
1676 5283 1865 5337 relicta
1919 5292 2086 5345 esset,
2138 5282 2242 5351 ipsi
2292 5295 2350 5333 se

778 5383 1181 5445 praetoremque
1221 5392 1381 5429 suum
1430 5376 1677 5445 Bulgaris
1708 5376 2092 5445 prodiderunt.
2149 5374 2279 5428 Erat
2308 5374 2356 5429 is

783 5465 1115 5522 Moroleonis
1148 5485 1250 5523 seu
1280 5470 1497 5539 (verius
1524 5468 1706 5538 dicas)
1740 5469 2132 5541 Thymoleonis
2184 5467 2351 5531 ﬁlius,

783 5559 867 5611 vir
907 5574 1031 5613 cum
1058 5560 1181 5614 aliis
1224 5562 1465 5631 optimus
1515 5570 1627 5615 tum
1678 5562 2046 5617 rebus'bello
2092 5560 2355 5631 prmclare

782 5652 953 5722 gestis
982 5653 1320 5710 clarissimus
1365 5654 1725 5727 plurimisque
1774 5656 2039 5711 adversus
2092 5654 2355 5723 Bulgaros

2459 4727 2653 4797 δρᾶσαι
2680 4727 2731 4779 δὲ
2766 4728 3199 4797 βουλευσάμενος
3236 4730 3519 4783 ἁλίσκεται
3571 4733 3666 4786 καὶ
3711 4733 3822 4783 τῶν
3860 4733 4054 4801 ὀμμαο

2458 4837 2566 4872 των
2629 4822 2996 4889 στερίσκεται.
3060 4821 3275 4890 Βάρδαν
3308 4822 3364 4876 δὲ
3394 4823 3484 4875 τόν
3526 4822 3612 4896 [Ρ.
3667 4823 3794 4895 483]
3853 4826 4053 4879 Βλλαν

2459 4915 2783 4985 ἁπέκειραν,
2810 4914 2900 4967 τοῦ
2941 4915 3205 4979 βασιλέως
3231 4916 3397 4967 αὑτὸν
3435 4918 3940 4985 κατοικτείραντος.

2530 5008 2631 5071 κζ’.
2666 5008 2888 5077 Συμεὼν
2927 5007 2985 5059 δὲ
3042 5010 3140 5061 σὺν
3200 5010 3360 5061 παντὶ
3415 5009 3492 5080 τῷ
3540 5010 3655 5081 λαῷ
3710 5013 3881 5065 αὐτοῦ
3952 5016 4053 5079 τὴν

2468 5100 2907 5169 Ἀδριανούπολιν
2934 5100 3412 5170 παρακαθίσαντος
3440 5101 3535 5155 καὶ
3564 5103 3801 5171 ἰσχυρῶς
3826 5107 4054 5175 πολιορο

2458 5192 2700 5255 κοῦντος,
2759 5194 2881 5244 ἐπεὶ
2942 5192 3226 5262 καὶλιμδς
3279 5193 3475 5253 αὐτους
3536 5193 3725 5255 ἐπίεζε
3781 5200 4053 5264 κραταιλς

2459 5288 2553 5339 καὶ
2597 5284 2895 5353 οὐδαμόθεν
2954 5281 3099 5355 εἶχον
3152 5284 3582 5349 ἐπισιτίσασθαι,
3637 5288 4054 5355 προδεδώκασιν

2460 5376 2686 5439 ἑαυτούς
2735 5393 2796 5428 τε
2859 5377 2954 5429 καὶ
3016 5377 3107 5429 τὸν
3161 5376 3466 5446 στρατηγὸν
3521 5378 3633 5438 τοῖς
3684 5377 4053 5449 Βουλγάροες.

2462 5466 2630 5531 Οὗτος
2675 5469 2728 5522 δὲ
2774 5465 2839 5539 ἦν
2882 5471 2910 5521 ό
2955 5468 3049 5520 τοῦ
3103 5468 3486 5539 Μωρολέοντος
3567 5469 3681 5531 υίὸς
3735 5469 3769 5539 ἦ
3832 5473 4043 5540 μᾶλλον

2461 5557 2847 5629 Θυμολέοντος,
2910 5558 3083 5609 εἰπεῖν
3136 5559 3520 5627 οἰκειοτέρως,
3583 5558 3724 5627 ἀνὴρ
3778 5561 3846 5612 τὰ
3909 5563 4051 5614 ἄλλα

2464 5651 2752 5719 κράτιστος
2797 5647 2889 5699 καὶ
2945 5648 3010 5698 τὰ
3067 5646 3335 5716 πολεμικὰ
3387 5646 3729 5719 περιϐόητος,
3776 5649 3833 5712 ὃς
3892 5653 4049 5703 πλεῖ-

2096 5746 2329 5803 VARIAS
2377 5738 2781 5801 LEGTIONES.

865 5841 883 5867 ﬂ
917 5840 1051 5911 ὅπερ
1078 5843 1148 5895 ὁ
