4158 6438
175 355 286 419 797

607 355 975 417 AXNALES.
1013 382 1081 393 -
1120 357 1524 418 CONSTANT.
1550 359 1924 419 PORPliYR.
1966 361 2061 418 ET
2113 360 2480 420 ROMANUS
2529 361 2984 419 LACAPENUS.

3306 362 3408 423 798

176 484 310 530 στας
366 467 732 536 ἀνδραγαθίας
788 469 928 521 κατὰ
992 468 1314 540 Βουλγάρων
1376 469 1687 534 ἐπεδείξατο
1728 488 1741 501 ·

1851 471 2068 538 tropaeis
2113 471 2459 539 cumprimis
2492 468 2843 537 conspicuus.
2895 470 3027 538 Ejus
3079 467 3261 537 itaque
3314 468 3411 536 Sy-

170 557 233 610 δν
286 557 386 611 καὶ
434 558 843 628 χειρωσάμενος
890 562 918 612 ὁ
970 543 1216 627 έυμεὼν,
1268 561 1488 630 μυρίαις
1545 578 1604 614 τε
1657 564 1740 615 αί-

170 649 324 712 κίαις
374 649 561 702 τοῦτον
605 651 1090 719 τιμωρησάμενος,
1141 652 1452 705 τε-λευταίον
1489 655 1746 707 ἀπέκτει-

170 756 283 794 νεν.
358 742 469 793 Καὶ
526 742 858 808 Βουλγάροις
909 742 1009 810 τὴν
1069 741 1169 809 τῆς
1227 742 1436 805 πόλεως
1500 745 1745 813 φυλακὴν

172 832 455 901 παραδοὺς
506 832 902 903 ὑπεχώρησεν·
964 832 1014 884 οἳ
1066 833 1166 903 τὴν
1225 835 1344 885 κατ’
1406 836 1585 888 αὐτῶν
1637 836 1744 890 τῶν

180 921 476 992 Ῥωμαίων
515 924 702 991 ἔφοδον
742 924 1061 993 ἀκηκοότες,
1106 924 1205 994 τὴν
1235 926 1389 977 πόλιν
1415 927 1743 980 καταλιπόν-

166 1029 262 1075 τες
292 1013 558 1079 ἀπῆλθον,
589 1014 683 1064 καὶ
713 1012 875 1065 πάλιν
896 1012 999 1065 ὑπὸ
1034 1010 1338 1083 Ῥωμαίους
1372 1015 1605 1082 ἐγένετο.

241 1110 351 1170 κη’.
389 1102 496 1155 Τοῦ
525 1103 580 1155 δὲ
613 1102 939 1171 Τριπολίτου
998 1103 1227 1165 Λέοντος
1280 1105 1416 1173 μετὰ
1462 1104 1743 1173 δυνάμεως

166 1192 378 1262 πολλῆς
430 1196 494 1262 τῇ
546 1193 696 1262 νήσῳ
744 1194 949 1262 Λήμνῳ
1004 1193 1419 1259 καταλαϐόντος,
1492 1196 1743 1265 Ἰωάννης

166 1284 198 1334 ὁ
230 1283 523 1351 πατρίκιος
572 1285 667 1338 καὶ
696 1284 1057 1355 δρουγγάριος
1094 1285 1203 1338 τῶν
1252 1287 1512 1355 πλωΐμων
1544 1290 1571 1340 ό
1617 1287 1741 1341 Ῥαη

165 1373 315 1435 δινὺς
350 1373 615 1441 αίφνίδιον
658 1373 935 1427 ἐπιπεσὼν
988 1375 1170 1440 αὐτοῖς
1217 1378 1427 1440 πάντας
1467 1377 1738 1443 ἀπώλεσε,

167 1466 340 1535 μόνον
378 1466 543 1519 αὑτοῦ
563 1466 657 1519 τοῦ
678 1466 1002 1535 Τριπολίτου
1034 1466 1412 1535 διαφυγόντος.

237 1553 342 1611 κδ’.
378 1554 548 1627 Τῷδὲ
569 1554 928 1628 Σεπτεμϐρίῳ
959 1557 1110 1629 μηνὶ,
1140 1560 1239 1628 τῆς
1288 1559 1333 1629 β’
1389 1560 1738 1627 ίνδικτιῶνος,

163 1644 349 1699 πάλιν
365 1645 592 1714 Συμεὼν
625 1649 653 1699 ὸ
681 1647 986 1718 Βούλγαρος
1040 1650 1346 1718 πανστρατὶ
1399 1650 1538 1703 κατὰ
1590 1652 1744 1705 Κων-

165 1738 668 1801 σταντινουπδλεως
734 1739 1112 1809 ἐκστρατεύει,
1174 1743 1269 1794 καὶ
1327 1741 1572 1811 ληῒζεται
1642 1746 1741 1812 μὲν

160 1829 394 1900 υρᾲκην
434 1830 529 1882 καὶ
582 1831 944 1896 Μακεδονίαν,
994 1834 1287 1903 ἐμπυρίζει
1333 1834 1389 1887 δὲ
1421 1836 1599 1889 πάντα
1648 1839 1741 1889 καὶ

162 1920 541 1989 καταστρέφει
570 1922 665 1973 καὶ
689 1921 1056 1993 δενδρωομεῖ,
1087 1924 1251 1994 μέχρι
1284 1924 1393 1977 τῶν
1425 1926 1741 1996 Βλαχερνῶν

163 2014 638 2082 παραγενόμενος,
675 2013 772 2067 καὶ
805 2016 868 2087 δὴ
900 2015 1175 2086 ἐπιζητῶν
1205 2018 1572 2087 ἀποσταλῆναι
1599 2019 1742 2089 αὐτῷ

159 2101 261 2154 τὸν
280 2105 633 2175 πατριάρχην
652 2106 918 2160 Νικόλαον
944 2109 1038 2160 καί
1065 2126 1217 2171 τινας
1237 2109 1345 2160 τῶν
1379 2111 1736 2179 μεγιστάνων,

157 2190 311 2246 ὥστε
343 2197 472 2264 περὶ
528 2197 751 2267 εἰρήνης
778 2199 965 2259 αὐτοῖς
1014 2201 1313 2269 συντυχεῖν.
1365 2201 1594 2256 Ἐλαϐον
1650 2198 1742 2256 οὖν

158 2285 414 2357 ὁμήρους
451 2288 777 2360 ἀμφότεροι,
813 2290 908 2342 καὶ
958 2289 1198 2361 ἐξῆλθον,
1246 2293 1275 2345 ὅ
1302 2310 1358 2345 τε
1398 2295 1742 2364 πατριάρχης

162 2377 260 2430 καὶ
313 2376 536 2449 Μιχαὴλ
582 2380 867 2452 πατρίκιος
921 2382 951 2433 ό
1003 2382 1323 2452 Στυπιώτης
1352 2384 1446 2437 καὶ
1492 2384 1743 2453 Ἰωάννης

166 2468 435 2534 μυστικὸς
492 2471 523 2522 δ
580 2470 1105 2538 παραδυναστεύων·
1163 2472 1263 2543 ἧδη
1318 2474 1425 2543 γὰρ
1494 2475 1743 2544 Ἰωάννης

158 2555 189 2609 6
230 2558 484 2630 ραίκτωρ
509 2560 820 2629 διαϐληθεὶς
873 2560 952 2632 τῷ
987 2561 1197 2632 βασιλεῖ
1243 2566 1515 2635 άπεκάρη.
1550 2568 1612 2620 Οί
1646 2567 1742 2635 μὶν

158 2648 255 2704 οὖν
292 2650 376 2719 τῷ
405 2650 633 2721 Συμεὼν
690 2654 819 2724 περὶ
874 2655 1100 2726 είρὴνης
1142 2654 1462 2721 διελέγοντο,
1497 2659 1658 2721 αὐτὸς
1688 2658 1743 2712 δὲ

158 2741 253 2794 τὸν
310 2740 544 2810 βασιλέα
618 2744 895 2814 Ῥωμανδν
951 2746 1250 2800 θεάσασθαι
1306 2749 1518 2817 ἤθελεν.
1572 2751 1746 2822 Ὅπερ

159 2831 415 2895 ἀκούσας
459 2836 489 2886 ό
538 2834 793 2903 βασιλεὺς
842 2837 1046 2908 σφόδρα
1105 2840 1507 2908 ἠγαλλιάσατο·
1559 2842 1744 2895 ἐπόθει

156 2924 270 2993 γὰρ
300 2925 408 2994 τὴν
455 2926 680 2996 εἰρήνην
729 2930 823 2980 καὶ
875 2929 938 2982 τὸ
987 2930 1176 2999 στῆναι
1225 2933 1323 3001 τὴν
1355 2934 1462 2985 τῶν
1499 2935 1745 3002 αἱμάτων

156 3015 345 3084 χύσιν,
390 3017 743 3082 ’Δποστείλας
784 3019 881 3074 οὖν
928 3023 986 3075 ἐν
1022 3022 1101 3093 τῷ
1148 3022 1242 3077 τοῦ
1275 3028 1295 3055 ⁸
1329 3024 1628 3095 Κοσμιδίου
1658 3029 1744 3079 αί-

1773 1801 1813 1853 Β

1845 577 2004 615 meon
2030 562 2254 630 potitus,
2290 571 2413 629 post
2458 562 2745 614 innumera
2775 559 3012 628 irrogata
3043 558 3310 629 supplicia
3350 573 3412 611 ac

1845 649 2352 712 dehonestamenta,
2378 648 2444 702 ad
2472 658 2774 702 extremum
2811 648 3059 716 peremit.
3101 648 3240 701 Tum
3280 645 3412 702 reli-

1845 748 1931 793 cta
1966 740 2213 809 Bulgaris
2243 740 2618 794 custodiendae
2645 740 2801 793 urbis
2829 738 3112 807 provincia
3162 739 3410 793 recessit.

1845 831 2042 885 Relicti
2079 848 2211 886 vero
2242 831 2585 901 praesidiarii,
2622 832 2809 886 audita
2835 831 3205 884 Romanorum
3241 832 3293 883 in
3317 846 3414 885 eos

1844 926 2212 993 aggressione,
2249 925 2442 978 relicta
2474 925 2609 979 urbe
2654 925 2879 979 domum
2944 925 3238 989 abierunt;
3287 940 3410 977 rur-

1844 1032 2046 1085 susque
2073 1017 2164 1071 illa
2192 1017 2447 1071 Romana:
2470 1017 2666 1069 ditioni
2699 1018 2884 1072 cessit.

1910 1108 2000 1161 28.
2030 1108 2167 1160 Cum
2200 1117 2384 1161 autem
2416 1108 2525 1161 Leo
2556 1104 2821 1176 Tripolita
2848 1125 2972 1162 eum
3001 1107 3207 1178 ingenti
3254 1106 3411 1160 forti-

1842 1213 1948 1266 que
1970 1198 2215 1251 exercitu
2246 1198 2298 1251 in
2330 1198 2597 1253 Lemnum
2625 1200 2858 1253 insulam
2881 1200 3142 1261 venisset,
3174 1199 3415 1254 Joannes

1842 1288 2086 1342 Radinus
2113 1289 2377 1358 patricius
2405 1300 2460 1343 et
2493 1291 2685 1345 classis
2718 1291 3053 1361 druugarius
3092 1290 3273 1343 subita
3309 1289 3413 1341 im—

1842 1379 2125 1445 pressione
2174 1378 2225 1431 in
2268 1378 2452 1432 hostes
2504 1379 2720 1433 irruens
2780 1395 2973 1434 omnes
3017 1377 3411 1441 internecione.

1842 1466 1958 1520 solo
1990 1466 2256 1535 Tripolita
2292 1466 2416 1537 fuga
2438 1468 2645 1536 elapso,
2678 1468 2900 1523 delevit.

1909 1556 1999 1610 29.
2024 1557 2207 1610 Mense
2240 1566 2424 1611 autem
2461 1558 2794 1626 Septembri,
2834 1558 3133 1613 indictione
3152 1558 3412 1621 secunda,

1842 1663 2035 1702 rursus
2065 1648 2300 1718 Symeon
2332 1648 2600 1717 Bulgarus
2630 1664 2757 1703 cum
2791 1650 3050 1702 omnibus
3095 1651 3269 1717 c0piis
3318 1649 3414 1702 ad-

1840 1753 2034 1791 versus
2063 1737 2382 1807 Byzantium
2407 1738 2582 1792 aciein
2627 1738 2814 1792 educit
2842 1756 2856 1805 ;
2916 1738 3317 1807 Tliraciamque
3338 1732 3341 1737 ⁴
3360 1748 3415 1791 et

1842 1829 2215 1885 Macedoniam
2239 1831 2527 1899 papulatus
2545 1830 2725 1884 omnia
2745 1829 2989 1885 incendit
3009 1839 3172 1899 atque
3190 1830 3412 1898 evertit,

1841 1922 2178 1991 arboresque
2201 1922 2267 1976 ad
2308 1921 2641 1976 Blachernas
2669 1938 2844 1991 usque
2880 1922 3111 1977 veniens
3158 1923 3410 1977 succidit.

1842 2015 1980 2069 Tum
2011 2015 2291 2068 Nicolaum
2341 2014 2703 2083 patriarcham
2739 2029 2803 2068 ac
2841 2014 3057 2084 aliquos
3101 2030 3411 2084 procerum,

1841 2106 2167 2176 quibuscum
2208 2105 2274 2158 de
2300 2120 2431 2173 pace
2480 2105 2552 2160 sit
2603 2106 2999 2169 collocuturus,
3056 2108 3121 2159 ad
3169 2121 3228 2161 se
3270 2105 3413 2159 mitti

1842 2198 1998 2268 petit.
2041 2198 2154 2249 Dati
2185 2196 2368 2264 itaque
2398 2196 2657 2264 utrinque
2690 2196 2932 2260 obsides,
2962 2196 3206 2265 exiitque
3248 2196 3413 2251 Nico-

1843 2290 1962 2343 laus
1989 2287 2299 2358 patriarcha
2322 2296 2378 2341 et
2408 2287 2637 2341 Michael
2664 2288 2938 2358 Stypiotes
2967 2288 3247 2357 patricius,
3281 2304 3414 2343 nec-

1841 2395 1951 2433 non
1986 2380 2227 2434 Joannes
2256 2379 2521 2448 mysticus
2553 2386 2609 2431 et
2642 2377 2877 2448 publicae
2920 2378 3415 2433 administrationis

1843 2470 2161 2541 imperatori
2217 2471 2420 2524 socius.
2495 2469 2615 2524 Jam
2681 2470 2884 2539 quippe
2930 2470 3168 2525 Joannes
3210 2478 3411 2537 rector,

1842 2564 2240 2636 coniurationis
2272 2563 2433 2634 736
2456 2563 2689 2626 delatus,
2723 2563 2977 2618 monachi
3013 2564 3118 2618 ritu
3149 2563 3417 2619 detonsus

1844 2655 2044 2710 fuerat.
2087 2658 2263 2724 Atque
2310 2656 2364 2709 hi
2417 2655 2638 2724 quidem
2687 2670 2812 2709 cum
2850 2655 3117 2726 Symeone
3162 2656 3229 2711 de
3284 2672 3417 2726 pace

1848 2747 2199 2801 tractabant:
2228 2762 2421 2803 verum
2468 2747 2703 2817 Symeon
2750 2748 2927 2816 ipsum
2959 2745 3265 2803 Romanum
3317 2748 3419 2802 im-

1845 2848 2155 2909 peratorem
2186 2839 2372 2893 videre
2395 2839 2640 2907 expetiit.
2678 2840 2753 2894 Eo
2780 2841 2975 2893 nuntio
3033 2849 3279 2910 accepto,
3315 2839 3418 2893 im-

1845 2938 2067 2999 perator
2115 2931 2273 2984 valde
2312 2932 2529 3001 gavisus
2563 2941 2694 2985 est:
2739 2932 2888 3002 pacis
2948 2932 3096 2986 enim
3139 2932 3415 2987 desiderio

1847 3030 2020 3086 actus,
2052 3022 2315 3078 immanes
2334 3024 2508 3077 caedes
2528 3034 2693 3093 atque
2723 3039 2947 3079 cruores
2964 3024 3081 3079 sisti
3113 3024 3413 3094 aliquando

156 3109 341 3178 γιαλῷ
397 3111 756 3182 ὀχυρωτάτην
804 3116 1209 3169 κατεσκεύασεν
1266 3118 1326 3170 ἐν
1381 3120 1447 3187 τῇ
1497 3118 1741 3190 Θαλάσσῃ

1846 3130 2054 3170 summe
2078 3116 2388 3186 expetebat.
2418 3114 2637 3171 Mittens
2673 3116 2840 3186 igitur
2869 3115 2936 3169 ad
2962 3115 3225 3171 Cosmidii
3255 3117 3411 3171 littus

156 3198 463 3263 ἀπόϐασιν,
494 3200 634 3254 ὥστε
661 3203 761 3271 τὴν
788 3201 1075 3274 βασιλικὴν
1092 3205 1323 3275 τριήρην
1359 3206 1741 3260 διεκπλέουσαν

157 3293 217 3345 ἐν
262 3293 424 3365 αὐτῷ
464 3295 937 3365 προσορμίζεσθαι
970 3311 985 3325 ·
1040 3296 1137 3349 καὶ
1185 3298 1522 3368 περιφράξας
1574 3300 1744 3370 αὐτὴν

157 3383 435 3439 πάντοθεν
492 3385 795 3456 προσέταξε
861 3386 1204 3456 διατείχισμα
1258 3388 1421 3458 μέσον
1464 3391 1735 3459 γενέσθαι,

155 3481 287 3534 ἔνθα
319 3483 576 3554 ἀλλήλοις
621 3482 845 3553 ἔμελλον
901 3484 1129 3551 ὁμιλεῖν.
1201 3484 1323 3538 Ἐπὶ
1373 3486 1583 3549 τούτοις
1609 3489 1744 3538 ἁπο-

157 3575 385 3638 στείλας
442 3575 667 3645 Συμεὼν
724 3576 816 3629 τὸν
871 3580 929 3629 ἐν
976 3579 1043 3647 τῇ
1084 3578 1238 3647 Πηγῇ
1292 3577 1388 3645 τῆς
1443 3576 1743 3647 ὐπεραγίας

155 3670 429 3723 Θεοτόκου
460 3672 609 3735 ναὺν,
640 3668 699 3721 ὃν
764 3669 1143 3732 Ἰουστινιανὸς
1192 3673 1220 3723 ὁ
1270 3670 1519 3740 βασιλεὺς
1551 3671 1747 3739 ἐδομὴ-

159 3778 314 3827 σατο,
376 3761 703 3832 ἐνέπρησεν,
754 3761 938 3813 καὶτὰ
970 3764 1099 3831 περὶ
1139 3762 1302 3814 αὑτὸν
1334 3746 1531 3824 πάντα,
1585 3763 1744 3831 δῆλος

158 3852 236 3905 ὣν
276 3852 537 3906 ἐντεῦθεν
572 3854 647 3924 μὴ
700 3854 799 3925 τὴν
847 3854 1069 3924 εἰρήνην
1114 3854 1334 3919 ἐθέλων,
1360 3853 1450 3925 ῙΡ.
1477 3854 1603 3926 484]
1628 3855 1742 3908 ἀλλ’

157 3947 245 3998 ἐπ’
278 3946 469 3998 ἐλπίσι
525 3944 821 4016 μετεώροις
874 3946 966 3999 τδν
1012 3947 1236 4015 βασιλέα
1283 3947 1590 4013 ἐξαπατῶν.
1635 3948 1745 4001 Καὶ

158 4038 616 4108 παραγενόμενος
668 4039 697 4088 ό
744 4037 1001 4107 βασιλεὺς
1050 4037 1168 4107 ἅμα
1210 4037 1289 4108 τῷ
1342 4039 1654 4109 πατριάρχῃ
1687 4042 1745 4092 ἐν

160 4131 502 4202 Βλαχέρναις
538 4132 618 4190 είς
669 4131 768 4199 τὴν
824 4130 986 4198 ἁγίαν
1039 4130 1255 4198 είσῆλθε
1318 4132 1491 4201 σορὸν,
1527 4133 1745 4195 καὶτὰς

160 4225 353 4293 χεῖρας
387 4220 635 4285 ἐκτείνας
667 4224 746 4285 εἰς
779 4223 963 4293 εὐχὴν,
996 4218 1118 4275 εἶτα
1150 4223 1243 4276 καὶ
1292 4223 1508 4294 πρηνὴς
1538 4222 1741 4286 πεσὼν,

159 4315 394 4383 δάκρυσι
419 4312 483 4365 τὸ
510 4312 665 4381 ἅγιον
699 4314 1031 4385 κατέϐρεχεν
1062 4314 1274 4383 ἔδαφος,
1304 4315 1404 4385 τὴν
1435 4317 1747 4385 πανάχραν-

160 4424 251 4462 τον
279 4409 547 4462 Θεοτόκον
584 4406 884 4460 ἀντιϐολῶν
923 4409 1023 4478 τὴν
1056 4409 1289 4477 ἀκαμπῆ
1315 4411 1405 4461 καὶ
1432 4410 1745 4477 ἀμείλικτον

159 4499 253 4553 τοῦ
287 4498 644 4568 ὑπερηφάνου
688 4495 914 4566 Συμεὼν
962 4497 1189 4567 καρδίαν
1247 4495 1483 4566 μαλάξαι
1508 4497 1603 4549 καὶ
1631 4497 1746 4547 πεῖ-

162 4606 250 4643 σαι
271 4591 340 4644 τὰ
368 4591 507 4661 πρὶς
540 4591 764 4660 εἰρήνην
803 4586 1113 4641 συνθέσθαι.
1152 4586 1226 4639 Τὸ
1257 4589 1411 4655 ἇγιον
1438 4586 1529 4639 οὖν
1568 4587 1744 4655 uagari-

160 4700 278 4755 ριον
310 4683 414 4750 τῆς
446 4681 718 4747 παναγίας
752 4681 1015 4735 Θεοτόκου
1049 4681 1113 4731 ἐκ
1155 4678 1257 4746 τῆς
1300 4678 1533 4730 κιϐωτοῦ
1564 4678 1746 4731 ἁνελόο

157 4793 323 4847 μενος
379 4774 526 4845 ἐξῄει
569 4773 661 4826 τοῦ
690 4772 841 4838 ναοῦ,
890 4774 985 4826 καί
1027 4770 1436 4842 καταλαμϐάνει
1487 4770 1579 4823 τὸν
1624 4771 1750 4839 ὠρι-

156 4867 360 4935 σμένον
401 4866 585 4917 τόπον.
611 4865 805 4933 Ἐνάτη
836 4864 892 4915 δὲ
921 4858 989 4933 ἦν
1014 4862 1107 4915 τοῦ
1139 4860 1511 4931 Σεπτεμϐρίου
1557 4860 1745 4930 μηνὸς,

156 4962 389 5030 πέμπτη
444 4958 503 5010 δὲ
551 4958 650 5026 τῆς
694 4957 985 5027 ἑϐδομάδος
1033 4955 1216 5025 ἡμέρα
1247 4971 1262 4986 ·
1294 4956 1386 5007 καὶ
1418 4957 1483 5025 τῇ
1510 4956 1746 5028 τετάρτῃ

158 5053 283 5124 ὥρᾳ
344 5051 714 5121 παραγίνεται
765 5049 1036 5118 Συμεὼν,
1088 5046 1292 5115 πλῆθος
1355 5049 1584 5114 ἄπειρον
1652 5049 1748 5098 ἐπ-

156 5144 454 5211 αγόμενος,
473 5143 551 5203 εἰς
580 5141 777 5204 πολλὰς
808 5142 1133 5213 διῃρημένον
1151 5140 1247 5201 τὰς
1266 5138 1619 5208 παρατάξεις,
1636 5137 1745 5190 τῶν

160 5236 261 5303 μὲν
287 5234 672 5304 χρυσασπίδων
694 5237 785 5287 καὶ
830 5235 1262 5304 χρυσοδοράτων,
1308 5231 1486 5284 τῶνδὲ
1537 5232 1744 5300 ιὶργυρ⁸

150 5314 407 5376 ἀσπίδων
460 5322 556 5375 καὶ
600 5324 1074 5394 ἁργυροδοράτων,
1134 5322 1244 5375 τῶν
1272 5322 1327 5374 δὲ
1364 5323 1515 5393 πάσῃ
1562 5321 1741 5373 ὃπλων

144 5416 326 5486 ,χροιᾷ
353 5416 810 5485 κεκοσμημένων,
837 5416 1054 5469 πάντων
1085 5412 1629 5483 καταπεφραγμέιεων
1664 5430 1743 5466 σι-

165 5508 354 5577 δήρῳ·
396 5508 447 5559 οἳ
477 5507 641 5575 μέσον
670 5507 848 5559 αὐτῶν
890 5508 1226 5577 διειληφότες
1272 5510 1365 5557 τὸν
1405 5504 1628 5574 Συμεὼν
1667 5505 1741 5568 ὡς

168 5598 396 5667 βασιλέα
416 5600 698 5667 εὐφήμουν
716 5602 782 5671 τῇ
818 5600 1221 5669 τῶνῬωμαίων
1248 5601 1421 5668 φωνῇ.
1453 5598 1655 5659 Πάντες
1687 5597 1743 5649 δὲ

1847 3209 2279 3262 munitissimum
2344 3224 2668 3262 exscensum
2745 3208 3072 3275 construxit,
3132 3208 3199 3261 ad
3253 3224 3414 3276 quem

1846 3301 2099 3369 praetoria
2126 3301 2367 3354 triremis
2404 3300 2845 3353 emensoitinere
2880 3301 3047 3353 remis
3103 3299 3417 3367 impellere-

1849 3398 1956 3455 tur,
1988 3405 2051 3443 ac
2076 3390 2169 3443 ubi
2204 3390 2348 3443 inter
2376 3405 2434 3443 se
2460 3405 2770 3443 sermonem
2805 3399 2992 3443 essent
3022 3389 3296 3443 collaturi.
3332 3390 3416 3443 ln-

1849 3492 1932 3535 ter
1965 3482 2079 3536 hinc
2120 3481 2352 3551 Symeon
2387 3483 2547 3534 missa
2583 3497 2806 3535 suorum
2844 3497 3005 3535 manu
3060 3477 3418 3535 sanctissima:

1845 3573 1941 3628 Dei
1971 3572 2269 3628 Genitricis
2292 3574 2553 3641 templum
2590 3572 2748 3640 Pegis
2776 3588 2805 3626 a
2834 3572 3145 3627 Justiniano
3172 3572 3413 3640 impera-

1848 3674 1963 3718 tore
1990 3672 2331 3717 exstructum
2358 3678 2421 3715 ac
2449 3662 2626 3715 vicina
2659 3676 2888 3731 qumque
2925 3660 3245 3722 succendit;
3292 3660 3415 3727 qui-

1846 3756 1950 3809 bus
1990 3755 2134 3809 nolle
2185 3770 2241 3808 se
2284 3769 2491 3823 pacem.
2550 3753 2644 3807 sed
2703 3769 2841 3806 vana
2899 3768 2994 3821 spe
3032 3753 3415 3819 imperatur-em

1846 3847 2125 3909 deludere,
2160 3846 2422 3900 ostendit.
2467 3845 2707 3899 Veniens
2760 3856 2943 3899 autem
2999 3845 3301 3914 imperator
3348 3844 3416 3899 ad

1848 3938 2174 3992 Blachernas
2203 3953 2326 3991 cum
2369 3936 2706 4006 patriarcha,
2739 3947 2906 4006 atque
2954 3938 3020 3990 ad
3060 3948 3307 3992 sanctum
3340 3938 3417 3991 Io-

1845 4033 2028 4085 culuin
2056 4030 2354 4100 ingressus,
2386 4030 2628 4084 extensis
2660 4031 2713 4083 in
2739 4046 2932 4099 preces
2964 4031 3216 4085 nianibus
3247 4032 3414 4101 inque

1847 4122 2037 4176 faciem
2064 4137 2303 4175 cernuus
2329 4137 2390 4174 ac
2418 4122 2759 4190 provolutus,
2792 4122 3031 4176 ubertim
3056 4123 3307 4194 lacrymis
3326 4139 3418 4177 so-

1846 4213 1957 4265 lum
2015 4212 2268 4279 irrigans,
2332 4211 2869 4265 intemeratissimam
2933 4212 3027 4265 Dei
3084 4211 3417 4268 Genitricem

1847 4303 2044 4359 durum
2108 4302 2485 4369 immitemque
2544 4302 2769 4370 superbi
2825 4301 3111 4371 Symeonis
3175 4304 3418 4355 animum

1850 4393 2099 4446 emollire
2143 4393 2367 4461 rogabat
2396 4405 2636 4460 eumque
2666 4392 2731 4445 ad
2759 4407 2948 4461 pacem
2982 4394 3417 4461 componendam

1851 4484 2153 4538 inﬂectere.
2186 4483 2386 4537 Sancto
2419 4484 2586 4551 igitur
2617 4484 2978 4537 sanctissima:
3004 4484 3098 4538 Dei
3120 4483 3419 4539 Genitricis

1850 4575 2139 4643 maphorio
2179 4574 2441 4644 (palliolo
2483 4573 2748 4628 nimirum
2781 4590 2844 4628 ac
2882 4574 3069 4644 veste)
3102 4591 3131 4630 e
3161 4576 3421 4630 scriniolo

1851 4668 2089 4730 sublato,
2121 4668 2325 4736 templo
2347 4683 2602 4737 egressus
2639 4669 2704 4722 ad
2736 4670 2917 4723 locum
2939 4673 3299 4727 constitutum
3328 4689 3422 4727 ve-

1852 4761 1954 4814 nit.
2008 4759 2160 4813 Nona
2192 4770 2312 4814 erat
2362 4760 2566 4814 mensis
2611 4759 2976 4831 Septembris,
3022 4764 3215 4833 quinta
3265 4764 3420 4829 feria,

1851 4869 1976 4907 cum
2012 4852 2243 4923 Symeon
2273 4852 2477 4923 ingenti
2509 4868 2731 4906 suorum
2782 4856 3016 4923 stipatus
3062 4857 3338 4920 satellitio,
3367 4857 3423 4911 in

1852 4946 2050 5001 multas
2108 4945 2373 4999 distincto
2419 4946 2569 4999 acies
2624 4954 2789 5015 atque
2848 4948 3112 5024 Ordines,
3185 4950 3419 5004 accedit.

1851 5039 2082 5093 Militum
2140 5038 2234 5091 alii
2300 5037 2487 5090 aureis
2534 5037 2743 5109 elypeis
2787 5054 2852 5092 ac
2908 5039 3055 5109 pilis,
3084 5040 3173 5094 alii
3227 5057 3417 5110 argen-

1853 5132 1953 5186 teis
2008 5128 2166 5199 737
2214 5144 2459 5197 auroque
2507 5139 2563 5182 et
2619 5139 2845 5199 argento
2905 5132 3275 5186 vermiculatis
3338 5134 3422 5187 ius

1851 5222 2080 5285 structi;
2111 5235 2413 5289 omnesque
2444 5220 2589 5273 ferro
2618 5221 3019 5285 circumcmcti,
3057 5223 3143 5277 sui
3180 5224 3419 5278 medium

1850 5325 2164 5384 susceptum
2226 5313 2572 5384 Symeonem,
2636 5314 2828 5367 faustis
2878 5315 3107 5370 vocibus
3164 5324 3421 5386 tanquam

1850 5410 2239 5476 imperatorem
2296 5420 2359 5457 ac
2416 5419 2598 5473 regem
2656 5406 2898 5457 [tertiana
2948 5405 3129 5475 lingua
3172 5405 3422 5459 dilauda-

1852 5502 1999 5555 bant.
2052 5498 2285 5549 Senatus
2324 5496 2504 5549 omnis
2554 5496 2726 5549 muris
2770 5496 3047 5559 assidens,
3097 5513 3218 5566 quae
3266 5513 3423 5567 εστιν·

1851 5595 2051 5647 bantur
2096 5592 2249 5660 longe
2301 5588 2739 5658 prospectabant.
2787 5589 2914 5642 Erat
2959 5589 3123 5659 igitur
3167 5602 3295 5644 tunc
3341 5590 3419 5643 νί-

1444 5691 1678 5748 VAKIAS
1703 5687 2106 5746 LEC'I'IUNIS.

236 5781 256 5809 ’
288 5778 409 5850 τοῦ]
440 5780 546 5831 τῶν
580 5778 640 5834 Γ.
