4158 6438
1960 411 2333 471 SYMEONIS
2377 415 2749 475 MAGISTRI

3912 411 4017 473 £00

768 524 895 579 [texe
937 524 1142 593 regium
1188 538 1317 578 vere
1364 526 1607 577 animum
1653 537 1716 578 ae
1764 523 2146 594 magnificum,
2192 542 2346 581 men-

2456 532 2495 583 οί
2531 534 2629 602 τῆς
2662 532 2966 604 συγκλήτου
3010 533 3203 603 βουλῆς
3247 533 3357 594 τοῖς
3391 530 3625 599 τείχεσιν
3656 529 4017 598 ἐφεστηκότες

764 628 941 686 iisque
1002 616 1268 670 interrita:
1323 615 1588 669 admirari
1646 615 2013 671 constantiam
2075 617 2341 688 fortisque

760 707 999 776 pectoris
1054 708 1223 762 robur
1286 722 1350 761 ac
1414 706 1553 761 nihil
1604 706 1969 763 collabentem
2026 709 2341 775 audaciam,

760 795 908 864 quod
956 806 1107 850 tanto
1156 796 1399 850 hostium
1447 795 1678 866 appulsu
1731 813 1841 851 non
1893 807 1979 852 est
2026 805 2345 853 consterna-

766 899 875 951 tus,
928 904 1036 942 non
1080 888 1329 957 expavit,
1379 903 1489 941 non
1536 888 1733 956 pedem
1788 889 1996 953 retulit,
2047 889 2142 944 sed
2187 890 2345 959 quasi

766 981 820 1033 in
870 980 1174 1034 amicorum
1214 996 1271 1034 se
1323 989 1529 1034 emtum
1582 981 1835 1045 inferret,
1886 982 1966 1037 sic
2003 984 2190 1053 quiete
2221 999 2349 1051 pro-

762 1070 960 1132 cessit,
1040 1072 1191 1124 velut
1263 1080 1476 1125 tantum
1546 1087 1656 1125 non
1721 1072 2070 1126 subditorum
2152 1074 2349 1130 salutis

764 1162 1041 1231 pretium,
1116 1162 1354 1215 animam
1412 1163 1664 1217 hostibus
1714 1163 1959 1218 ollerret.
2016 1165 2174 1218 Prior
2218 1179 2349 1235 ergo

765 1253 833 1306 ad
883 1269 1009 1307 eum
1051 1270 1215 1324 quem
1256 1254 1369 1308 dixi
1417 1269 1741 1310 exscensum
1780 1271 1904 1310 cum
1950 1258 2211 1321 venisset,
2248 1257 2348 1329 Sy-

768 1363 1021 1402 meonem
1053 1348 1494 1417 praestolabatur.
1530 1348 1671 1403 Hinc
1703 1363 1834 1419 ergo
1865 1349 1992 1404 inde
2032 1350 2175 1405 datis
2205 1351 2352 1405 obsi-

766 1439 952 1503 dibus,
1003 1441 1264 1507 omnique
1321 1438 1605 1508 diligentia
1656 1439 1905 1509 Bulgaris
1956 1441 2187 1496 lustrata
2236 1452 2353 1497 ma-

764 1530 949 1594 ebina,
983 1545 1113 1584 num
1142 1530 1266 1600 quis
1308 1530 1365 1585 in
1408 1546 1473 1585 ea
1514 1531 1676 1585 dolus
1715 1540 1809 1585 aut
1840 1532 2054 1588 insidiae
2092 1534 2349 1599 laterent,

766 1620 1003 1690 Symeon
1053 1636 1198 1690 equo
1237 1620 1502 1675 desiliens
1546 1621 1613 1675 ad
1663 1622 2053 1690 imperatorem
2104 1624 2347 1681 intravit.

766 1712 956 1765 Mutuo
991 1712 1162 1781 igitur
1191 1714 1332 1767 alter
1362 1714 1597 1766 alterum
1628 1713 1920 1781 complexi,
1952 1729 2016 1768 ac
2044 1725 2169 1784 post
2200 1715 2354 1771 datas

762 1803 870 1871 3am
903 1813 1265 1872 acceptasque
1297 1802 1523 1865 salutes,
1556 1817 1845 1857 sermones
1880 1804 1949 1858 de
1990 1819 2121 1874 pace
2153 1806 2353 1861 misce-

2451 625 2799 679 κατεθεῶντο
2826 624 2893 678 τά
2941 624 3217 696 δρώμενα.
3249 620 3356 677 Ἦν
3381 618 3474 676 οὖν
3508 623 3634 676 ἰδεῖν
3670 622 3789 674 τότε
3846 620 4023 690 ψυχὴν

2448 714 2739 785 βασιλικὴν
2766 716 2844 786 τῷ
2872 716 2987 769 δντι
3028 717 3121 769 καὶ¹
3166 714 3566 785 μεγαλόφρονα,
3597 715 3693 766 καὶ
3740 712 4020 781 θαυμάσαι

2445 809 2509 861 τὸ
2534 806 2630 861 τοῦ
2662 810 3008 879 φρονήματος
3026 808 3447 875 ἀκατάπληκτον
3473 806 3566 859 καὶ
3594 806 3654 858 τὸ
3670 807 3769 872 τῆς
3797 805 4023 873 ἀνδρίας

2447 901 2808 970 παράστημα,
2829 884 2915 953 ὅτι
2935 902 3207 971 τοσαύτην
3240 900 3517 967 πολεμίων
3565 898 3781 967 βλέπων
3830 899 4022 965 ἐπιφο-

2450 992 2550 1059 ρὰν
2582 992 2643 1045 οὐ
2684 992 3000 1060 κατεπλάγη
3039 994 3134 1045 καὶ
3162 991 3459 1059 συνεστάλη
3504 991 3597 1042 καὶ
3644 989 4021 1059 ὑπεχώρησεν,

2449 1084 2564 1137 ἀλλ’
2593 1084 2784 1153 ῶσπερ
2808 1087 2889 1147 εἰς
2919 1084 3124 1151 πλῆθος
3157 1084 3328 1151 φίλων
3352 1083 3546 1152 χωρῶν
3574 1082 3746 1143 οὕτως
3774 1082 4024 1151 ἀτρίμας

2448 1174 2637 1245 ἀπῄει,
2695 1177 2855 1245 μόνον
2903 1175 3025 1245 οὐχὶ
3081 1175 3182 1245 τὴν
3234 1175 3412 1244 ψυχὴν
3458 1176 3571 1237 τοῖς
3605 1172 3887 1242 πολεμίοις
3918 1172 4026 1225 τῶν

2451 1263 2708 1332 ὑπηκόων
2758 1266 2934 1335 διδους
2981 1266 3316 1332 ἀντίλυτρον.
3355 1265 3574 1333 Πρῶτος
3612 1263 3703 1316 οὖν
3732 1266 3790 1316 ὲν
3826 1267 3895 1334 τῇ
3928 1264 4028 1331 ρη-

2454 1355 2610 1428 θείσῃ
2646 1357 2937 1427 ἀποϐάθρᾳ
2980 1355 3301 1409 καταλαϐὼν
3350 1357 3440 1407 τὸν
3470 1351 3697 1423 Συμεὼν
3726 1354 4023 1421 ἐξεδέχετο.

2468 1446 2631 1499 Ἐπεὶ
2653 1446 2710 1499 δὲ
2738 1448 2936 1516 ὅμηροι
2966 1447 3025 1512 ἐξ
3059 1446 3386 1515 ἀμφοτέρων
3431 1446 3741 1514 ἐλήφθησαν
3769 1444 3882 1497 τῶν
3928 1460 4029 1514 με·

2459 1537 2568 1608 ρῶν
2600 1538 2695 1590 καὶ
2723 1536 2822 1608 τὴν
2851 1536 3173 1607 ἀποϐάθραν
3201 1538 3251 1589 οί
3286 1536 3584 1607 Βούλγαροι
3604 1536 4031 1607 διηρευνήσαντο

2453 1628 2723 1697 ἀκριϐῶς,
2767 1632 2842 1698 μή
2879 1628 2981 1683 πού
3014 1647 3099 1692 τις
3124 1629 3273 1683 δόλος
3306 1629 3340 1700 ἦ
3378 1629 3567 1698 ἐνέδρα
3588 1629 3870 1697 τυγχάνει,
3897 1643 4030 1681 κατ’

2453 1712 2584 1783 ἦλθε
2610 1714 2835 1783 Συμεὼν
2867 1715 2959 1767 τοῦ
2990 1715 3157 1769 ἵππου
3209 1718 3303 1768 καὶ
3336 1717 3470 1788 πρὸς
3510 1718 3601 1769 τὸν
3632 1716 3859 1785 βασιλέα
3905 1717 4028 1770 εἰσ-

2455 1805 2639 1874 ῆλθεν.
2698 1806 3101 1876 Ἀσπασάμενοι
3140 1807 3233 1861 οὖν
3279 1808 3544 1878 ἀλλήλους
3587 1811 3807 1879 εἰρήνης
3838 1808 4031 1875 λόγους

765 1894 927 1957 bant,
962 1893 1183 1964 quando
1232 1894 1419 1949 ferunt
1466 1894 1857 1965 imperatorem
1907 1894 1960 1949 in
2015 1897 2131 1950 haec
2174 1897 2340 1952 verba

2456 1897 2725 1966 ἐκίνησαν.
2746 1898 2931 1951 Ειπεῑν
2947 1898 3001 1951 δὲ
3031 1898 3247 1965 λέγεται
3266 1900 3356 1951 τὸν
3375 1899 3596 1967 βασιλέα
3618 1900 3753 1968 πρὸς
3774 1897 4025 1967 Συμεών.

766 1987 1087 2056 Simeonem
1122 1986 1418 2041 allocutum
1459 2002 1579 2041 esse
1608 2005 1622 2039 :
1654 1988 1845 2041 Audivi
1878 1998 1927 2041 te
1958 1990 2221 2043 hominem
2250 1990 2346 2043 Dei

766 2086 1021 2129 antorem
1065 2095 1125 2129 ac
1181 2094 1363 2130 verum
1404 2077 1764 2132 Christianum
1798 2094 1953 2134 esse:
1985 2090 2041 2134 at
2078 2081 2221 2149 facta
2263 2084 2343 2135 vi-

766 2169 859 2222 deo
887 2170 1027 2223 haud
1048 2172 1180 2223 satis
1210 2170 1290 2224 illi
1321 2171 1383 2224 de
1414 2180 1462 2224 te
1497 2172 1656 2241 fama:
1677 2173 1939 2241 verbisque
1972 2183 2343 2229 consentanea.

767 2264 902 2332 Ejus
945 2265 1084 2317 enim
1123 2265 1212 2333 qui
1255 2263 1351 2317 Dei
1385 2264 1557 2317 cultor
1599 2266 1667 2317 sit
1714 2280 1778 2317 ac
1819 2262 2171 2327 Christianus,
2208 2267 2348 2320 istud

766 2358 1043 2425 proprium
1088 2367 1145 2409 ut
1194 2372 1375 2425 pacem
1422 2372 1485 2409 ac
1526 2357 1842 2409 charitatem
1885 2356 2053 2421 colat,
2090 2358 2348 2426 siquidem

768 2448 907 2503 Deus
958 2460 1032 2503 est
1078 2458 1237 2514 atque
1283 2450 1475 2501 dicitur
1515 2451 1751 2503 charitas
1799 2458 1844 2513 ι,
1885 2450 2035 2520 impii
2083 2460 2259 2504 autem
2298 2458 2348 2503 et

767 2539 1021 2606 inﬁdelis,
1057 2549 1112 2593 ut
1139 2539 1365 2593 aedibus
1402 2539 1703 2608 injusteque
1742 2540 1856 2609 [uso
1879 2556 2065 2593 cruore
2096 2542 2344 2610 gaudeat.

767 2629 825 2685 Si
853 2632 1013 2701 igitur
1048 2646 1197 2684 verus
1225 2628 1557 2684 Christianus
1586 2645 1661 2690 es.
1684 2632 1762 2683 uti
1793 2639 1931 2684 certo
1966 2632 2345 2697 existimamus,

771 2724 985 2776 tandem
1029 2722 1320 2792 aliquando
1357 2722 1548 2791 iniquis
1590 2721 1754 2792 738
1796 2722 1957 2789 finem
1995 2725 2218 2779 aedibus
2251 2726 2349 2778 im-

768 2830 931 2879 pone;
962 2831 1025 2867 ac
1056 2814 1145 2883 qui
1172 2815 1244 2867 sis
1279 2810 1609 2869 Christianus
1642 2825 1798 2883 atque
1836 2814 2050 2875 dicaris.
2083 2816 2348 2869 nobiscum

769 2905 1080 2961 Christianis
1113 2907 1255 2975 pacis
1297 2921 1539 2974 percusso
1577 2905 1766 2973 findere
1810 2906 2085 2958 innoxium
2130 2908 2348 2974 sangui-

771 3014 889 3052 nem
922 2999 1138 3068 fundere
1163 2999 1362 3061 desine,
1390 3014 1482 3050 nec
1509 2996 1634 3050 velis
1662 2996 2083 3051 Christianorum
2108 2998 2349 3053 dexteras

770 3088 1003 3157 ejusdem
1035 3086 1158 3153 ﬁdei
1196 3086 1613 3140 Christianorum
1651 3085 1920 3139 cruoribus
1963 3085 2171 3155 (sedari.
2209 3086 2350 3142 Nam

773 3192 828 3233 tu
868 3195 1071 3249 quoque
1093 3179 1244 3232 homo
1270 3194 1345 3242 es,
1377 3178 1465 3247 qui
1496 3185 1716 3230 mortem
1752 3185 1802 3230 et
1835 3181 2268 3233 resurrectionem
2299 3187 2348 3233 et

2459 1988 2715 2056 Ἀκήκοά
2746 2004 2819 2044 σε
2872 1989 3123 2059 θεοσεϐῆ
3151 1990 3466 2060 ἄνθρωπον
3526 1990 3626 2045 καί
3666 1991 4030 2059 Χριστιανὸν

2445 2080 2742 2149 ὑπάρχειν
2776 2082 3090 2149 ἀληθινὸν,
3122 2083 3336 2147 ,Βλέπω
3365 2082 3435 2136 δὲ
3464 2082 3538 2136 τὰ
3558 2083 3705 2151 ἔργα
3738 2081 4031 2151 μηδαμῶς

2446 2171 2571 2236 τοῖς
2587 2175 2791 2239 λόγοις
2814 2175 3246 2241 συμϐαίνοντα.
3258 2173 3564 2243 Ἵδιονμὲν
3579 2172 3688 2243 γὰρ
3707 2172 4037 2238 θεοσεϐοῦς

2447 2261 2761 2328 ἀνθρώπου
2784 2263 2881 2316 καί
2904 2264 3264 2331 Χριστιανοῦ
3303 2266 3370 2318 τὸ
3393 2265 3508 2331 τὴν
3529 2266 3781 2333 είρήνην
3796 2265 3901 2319 καὶ
3920 2264 4037 2331 τὴν

2445 2351 2687 2420 ἀγάπην
2700 2352 3095 2418 ἀσπάζεσθαι,
3117 2356 3284 2422 ειπερ
3306 2358 3339 2409 ό
3362 2356 3507 2421 Θεὸς
3522 2356 3724 2423 ἀγάπη
3752 2356 3907 2420 ἐστὶ,
3934 2356 4037 2409 και

2446 2443 2703 2511 λέγεται,
2736 2445 2997 2512 ἀσεϐοῦς
3026 2445 3095 2498 δὲ
3112 2446 3208 2499 καί
3230 2448 3493 2501 ἀπίστου
3506 2446 3611 2500 τοῦ
3626 2447 3860 2516 χαίρειν
3874 2462 4037 2515 σφα-

2448 2533 2581 2601 ταῖς
2608 2532 2705 2586 καὶ
2728 2535 2983 2603 αἵμασιν
3012 2534 3237 2601 ἀδίκως
3262 2536 3648 2604 ἐκχεομένοις
3669 2555 3680 2566 ·
3704 2538 3757 2589 εί
3778 2535 3899 2604 μὲν
3922 2532 4041 2591 οὖν

2447 2623 2681 2692 ἀληθὴς
2708 2626 3064 2693 Χριστιανὸς
3089 2626 3404 2695 ὑπάρχεις,
3428 2627 3624 2691 καθὼς
3639 2630 4039 2695 πεπληροφο-

2440 2717 2695 2786 ρήμεθα,
2736 2717 2972 2787 στῆσόν
2984 2733 3126 2774 ποτε
3144 2720 3252 2786 τὰς
3270 2719 3522 2786 ἀδίκους
3535 2720 3779 2787 σφαγὰς
3804 2720 3909 2773 καὶ
3930 2719 4039 2784 τὰς

2449 2808 2567 2860 τῶν
2594 2810 2859 2863 ἀνοσίων
2894 2808 3155 2877 αίμάτων
3179 2811 3481 2879 ἐκχύσεις,
3510 2810 3605 2863 καὶ
3626 2810 3885 2863 σπεῖσαι
3903 2810 4039 2877 μεθ’

2450 2898 2619 2966 ήμῶν
2679 2897 2795 2951 τῶν
2824 2899 3195 2967 Χριστιανῶν
3234 2899 3349 2968 τὴν
3392 2900 4043 2967 είρήνην,Χριστιανὸς

2450 2987 2535 3061 [Ρ.
2554 2987 2774 3060 4851ῶν
2795 2992 2886 3043 καί
2906 2990 3089 3056 αὐτὸς
3104 2991 3204 3044 καὶ
3221 2990 3665 3058 ὀνομαζόμενος,
3679 2988 3883 3059 καὶμὴ
3904 2990 4045 3044 θέλε

2444 3083 2808 3151 μολύνεσθαι
2828 3081 3193 3150 Χριστιανῶν
3205 3081 3403 3147 δεξιὰς
3423 3082 3672 3149 αῖμασιν
3692 3081 4048 3151 ἀμοπίστων

2451 3174 2836 3241 Χριστιανῶν.
2846 3175 3179 3241 Ἀνθρωπος
3197 3170 3253 3227 ει
3265 3173 3361 3227 καὶ
3372 3174 3555 3238 αὐτὸς
3565 3170 3832 3227 θάνατον
3846 3187 4044 3240 προσ-

775 3271 1024 3324 iudicium
1065 3278 1222 3339 atque
1269 3270 1664 3323 retributionem
1704 3278 1988 3339 exspectes.
2040 3269 2202 3325 Hodie
2233 3288 2351 3325 cum

2456 3263 2649 3317 δοκῶν
2682 3265 2777 3318 καὶ
2808 3265 3150 3319 ἀνάστασιν
3186 3266 3285 3319 καὶ
3330 3266 3536 3332 κρίσιν
3560 3265 3660 3317 καὶ
3701 3263 4045 3319 ἀνταπόδο-

772 3363 866 3423 sis,
904 3378 1022 3415 cras
1058 3362 1112 3414 in
1148 3360 1415 3429 pulverem
1459 3360 1778 3417 dissolveris.
1814 3360 1990 3415 Febris
2020 3380 2130 3416 una
2167 3381 2355 3433 super-

776 3453 960 3507 bientis
998 3454 1163 3506 animi
1210 3453 1535 3522 jactuntiam
1582 3470 1790 3506 omnem
1837 3456 2150 3525 exstinguet.
2185 3455 2358 3522 Quam

775 3545 938 3615 igitur
976 3546 1083 3600 Deo
1118 3549 1383 3601 rationem
1435 3564 1531 3616 pro
1576 3548 1786 3616 injustis
1831 3550 2087 3615 cladibus,
2135 3566 2254 3605 cum
2293 3552 2358 3606 ab

775 3637 1023 3690 hamanis
1071 3638 1408 3705 migraveris,
1465 3638 1765 3691 redditurus
1815 3641 1908 3693 es?
1949 3638 2061 3704 Quo
2110 3640 2260 3694 vultu
2302 3643 2359 3697 in

776 3727 1102 3780 tremendum
1119 3728 1428 3798 justumque
1449 3728 1683 3798 judicent
1714 3728 1889 3783 oculos
1917 3731 2194 3784 intendes?
2220 3731 2279 3786 Si
2311 3743 2360 3786 te

776 3818 1078 3872 divitiarum
1101 3820 1289 3889 cupido
1310 3822 1568 3891 exagitat.
1603 3820 1666 3873 iis
1693 3819 1762 3877 ad
1780 3823 2081 3877 satietatem
2114 3823 2357 3894 implebo.

781 3907 1009 3961 Tantum
1055 3909 1330 3963 dexteram
1368 3911 1595 3973 contine,
1619 3926 1802 3981 pacem
1852 3911 2200 3983 amplectere,
2250 3913 2362 3968 cole

778 3999 1134 4064 concordiam,
1168 4014 1224 4053 ut
1257 4009 1305 4052 et
1339 4002 1449 4070 ipse
1475 4002 1639 4054 vitam
1676 4010 1925 4071 pacatam
1964 4021 2093 4074 agas
2125 4014 2174 4058 et
2202 4024 2234 4059 a
2258 4022 2363 4060 οω-

778 4089 929 4144 dibus
969 4090 1189 4145 liberam
1233 4100 1392 4160 atque
1430 4091 1780 4161 tranquillam
1828 4096 2065 4165 curisque
2110 4095 2360 4161 solutam,

779 4198 844 4234 ac
886 4182 1095 4237 demum
1137 4181 1560 4237 Christianorum
1609 4200 1860 4238 reruan
1908 4202 2153 4257 necesque
2202 4188 2365 4256 linem

778 4269 1028 4325 habeant.
1065 4270 1231 4340 Nefas
1254 4272 1395 4324 enim
1422 4280 1497 4326 est
1530 4281 1587 4325 ut
1625 4274 1663 4326 ii
1697 4273 1947 4327 adversus
1977 4276 2210 4346 ejusdem
2242 4277 2367 4348 ﬁdei

780 4361 1004 4417 cultores
1035 4380 1189 4417 arma
1229 4363 1443 4418 tollant.

853 4544 942 4599 50.
1013 4546 1187 4599 Tanta
1249 4544 1365 4601 hazc
1426 4546 1645 4601 locutus
1711 4547 2012 4618 imperator
2076 4550 2361 4607 conticuit.
2403 4582 2446 4637 υ

782 4636 1021 4708 Symeon
1071 4653 1203 4692 vero
1254 4653 1583 4708 propensam
1636 4638 1775 4695 adeo
1833 4641 2205 4698 humilitatem
2260 4645 2370 4714 ple-

784 4745 963 4800 naque
995 4730 1279 4785 modestiae
1301 4732 1470 4785 verba
1500 4732 1777 4786 reveritus
1795 4734 2187 4805 componenda:
2215 4737 2368 4805 pacis

784 4836 1067 4875 assensum
1099 4822 1351 4892 praebuit.
1383 4823 1536 4878 Alter
1563 4823 1731 4893 igitur
1755 4825 1913 4879 alteri
1945 4827 2066 4880 vale
2092 4825 2364 4893 dicentes,

787 4911 1103 4981 muluisque
1133 4914 1387 4968 exsatiati
1417 4915 1814 4987 complexibus,
1848 4916 1977 4972 hinc
2006 4918 2133 4977 inde
2160 4919 2367 4975 disces-

786 5017 932 5065 sere,
984 5010 1274 5073 postquam
1317 5004 1616 5075 imperator
1663 5006 1990 5078 Symeoncm
2034 5010 2361 5066 muneribus

790 5092 1078 5161 magniﬁce
1141 5095 1466 5165 accepisset.
1526 5095 1682 5162 Quod
1744 5113 1876 5151 vero
1935 5108 2067 5155 tunc
2127 5101 2363 5165 accidit,

789 5192 1117 5239 narraturus
1162 5198 1322 5249 sum,
1378 5186 1581 5255 quippe
1630 5186 1943 5255 prodigium
1996 5204 2222 5259 remque
2272 5206 2369 5246 no-

788 5290 911 5328 vam
964 5283 1024 5330 et
1078 5275 1405 5341 inauditam,
1455 5292 1648 5331 eorum
1693 5293 1858 5333 sensu
1908 5294 1973 5335 ac
2022 5281 2232 5351 judicio
2278 5281 2372 5351 qui

790 5367 907 5422 han:
959 5368 1259 5438 coniectari
1312 5378 1538 5425 norunt.
1591 5369 1779 5425 Mutuo
1822 5371 1970 5426 enim
2018 5373 2381 5443 colloquenti-

2457 3372 2586 3422 σιν,
2616 3357 2712 3409 καί
2737 3359 3005 3426 σήμερον
3016 3356 3133 3426 μὲν
3158 3356 3468 3425 ὑπάρχων,
3491 3357 3701 3424 αὔριον
3732 3355 3802 3409 δὲ
3824 3357 3921 3423 είς
3940 3355 4045 3410 κό-

2456 3467 2556 3504 νιν
2569 3448 2983 3517 διαλυόμενος.
3000 3445 3103 3516 Εἷς
3123 3450 3376 3517 πιιρετὸς
3393 3448 3555 3503 ἅπαν
3580 3450 3955 3503 κατασϐέσει
3976 3448 4050 3504 τὸ

2456 3545 2754 3613 φρύαγμα.
2785 3546 2922 3597 Τίνα
2944 3540 3058 3597 οὖν
3085 3545 3271 3612 λόγον
3297 3542 3511 3608 δώσεις
3533 3542 3612 3608 τῷ
3644 3542 3770 3607 Θεῷ
3810 3543 4051 3597 ἐκεῖθεν

2459 3635 2739 3691 ἀπελθὼν
2756 3635 2907 3704 ὑπὲρ
2924 3633 3042 3687 τῶν
3057 3634 3279 3689 ἀδίκων
3292 3633 3560 3703 σφαγῶθτ
3575 3636 3726 3699 ποίῳ
3743 3636 4053 3701 προσώπῳ

2459 3727 2539 3795 τῷ
2564 3726 2792 3797 φοϐερῷ
2822 3727 2917 3780 καί
2934 3726 3139 3794 δικαίῳ
3166 3726 3524 3795 ὲνατενίσῃς
3540 3725 3741 3794 κριτῆ;
3769 3724 4054 3779 311.106—

2460 3836 2567 3871 του
2613 3817 2775 3885 ἐρᾷς,
2817 3816 2931 3886 ἐγώ
2956 3832 3032 3870 σε
3059 3819 3402 3882 κατακόρως
3452 3816 3668 3869 τούτου
3720 3815 4049 3882 ἐμπλήσω.

2460 3908 2665 3961 Μόνον
2705 3906 2957 3973 ἐπίσχες
2988 3906 3104 3973 τὴν
3136 3906 3362 3970 δεξιὰν,
3394 3905 3670 3960 ἇσπασαι
3709 3906 3828 3973 τὴν
3884 3906 4054 3973 etpri-

2463 4016 2600 4064 νην,
2630 3998 2952 4066 ἀγάπησον
2980 3998 3094 4065 τὴν
3120 3999 3425 4067 ὁμόνοιαν,
3450 4000 3551 4051 ἵνα
3569 3998 3665 4051 καί
3699 3998 3889 4063 αὐτὸς
3903 3999 4055 4061 βίον

2466 4090 2651 4158 ζήσῃς
2684 4090 2993 4159 είρηνικὸν
3028 4090 3128 4144 καὶ
3169 4091 3541 4158 ἀναίμακτον
3588 4090 3689 4144 καὶ
3740 4089 4056 4160 ἀπράγμο.

2465 4199 2563 4245 να,
2597 4181 2695 4236 καί
2734 4184 2789 4236 οί
2817 4182 3158 4249 Χριστιανοὶ
3182 4182 3534 4236 παύσωνταί
3559 4198 3704 4234 ποτε
3732 4180 3859 4234 τῶν
3891 4197 4057 4249 συμ-

2466 4272 2667 4343 ςρορῶν
2702 4272 2803 4326 καί
2833 4273 3175 4339 στήσωνται
3206 4274 3274 4327 τὸ
3314 4272 3707 4341 Χριστιανοὺς
3745 4272 4055 4341 ἀναιρεῖν·

2467 4368 2539 4418 οὺ
2592 4366 2701 4433 γὰρ
2734 4364 2900 4434 θέμις
2943 4364 3147 4430 αὐτοῖς
3196 4365 3388 4434 αἴρειν
3442 4365 3604 4418 ὅπλα
3668 4364 3797 4420 καθ’
3838 4364 4060 4435 όμοπί-

2467 4470 2653 4510 στων.

2540 4544 2604 4600 λ’.
2640 4546 2887 4600 Τοσαῦτα
2918 4547 2946 4600 ὁ
2977 4545 3229 4616 βασιλεὺς
3260 4545 3430 4598 εἰπὼν
3458 4545 3731 4612 ἐσίγησεν.
3767 4542 3831 4597 Ὀ
3865 4543 3927 4597 δὲ
3959 4545 4065 4596 Συ-

2476 4639 2624 4709 μεὼν
2658 4638 2924 4700 αἰδεσθεὶς
2969 4638 3067 4708 τὴν
3113 4638 3383 4707 τοσαύτην
3434 4636 3763 4690 ταπείνωσιν
3788 4638 3890 4688 καὶ
3931 4640 4065 4698 τοὺς

2471 4729 2682 4799 λόγους,
2712 4731 3007 4783 κατένευσε
3041 4729 3140 4801 τὴν
3175 4730 3402 4800 εἰρήνην
3442 4727 3790 4796 ποιήσασθαι.
3845 4728 4066 4779 Ἀσπα-

2472 4822 2695 4889 σάμενοι
2744 4815 2838 4873 οὖν
2893 4820 3156 4890 ἀλλήλους
3204 4819 3299 4871 καὶ
3331 4816 3803 4886 διαχωρισθέντες,
3858 4815 4068 4886 δώροις

2471 4912 2915 4985 μεγαλοπρεπέσι
2949 4910 3044 4964 τοῦ
3078 4909 3342 4981 βασιλέως
3376 4909 3779 4976 δεξιωσαμένου
3810 4908 3911 4959 τὸν
3957 4909 4068 4959 Συ-

2471 5005 2636 5075 μεών.
2670 5006 2733 5057 Ὃ
2764 5004 2820 5057 δὲ
2848 5004 2971 5057 τότε
2996 5003 3366 5074 συμϐέϐηκεν,
3387 5002 3743 5071 διηγήσομαι,
3764 5000 4071 5069 τεράστιόν

2467 5114 2528 5150 τε
2561 5097 2620 5150 ὃν
2652 5098 2747 5150 καὶ
2785 5098 2898 5159 τοῖς
2941 5096 3115 5150 ταῦτα
3160 5094 3470 5162 συγκρίνειν
3519 5093 3684 5145 εἰδόσι
3723 5093 4066 5161 παράδοξον.

2472 5189 2579 5243 Δύο
2610 5188 2775 5257 φασὶν
2802 5188 2993 5250 ἀετοὺς
3023 5187 3132 5240 τῶν
3170 5185 3437 5257 βασιλέων
3484 5182 3818 5253 ὁμιλούντων
3847 5184 4071 5237 ἀνωθεν

2476 5284 2657 5339 αὐτῶν
2690 5280 3040 5351 ὑπερπτῆναι
3063 5279 3129 5345 ’⁸,
3164 5278 3398 5346 κλάγξαι
3426 5294 3485 5330 τε
3510 5277 3603 5331 καὶ
3629 5276 3768 5346 πρὸς
3789 5276 4071 5347 ἀλλήλους

2480 5375 2748 5448 συμμῖξαι
2774 5376 2871 5428 καὶ
2898 5373 3211 5445 παραυτίκα
3238 5369 3624 5439 διαζευχθῆναι
3656 5368 3944 5438 ἀλλήλων,
3973 5370 4072 5421 καὶ

792 5458 899 5515 bus
936 5460 1161 5531 regibus
1188 5460 1327 5517 duas
1351 5462 1591 5533 desuper
1630 5464 1843 5533 aquilas
1874 5464 2158 5522 devolasse
2191 5466 2352 5521 ferun

2481 5469 2575 5525 τὸν
2598 5468 2696 5539 μὶν
2732 5466 2826 5522 ἐπὶ
2850 5468 2949 5539 τὴν
2980 5465 3136 5521 πόλιν
3160 5464 3357 5530 ιλθεῐν,
3379 5462 3471 5517 τὸν
3503 5461 3561 5515 δὲ
3583 5460 3677 5514 ἐπὶ
3703 5460 3805 5531 τὴν
3831 5460 4072 5534 Θρᾴκην

873 5644 892 5669 ⁷
926 5634 1125 5691 lJoan.
1163 5655 1238 5705 IV,
1279 5640 1333 5693 8.

2069 5734 2300 5793 γΑιιυε
2335 5734 2741 5812 LECTIONES.

872 5822 914 5855 "
945 5824 1284 5895 ὑπερπτῆναι
1320 5823 1377 5889 ι’,
1413 5832 1465 5878 at
1489 5839 1609 5879 mox
1643 5822 1957 5894 διαπῑήναι.
