4158 6438
151 447 220 508 801
524 439 892 503 ANNAIES.
920 463 987 474 -
1028 437 1440 499 CONSTANT.
1484 437 1855 497 PORPHYR.
1893 436 1989 498 ΕΤ
2028 436 2395 498 ROMANUS
2432 434 2891 496 LACAPENUS.
3250 438 3361 501 802

148 552 412 621 διαπτῆναι.
459 551 629 605 Τοῦτο
667 548 913 620 ἀκριϐῶς
947 550 995 602 οί
1046 551 1114 601 τά
1146 548 1373 601 τοιαῦτα
1404 548 1675 601 σκοποῦν-
1703 552 1749 607 Α
1779 565 1790 600 t

1720 550 2201 617 hclangoremque
2259 548 2487 601 edentes
2542 546 2808 608 colvisse,
2878 561 2941 599 ac
3013 544 3176 616 739
3238 561 3362 599 mox

149 660 213 705 τις
231 642 279 694 οὐ
331 641 493 694 καλὸν
546 640 765 709 ἔκριναν
800 639 1014 692 οίωνόψ
1046 638 1398 707 ἀσυμϐάτους
1442 639 1549 706 γὰρ
1577 637 1670 688 ἐπὶ
1781 640 1791 691 l

1781 638 1927 692 facto
1986 638 2225 691 divortio
2287 638 2515 691 alteram
2582 635 2807 704 quidem
2858 634 3053 689 urbem
3109 635 3365 705 petiisse,

147 736 193 800 τῇ
218 731 390 799 εἰρήνῃ
426 729 767 799 ἀμφοτέρους
809 728 1234 795 διαλυθήσεσθαι
1290 726 1522 795 ἔφησαν.
1565 728 1666 778 Συ·
1779 747 1789 784 ε

1779 732 2004 784 alteram
2040 730 2094 784 in
2129 731 2424 784 Thraciam
2466 744 2771 797 pennarum
2818 729 3047 798 remigio
3084 742 3203 782 sese
3247 727 3370 782 sub-

149 821 259 892 μιὼν
286 822 340 873 δὲ
370 824 432 873 τὸ
453 821 618 875 αὑτοῦ
653 821 1016 892 στρατόπεδον
1048 818 1372 872 καταλαϐὼν
1402 820 1512 881 τοῖς
1542 820 1672 870 ἐαυυ
1781 841 1791 875 ε

1781 822 2024 877 duxisse.
2079 823 2193 877 Nec
2239 824 2354 877 hanc
2396 821 2559 876 fausti
2609 820 2814 875 ominis
2857 822 3100 891 iudicata
3155 821 3223 874 iis
3249 820 3370 889 qui-

146 914 216 967 τοϋ
235 916 511 984 μεγιστᾶσι
544 915 644 985 τὴν
674 913 768 966 τοῦ
800 913 1066 984 βασιλέως
1109 912 1410 982 ἀπήγγειλε
1460 910 1678 963 σύνεσιν
1785 915 1788 968 ἲ

1785 914 1889 968 bus
1933 914 2243 968 istiusmodi
2277 914 2555 969 curiosius
2596 913 2862 968 rimandis
2904 912 3121 967 addicta
3169 927 3368 980 opera;

148 1009 218 1059 καὶ
240 1005 575 1068 ταπείνωσιν,
602 1006 877 1072 ἐξεθείαζέ
904 1022 963 1057 τε
1009 1004 1176 1057 αὐτοῦ
1210 1003 1270 1055 τό
1306 1019 1365 1055 τε
1402 997 1538 1064 εἶδος
1587 1003 1682 1055 καὶ
1785 1021 1790 1058 1

1785 1019 1985 1073 nempe
2032 1005 2319 1059 discordes
2366 1005 2481 1059 fore
2532 1005 2845 1073 infectaque
2891 1017 3206 1057 recessuros
3239 1017 3372 1069 pace

147 1099 221 1165 τὴν
249 1097 428 1166 ῥώμην
452 1100 545 1150 καὶ
572 1098 633 1149 τὺ
655 1097 1077 1166 ἀκατάπληκτον
1100 1094 1196 1150 τοῦ
1234 1096 1606 1163 φρονήματος.
1787 1111 1789 1162 ᾗ

1787 1096 2071 1164 principes
2111 1094 2451 1150 divinavere.
2508 1095 2747 1167 Symeon
2792 1095 2845 1148 in
2889 1104 3069 1150 castra
3118 1105 3378 1147 reversus

146 1191 454 1258 imperatoris
511 1192 837 1259 Sapientiam
910 1199 968 1245 et
1023 1189 1346 1243 modestiam
1410 1189 1465 1242 in
1531 1202 1820 1255 procerum
1893 1204 2122 1244 suorum
2203 1189 2441 1244 concilio
2494 1205 2750 1245 sermone
2820 1196 3179 1258 prosecutus,
3261 1187 3377 1242 for-

147 1299 358 1353 mamque
394 1294 445 1338 et
479 1284 649 1337 robur
682 1292 741 1337 et
775 1282 1163 1352 imperculsum
1196 1282 1438 1334 animum
1478 1279 1784 1336 liberaliter
1812 1282 2076 1337 laudavit.

200 1377 455 1448 λα’.Μηνὶ
493 1377 811 1448 Δεκεμϐρίῳ
855 1382 931 1428 κε’
962 1374 1189 1443 ἔστεψεν
1236 1374 1517 1443 Ἰνωμανδς
1562 1375 1690 1437 τοὺς

1862 1377 1953 1430 51.
2005 1377 2206 1431 Mensis
2252 1376 2572 1431 Decembris
2614 1377 2809 1447 quinto
2858 1393 3024 1447 supra
3056 1378 3379 1448 vigesimum

148 1475 267 1537 υἱοὺς
303 1473 466 1525 αὐτοῦ
496 1476 552 1525 ἐν
581 1476 648 1543 τῇ
696 1473 925 1543 Μεγάλῃ
958 1471 1246 1541 ἐκκλησίᾳ,
1289 1471 1559 1539 Στέφανον
1597 1471 1691 1523 καὶ

1794 1467 2075 1522 Romanus
2109 1468 2412 1536 imperator
2447 1468 2588 1521 filios
2620 1482 2749 1521 suos
2778 1468 3111 1537 Stephanum
3152 1476 3207 1522 et
3236 1467 3380 1522 Con-

147 1568 538 1620 Κωνσταντῖνον.
572 1565 677 1617 Τὸν
712 1564 767 1617 δὲ
795 1564 1181 1632 θεοφύλακτον
1219 1564 1310 1616 τὸν
1349 1564 1463 1616 υἱὸν
1501 1561 1688 1626 αὑτοῦ,

1793 1558 2095 1612 stantinum
2180 1559 2235 1611 in
2300 1558 2490 1624 Magna
2555 1545 2788 1612 ecclesia
2850 1558 3121 1627 augustali
3180 1572 3381 1611 corona

149 1657 364 1727 εὐνοῦχον
394 1657 545 1717 ὄντα,
598 1656 852 1725 ἐποίησεν
896 1655 1158 1725 κληρικδν
1202 1655 1231 1706 6
1279 1654 1547 1717 Νικόλαος
1593 1654 1689 1705 καὶ

1794 1648 2066 1713 donavit;
2144 1648 2617 1718 Theophylactum
2680 1657 2863 1702 autem
2929 1650 3050 1715 ejus
3124 1648 3253 1701 item
3321 1648 3383 1701 li-

148 1750 408 1817 σᾷγκελλον
450 1748 960 1819 προχειρισάμενος,
1022 1747 1325 1816 χειροτονεῖ
1366 1745 1423 1798 δέ
1455 1745 1685 1798 ὑποδιά-

1796 1741 1967 1804 lium,
2020 1740 2113 1809 qui
2155 1740 2326 1809 spado
2366 1746 2551 1804 esset,
2607 1739 2867 1794 Nicolaus
2921 1739 3050 1793 fecit
3098 1741 3383 1804 clericum,

149 1858 297 1895 κονον.
1799 1833 2214 1904 syucellumque
2297 1832 2602 1902 praeﬁciens
2694 1832 3139 1903 hypodiaeonum
3230 1831 3386 1887 ordi-

1729 1950 1771 2005 Β
1799 1926 1973 1979 navit.
2012 1960 2016 1965 -

202 2020 287 2090 λβ⁸.
307 2020 383 2090 Τῇ
402 2018 454 2072 δέ
477 2016 535 2071 ιε’
551 2016 646 2071 τοῦ
664 2018 841 2071 Μαΐου
867 2018 1054 2087 μηνὸς,
1095 2014 1425 2080 ίνδικτιῶνος
1441 2015 1488 2083 γ’
1511 2016 1574 2082 ⁸⁸,
1603 2033 1696 2069 τε·

1869 2018 1957 2072 52.
1998 2018 2199 2073 Mensis
2249 2018 2373 2072 Maii
2428 2018 2518 2072 die
2565 2018 2760 2087 quinto
2810 2016 3043 2082 decimo,
3086 2016 3388 2072 indictione

148 2112 328 2182 λευτᾷό
357 2110 698 2180 πατριάρχης
718 2109 1001 2173 Νικόλαος,
1020 2111 1297 2178 κρατήσας
1315 2110 1371 2161 ἐν
1387 2111 1452 2178 τῇ
1472 2107 1700 2178 δευτέρᾳ

1799 2111 1980 2173 tertia,
2041 2110 2277 2164 moritur
2322 2111 2582 2165 Nicolaus
2632 2108 2976 2177 patriarcha,
3012 2110 3386 2178 patriarchatu

144 2201 285 2256 αὑτοῦ
299 2201 558 2256 ἀναϐάσει
579 2198 674 2251 τοῦ
692 2198 1081 2268 πατριαρχείου
1100 2200 1141 2231 ¹¹
1160 2199 1254 2269 ἐτη
1275 2196 1362 2267 ιγ’,
1382 2200 1476 2251 καὶ
1497 2199 1700 2251 θάπτε-

1796 2198 2006 2266 potitus
2078 2212 2251 2251 annos
2315 2198 2778 2267 quatuordecim,
2841 2210 2911 2251 ex
2969 2213 3079 2267 quo
3145 2197 3390 2252 secundo

144 2308 221 2345 ται
242 2295 293 2345 ἐν
314 2295 379 2363 τῇ
408 2289 493 2363 [Ρ.
513 2289 642 2361 4861
667 2293 801 2360 μονῇ
824 2289 989 2343 αὐτοῦ
1011 2290 1118 2342 τῶν
1136 2290 1176 2343 Γ
1178 2290 1520 2362 αλακρηνῶν.
1541 2289 1632 2357 Τῷ
1643 2290 1699 2341 δέ

1800 2287 1986 2342 sedem
2045 2287 2415 2349 conscendit;
2488 2289 2866 2357 sepeliturque
2938 2289 2993 2342 in
3052 2289 3390 2345 monasterio

142 2383 413 2455 Αὐγούστῳ
450 2384 579 2453 μηνὶ⁵
610 2383 878 2453 Στέφανος
912 2384 939 2435 6
984 2382 1284 2453 ’Δμασείας
1338 2382 1595 2453 εὐνοῦχος
1625 2381 1700 2434 ὢν

1800 2393 1901 2433 suo
1961 2377 2417 2434 Galacrenorum.
2472 2380 2657 2438 Mense
2724 2390 2908 2434 autem
2964 2380 3214 2450 Augusto
3267 2380 3389 2435 Ste-

146 2476 328 2544 γίνεται
383 2476 751 2547 πατριάρχης.
811 2475 1065 2545 Ἰωάννης
1116 2474 1174 2527 δέ
1223 2474 1253 2526 6
1298 2474 1561 2543 μυστικὸς
1606 2474 1701 2527 καὶ

1801 2473 2014 2542 phanus
2061 2474 2308 2528 Amaseae
2352 2474 2725 2542 metropolita,
2782 2475 2900 2544 ipse
2938 2474 3251 2539 eunuchus,
3300 2488 3393 2544 pa-

143 2564 637 2634 παρ-αδυναστεύων,
672 2565 792 2618 ἐπεὶ
832 2551 973 2617 κατά
1017 2563 1111 2617 τοῦ
1167 2563 1430 2634 βασιλέως
1482 2565 1701 2634 φρονεῖν

1802 2564 2042 2619 triarcha
2083 2573 2325 2618 creatur.
2363 2565 2530 2619 Porro
2553 2565 2794 2620 Joannes
2820 2566 3087 2637 mysticus
3109 2574 3165 2619 et
3190 2565 3393 2619 subad-

144 2655 383 2727 ὴλέγχθη,
411 2661 556 2728 φυγῇ
578 2659 921 2728 χρησάμενος
958 2660 1015 2709 ἐν
1041 2659 1107 2727 τῇ
1140 2657 1240 2725 τῆς
1270 2655 1699 2710 Μονακαστάνου

1796 2656 1949 2726 juva,
2007 2655 2156 2724 quod
2213 2672 2301 2711 res
2362 2671 2533 2711 novas
2591 2656 2772 2711 moliri
2828 2672 2891 2711 ac
2936 2657 3250 2727 imperatori
3304 2658 3391 2711 in-

141 2745 479 2816 ἀποκείρεται
527 2750 683 2818 μονῇ.
725 2749 1138 2807 Κωνσταντῖνος
1168 2745 1225 2798 δέ
1260 2746 1289 2798 6
1324 2744 1418 2798 τοῦ
1446 2746 1608 2797 Βοϊλα
1642 2748 1701 2797 ἐν

1800 2745 1991 2800 sidiari
2038 2746 2326 2801 convictus
2379 2747 2562 2817 fugam
2621 2748 2855 2813 inierat,
2915 2748 2971 2803 in
3020 2748 3392 2804 Honocastani

144 2834 211 2903 τῷ
250 2836 509 2908 Ὀλύμπῳ
554 2839 933 2908 ἀποκείρεται.
980 2837 1349 2908 Προϐάλλεται
1400 2836 1457 2889 δέ
1492 2840 1519 2889 6
1551 2837 1702 2905 βασι-

1803 2840 2137 2893 monasterio
2189 2840 2446 2892 monachi
2503 2840 2615 2893 ritu
2667 2840 2950 2895 tondetur.
2996 2838 3396 2894 Constantinus

142 2926 253 2991 λεὺς
288 2928 569 2999 Ῥωμανδς
602 2930 883 3002 Θεοφάνην
926 2929 1422 3000 πρωτοϐεστιάριον
1463 2928 1704 2998 παραδυο

1804 2926 1934 2983 item
1995 2928 2191 2984 Boelas
2235 2932 2289 2983 in
2338 2930 2569 3001 Olympo
2614 2931 2940 3000 capillorum
2999 2930 3150 2984 cultu
3202 2930 3396 2984 multa-

145 3019 483 3074 ναστεύοντα.
518 3021 729 3074 Γίνεται
767 3021 824 3075 δέ
861 3022 982 3074 τότε
1019 3020 1240 3090 σεισμὸς
1288 3018 1515 3090 φοϐερὸς
1542 3021 1599 3072 ἐν
1626 3018 1703 3089 τῷ

1804 3025 1916 3073 tur.
1963 3021 2201 3076 Praeficit
2253 3038 2386 3078 vero
2450 3024 2734 3078 Romanus
2792 3024 3094 3093 imperator
3136 3021 3400 3093 subadjn-

140 3108 235 3161 τῶν
255 3110 582 3181 Θρᾳκησίων
607 3112 826 3182 Θέματι,
850 3114 945 3167 καὶ⁵
965 3112 1153 3183 χάσμα
1184 3112 1287 3182 γῆς
1321 3113 1464 3181 μέγα
1484 3111 1581 3163 καὶ
1602 3129 1703 3164 κα·-

1805 3126 1925 3164 vam
1988 3112 2381 3183 Theophanem
2434 3116 2941 3183 protovestiarium,
2987 3130 3097 3185 quo
3154 3124 3399 3184 tempore

140 3201 519 3271 ταπληκτικὸν,
550 3204 626 3266 ὡς
652 3204 822 3257 πολλά
852 3204 1028 3275 χωρία
1056 3205 1150 3257 καὶ
1169 3203 1466 3273 ἐκκλησίας
1499 3203 1700 3258 αὐτάν-

1805 3201 2169 3259 formidabilis
2223 3214 2382 3262 terrae
2426 3206 2590 3277 740
2636 3216 2819 3261 motus
2870 3206 2925 3260 in
2974 3206 3398 3260 Thraccsiorum

141 3290 282 3358 δροος
308 3295 738 3364 καταπτωθῆναι
778 3296 841 3349 ³³.
1737 3287 1782 3348 C

1758 3287 2056 3350 Ithemate
2104 3298 2339 3361 accidit,
2397 3299 2697 3368 ingensque
2741 3307 2899 3353 terra:
2951 3298 3136 3353 hiatus
3184 3314 3249 3353 ac
3290 3306 3400 3352 ter-

140 3383 333 3450 rificus,
378 3398 444 3442 ut
490 3388 659 3442 multa
706 3387 909 3457 praedia
952 3394 1008 3442 et
1049 3387 1168 3442 loca
1221 3402 1286 3443 ac
1337 3386 1587 3443 ecclesiae
1629 3384 1846 3457 virique
1893 3389 1948 3442 in
1987 3390 2068 3444 eis
2106 3390 2439 3446 absorbente
2494 3402 2644 3445 vasta
2702 3391 2961 3462 voragine
3016 3393 3225 3462 pariter
3270 3407 3398 3462 pcr-

141 3487 319 3533 ιοτιιιῑ.

198 3568 295 3637 λγ.
323 3570 480 3639 Μηνὶ
532 3570 695 3640 Μαΐῳ
758 3569 861 3635 κζ’,
891 3570 1219 3635 ίνδικτιῶνος
1255 3572 1324 3634 ιέ,
1389 3571 1641 3640 Ἰωάννης
1680 3571 1708 3625 6

1881 3569 1968 3624 '53.
2036 3568 2237 3625 Mensis
2284 3568 2411 3624 Maii
2457 3570 2547 3624 die
2583 3568 2819 3639 septimo
2854 3584 3022 3638 supra
3050 3570 3399 3640 vigesimum.

136 3660 467 3731 ἀστρονόμος
497 3657 650 3715 εἶπεν
691 3663 959 3732 Ῥωμανῷ
992 3662 1069 3733 τῷ
1099 3662 1306 3733 βασιλεῖ
1330 3665 1412 3717 ὅτι
1448 3664 1519 3718 Ἡ
1544 3666 1710 3716 ἱστα-

1812 3664 2116 3719 indietione
2149 3664 2343 3733 quinta
2378 3664 2611 3729 decima,
2654 3664 2730 3717 ait
2766 3664 3007 3719 Joannes
3051 3674 3405 3717 astronomus

130 3750 273 3817 μέν-η
302 3749 510 3817 στήλη
535 3748 733 3803 ἐπάνω
758 3749 868 3817 τῆς
901 3750 1173 3818 καμάρας
1215 3751 1321 3804 τοῦ
1352 3751 1708 3819 Ξηρολόφου

1812 3756 2134 3826 imperatori
2169 3774 2183 3811 :
2234 3756 2363 3822 Qua:
2408 3771 2568 3826 super
2606 3755 2887 3826 Xerolophi
2924 3757 3176 3825 fornicem
3230 3766 3404 3809 erecta

135 3836 225 3889 καὶ
249 3836 348 3890 ἐπὶ
383 3837 627 3906 δυσμὰς
645 3837 973 3901 βλέπουσα
1005 3838 1110 3891 τοῦ
1141 3837 1385 3906 Συμεών
1418 3840 1571 3891 ἐστι·
1610 3838 1709 3891 καὶ

1812 3857 1989 3901 statua
2037 3856 2147 3911 est,
2203 3863 2355 3901 versa
2407 3848 2539 3916 facie
2581 3848 2651 3900 ad
2716 3847 3069 3908 occidentem,
3130 3845 3404 3916 Symeonis

132 3930 179 3980 εί
218 3930 446 3996 ταύτης
480 3929 594 3994 τὴν
614 3932 892 3998 κεφαλὴν
907 3930 1212 3998 ἐκκόψεις,
1249 3929 1324 3997 τῇ
1342 3929 1496 3997 αὐτῇ
1522 3929 1643 3998 ὥρᾳ
1680 3932 1712 3983 ό

1818 3938 1993 4010 ﬁgura
2033 3950 2129 3993 est.
2178 3940 2307 4009 Ejus
2350 3950 2509 4010 caput
2560 3942 2605 3994 si
2650 3941 2923 4004 excideris,
2975 3942 3091 4010 ipsa
3135 3942 3264 3993 hora
3311 3938 3408 4010 Sy-

133 4020 377 4088 Σιψεὼν
414 4018 691 4086 τελευτᾷ.
736 4020 1083 4084 Ἀποστείλας
1122 4016 1217 4075 οὖν
1272 4022 1300 4073 6
1347 4020 1599 4090 βασιλεὺς
1646 4023 1712 4091 τῇ

1826 4049 1978 4086 mean
2017 4033 2155 4085 diem
2206 4034 2383 4087 obibit.
2434 4033 2599 4088 Misso
2650 4032 2834 4101 itaque
2893 4042 3060 4086 noctu
3109 4032 3409 4100 imperator

132 4114 280 4164 νυκτὶ
305 4115 413 4182 τὴν
445 4112 689 4182 κεφαλὴν
718 4117 817 4181 τῆς
872 4113 1075 4183 στήλης
1111 4112 1335 4181 ἐξέκοψε
1362 4129 1376 4143 ·
1405 4113 1498 4166 καὶ
1529 4116 1597 4184 τῇ
1620 4113 1717 4165 αὐ-

1822 4122 2078 4177 minislro
2126 4131 2319 4177 statuae
2365 4132 2530 4193 caput
2580 4123 2852 4185 abstulit,
2912 4122 3220 4191 eademque
3274 4124 3408 4177 hora

130 4206 191 4273 τῇ
211 4200 335 4275 ὥρᾳ
354 4206 386 4256 6
411 4201 643 4273 Συμεὼν
663 4205 742 4265 είς
774 4203 1113 4273 Βουλγαριαν
1135 4202 1474 4271 ἐτελεύτησε,
1513 4203 1715 4271 Πέτρον

1826 4216 2061 4285 Symeon
2092 4214 2148 4268 in
2188 4215 2442 4285 Bulgaria
2484 4216 2709 4277 occidit,
2756 4216 2920 4270 Petro
2969 4214 3103 4279 ﬁlio,
3147 4231 3311 4284 quem
3342 4231 3410 4269 ex

130 4295 214 4345 τὸν
236 4296 355 4346 υἱὸν
384 4294 561 4346 αὐτοῦ
592 4293 995 4363 προϐαλόμενος
1024 4293 1284 4366 ἄρχοντα,
1304 4292 1363 4345 ὃν
1382 4294 1447 4345 ἐκ
1475 4292 1573 4360 τῆς
1588 4293 1711 4345 δευ-

1820 4307 2063 4362 secundo
2114 4317 2237 4361 toro
2285 4316 2637 4375 susceperat,
2700 4307 2951 4376 principe
3010 4306 3298 4376 designato
3347 4321 3412 4361 ac

129 4386 285 4457 τέρας
320 4386 503 4441 αὐτοῦ
543 4386 803 4455 γυναικὸς
837 4382 1012 4457 εἶχενο
1050 4385 1272 4456 Μιχαὴλ
1305 4386 1361 4438 δέ
1390 4388 1483 4438 τὸν
1522 4387 1585 4437 ἐκ
1615 4388 1713 4454 τῆς

1822 4411 2165 4461 successore,
2218 4396 2483 4452 Michaele
2531 4412 2664 4451 vero
2715 4413 2781 4451 ex
2827 4398 3011 4466 priore
3064 4413 3232 4451 uxore
3282 4410 3410 4450 nam

132 4480 410 4552 προτέρας
447 4480 600 4548 αὐτῷ
637 4479 928 4549 γενόμενον
962 4479 1222 4546 γυναικὸς
1247 4478 1509 4548 ἀπέκειρε
1554 4494 1716 4547 μονα-

1824 4488 1880 4543 in
1938 4489 2266 4543 monachum
2315 4496 2553 4543 attonso.
2607 4489 2848 4543 Joannes
2905 4504 3070 4557 porro
3119 4497 3174 4542 et
3220 4487 3414 4559 Benja-

128 4573 236 4643 κόν.
281 4575 551 4642 Ἰωάννης
578 4572 635 4625 δέ
659 4572 754 4625 καὶ
807 4571 1064 4641 Βενιαμὶν
1092 4573 1140 4624 οί
1180 4571 1274 4624 τοῦ
1325 4570 1531 4641 Πέτρου
1560 4568 1716 4622 ἀδελ·
1748 4608 1770 4670 1

1578 4568 1716 4621 ὶδελ-
1748 4608 1801 4670 D
1828 4580 1941 4634 min
1970 4581 2258 4650 epistolam
2284 4580 2567 4651 Bulgarice
2597 4581 2858 4650 scriptam
2893 4582 3220 4636 attulerunt.

130 4668 215 4735 φοι
245 4667 554 4737 ἐπιστολήν
584 4666 910 4737 ἐκομίσαντο
950 4666 1349 4737 Βουλγαρικήν.

191 4760 285 4817 ἰδ’.
322 4761 415 4815 Τὰ
454 4758 642 4830 κύκλῳ
667 4754 760 4813 οὖν
784 4758 911 4828 ἔθνη
937 4758 1038 4831 τὴν
1070 4758 1164 4811 τοῦ
1200 4756 1426 4828 Συμεὼν
1460 4756 1724 4826 μαθόντες

1901 4763 1989 4817 54.
2043 4762 2243 4817 Audita
2302 4762 2487 4831 itaque
2548 4761 2837 4832 Symeonis
2890 4771 3065 4817 morte
3119 4763 3416 4817 circumvi-

130 4852 413 4925 τελευτήν,
455 4853 594 4905 οἵτε
623 4852 894 4922 Χροϐάτοι
922 4852 1017 4905 καὶ
1058 4853 1106 4904 οἱ
1138 4852 1338 4917 λοιποὶ,
1377 4850 1516 4903 κατά
1546 4850 1718 4901 Βουλο-

1830 4853 1967 4909 ciuze
2013 4855 2289 4917 nationes,
2341 4853 2604 4909 Chrobati
2657 4855 2864 4924 pariter
2911 4869 2975 4907 ac
3032 4853 3265 4922 reliqui,
3316 4853 3412 4906 ad-

128 4948 309 5017 γᾶρων
343 4950 537 5002 κινεῖν
570 4946 895 5000 ἐϐούλοντοο
942 4943 1104 5015 λιμοῦ
1165 4945 1221 4999 δέ
1277 4945 1533 5016 μεγίστου
1585 4943 1726 5014 μετά

1830 4959 2050 4998 versum
2088 4943 2353 5013 Bulgaros
2386 4944 2593 4999 bellum
2631 4959 2855 5000 movere
2879 4943 3214 5014 cogitabant.
3247 4944 3416 4999 Cum-

128 5042 213 5092 καὶ
235 5040 502 5111 ἀκρίδων
532 5038 631 5109 τήν
663 5038 1005 5109 Βουλγαρίαν
1035 5038 1387 5103 ἐκπιέζοντος
1410 5079 1423 5104 ,
1455 5037 1725 5091 ἐδεδίεσαν

1831 5052 1937 5106 que
1983 5035 2155 5089 fames
2200 5035 2434 5089 maxima
2477 5051 2541 5089 ac
2581 5036 2920 5090 locustarum
2982 5034 3067 5089 vis
3104 5035 3415 5104 Bulgariam

128 5132 217 5183 καὶ
250 5132 473 5201 μᾶλλον
506 5130 731 5200 τὴντῶν
767 5130 1056 5200 Ῥωμαίων
1088 5130 1394 5186 ἐπέλευσιν.
1435 5128 1599 5182 Ὅθεν
1633 5128 1727 5181 καὶ

1835 5130 1954 5185 dire
2008 5138 2287 5199 premeret
2337 5138 2394 5184 et
2440 5129 2739 5198 afﬂigeret,
2801 5130 3177 5183 Romanorum
3241 5130 3293 5181 in
3360 5143 3416 5182 sc

127 5224 263 5277 κατά
333 5224 668 5294 Ῥωμανίαν
699 5225 1130 5295 ἐκστρατεύουσι
1160 5225 1252 5277 καὶ
1305 5227 1370 5294 τῇ
1418 5224 1728 5293 Μακεδονίᾳ

1836 5223 2106 5290 impetum
2177 5237 2242 5276 ac
2307 5220 2701 5292 grassationem
2782 5221 2955 5290 magis
3025 5218 3415 5273 formidabant.

129 5318 670 5387 καταλυμαίνονται.
712 5318 776 5370 Οἱ
808 5317 864 5370 δέ
892 5317 1195 5389 Βούλγαροι
1235 5317 1335 5388 τὴν
1372 5317 1508 5388 πρὸς
1532 5318 1727 5380 αὐτοὺς

1837 5315 2048 5369 Idcirco
2100 5314 2177 5368 illi
2232 5329 2453 5383 quoque
2494 5312 2867 5367 Macedoniam
2909 5312 3180 5383 populari.
3219 5311 3418 5365 Audita

128 5409 409 5475 ἐξέλευσιν
462 5408 567 5463 τοῦ
630 5409 893 5479 βασιλέως
943 5410 1276 5472 ἀκούσαντες
1328 5410 1454 5479 περὶ
1508 5412 1731 5479 εἰρήνης

1837 5419 2019 5462 autem
2086 5408 2433 5477 imperatoris
2487 5406 2539 5460 in
2600 5422 2696 5461 eos
2749 5405 3099 5475 expeditione
3163 5403 3229 5458 de
3288 5418 3420 5472 pace

128 5506 521 5571 φροντίζουσι,
547 5504 642 5557 καὶ
688 5504 1080 5560 ἀποστέλλουσι
1123 5504 1358 5576 μοναχόν
1388 5522 1510 5558 τινα
1551 5503 1728 5555 Καλο-

1832 5501 2076 5563 solliciti,
2110 5502 2441 5554 monachum
2493 5499 2789 5568 quemdam
2836 5497 3015 5566 patria
3073 5497 3418 5560 Armenium,

127 5594 283 5665 κῦριν
376 5595 824 5667 ὀνομαζόμενον,
912 5597 1277 5667 Ἀρμενιακὸν
1302 5597 1379 5667 τῷ
1436 5598 1615 5665 γένει’
1674 5595 1731 5657 ὃς

1831 5591 2133 5663 Calosyrim
2185 5593 2428 5654 nomine,
2480 5592 2727 5646 mittunt.
2782 5588 3085 5659 Susceptus
3125 5588 3192 5641 ah
3243 5587 3421 5655 impe-

130 5690 277 5759 παρὰ
308 5689 412 5744 τοῦ
452 5688 731 5760 βασιλέως
776 5691 1158 5761 ἀσμενέστατα
1189 5690 1401 5761 δεχθεὶς
1450 5690 1547 5761 τὴν
1579 5688 1730 5758 εἶρή·

1835 5697 2020 5742 ratore
2087 5685 2461 5756 placidissime
2536 5685 2785 5755 legatus,
2862 5699 2995 5752 pace
3062 5681 3418 5739 conﬁrmata.

1462 5784 1692 5843 VARIE
1735 5783 2121 5839 LECTIUNES

196 5879 235 5914 ¹¹
416 5879 499 5951 ιγ’
531 5895 724 5953 margo
757 5880 818 5937 Ρ.
897 5885 939 5914 "
968 5881 1310 5955 πατριάρχου
1340 5880 1400 5936 Ρ.
1485 5880 1527 5911 ⁸³
1556 5880 1838 5951 καταποθῆ

602 5895 724 5953 πεί)
757 5880 818 5937 Ρ.
897 5885 939 5914 "
968 5881 1310 5955 πατριάρχου
1340 5880 1400 5936 Ρ.
1485 5880 1527 5911 ⁸⁸
1556 5880 1928 5951 καταποθῆναι
1975 5895 2026 5949 p.
2064 5877 2164 5931 582
2192 5892 2244 5933 c.
