4158 6438
701 476 806 537 803

709 586 1022 654 nuptiarum
1077 574 1285 630 fmdera
1339 581 1463 622 cum
1518 563 1849 629 imperatore
1918 549 2025 621 74

708 636 976 745 deposcit.
1040 668 1189 723 Paeti
1238 666 1423 729 itaque
1475 656 1698 710 Mariam
1745 639 2130 711 Christophori
2187 636 2287 688 im-

712 760 987 836 peratoris
1052 756 1216 809 ﬁliam
1282 756 1513 816 nuptum
1570 741 1833 797 daturos,
1907 731 2131 785 Petrum
2192 735 2290 789 per

1880 429 2257 498 SYMEONIS
2289 418 2666 484 MAGISTRI

2031 549 2074 617 ι
2144 543 2285 597 inire
2316 542 2345 598 Α

2449 531 2828 604 ὲνὲΰεδαιωσε,
2866 525 2959 576 καὶ
3010 519 3361 583 συνᾶλλαγμα
3404 512 3448 543 ’δ
3484 506 3619 580 μετὰ
3664 503 3759 557 τοῦ
3816 504 3960 571 gas:-

2390 633 2526 692 λέιοις
2556 629 2779 695 ποιῆσαι
2813 622 3066 673 αἰτεῖται.
3097 610 3373 680 Σύμφωνα
3415 623 3474 658 τε
3515 602 3845 671 ποιήσαντες
3880 598 3960 657 εἰς

2391 724 2452 775 τὸ
2478 720 2658 773 δοῦναι
2691 714 2844 783 αὐτῷ
2874 710 3066 777 Πέτρῳ
3111 706 3209 774 τὴν
3252 699 3528 768 θυγατέρα
3586 690 3963 763 Χριστοσόρου

3854 390 3957 453 804

717 781 987 836 peratorts
1054 781 1216 809 unum
1282 781 1513 816 ιιυινιυιι.
1571 781 1833 797 ...η-...μη
1909 781 1973 785 --
2194 781 2208 789 _

717 858 932 908 litteras
974 851 1283 902 accersunt.
1334 837 1565 892 Mittitur
1610 843 1741 899 ergo
1785 824 2003 879 Nicetas
2034 814 2293 882 magister

2449 812 2487 864 ὦ
2526 807 2790 879 βασιλέως
2837 801 3082 871 Μαρίαν.
3117 795 3389 866 γράφουσι
3431 788 3508 857 τῷ
3540 787 3734 853 Πέτρῳ
3768 781 3965 832 ἐλθεῖν.

2892 892 2917 908 τ
2981 892 3027 908 ν
3102 892 3114 908 ι
3276 881 3622 908 --ιω----ηε
3660 862 3965 908 .....-:..n'._

714 942 944 1001 Romani
1008 932 1358 1006 imperatoris
1420 941 1608 987 socer,
1667 920 1762 989 qui
1820 910 2063 970 venienti
2132 908 2294 960 Petro

715 1046 1010 1090 occurrens
1058 1028 1111 1081 in
1158 1025 1349 1078 urbem
1400 1030 1572 1086 usque
1616 1012 1873 1065 deducat.
1908 1005 2184 1059 Venerunt
2230 993 2298 1048 ad

716 1124 1084 1184 Blacheruas,
1142 1132 1267 1171 cum
1325 1114 1627 1180 imperator
1678 1105 1974 1157 salutatum
2022 1103 2298 1162 egressus,

721 1220 815 1290 qui
869 1217 1117 1286 hospites
1148 1211 1402 1265 adessent
1430 1198 1827 1259 oﬁiciosissime
1862 1192 2146 1261 amplexus
2184 1194 2301 1248 est;

2410 898 2825 959 Ἀποστέλλεται
2859 892 2952 947 οὖν
2981 892 3227 960 Νικήτας
3275 886 3572 955 μαγιστρος
3597 881 3624 933 ὁ
3660 862 3967 945 συμτένθέ-

2402 1013 2491 1068 ρος
2531 988 2812 1060 Ῥωμανοῠ
2856 986 2952 1039 τοῦ
2999 982 3263 1053 βασιλέως
3318 974 3627 1041 ὑπαντῆσαι
3676 967 3827 1035 αἱ,τῷ
3878 964 3971 1016 καὶ

2402 1056 2822 1155 αγαγεῖνμέχρι
2846 1079 2945 1146 τῆς
2974 1076 3200 1135 πόλεως.
3232 1069 3344 1127 Καὶ
3381 1066 3626 1125 ἐλθόντες
3656 1063 3711 1113 tv
3736 1056 3974 1124 Βλαχέρ-

2404 1196 2545 1240 ναις,
2576 1178 2603 1228 ὁ
2627 1173 2876 1243 βασιλεὺς
2921 1165 3172 1222 ἀπελθὼν
3220 1158 3611 1229 κατησπάσατο
3657 1151 3821 1205 αὐτόν
3843 1164 3858 1178 ·
3886 1146 3979 1200 καὶ

723 1243 815 1290 QUI
872 1243 1117 1286 lluapltca
1148 1243 1402 1265 αυεωωιι
1431 1243 1824 1259 υι..υ....,....,..--ν
1864 1243 1970 1261 ᾖ--.
2021 1243 2032 1244 ,
2290 1243 2299 1248 _

723 1310 1024 1377 habitoque
1092 1299 1383 1360 secretiori
1451 1301 1685 1350 tractatu
1756 1288 1906 1356 pacis
1978 1280 2180 1335 fmdera
2244 1289 2308 1328 ac

2449 1270 2476 1324 ὴ
2516 1269 2700 1321 εἰκότα
2735 1260 3193 1331 συνομιλήσαντες
3217 1250 3541 1321 ὑπέγραψαν
3562 1247 3631 1300 τά
3660 1262 3720 1296 τε
3753 1243 3983 1309 σύμφω-

2536 1362 2561 1371 ”
2664 1363 2675 1374 ·
2727 1360 2740 1377 ¹
2776 1373 2811 1377 η-
2834 1373 2849 1377 -
2882 1355 2969 1377 --Δ
3004 1351 3071 1377 -ιι-
3094 1348 3303 1377 ...ηυρλ
3335 1342 3755 1377 -.ιιιηλλᾶνηηφεν
3816 1350 3983 1377 regno-

722 1375 999 1471 nuptiales
1035 1402 1351 1451 contractus
1393 1386 1794 1453 subscripsere,
1818 1375 2153 1444 Theophane
2184 1383 2311 1439 pro-

727 1467 1049 1548 tovestiario
1100 1489 1293 1539 horum
1349 1481 1457 1534 illis
1503 1482 1789 1545 sequestro
1847 1479 1901 1522 et
1951 1467 2312 1525 instructore,

730 1582 930 1637 Mensis
974 1592 1105 1632 vero
1155 1573 1409 1630 Octobris
1459 1568 1548 1620 die
1583 1572 1775 1617 octavo
1813 1560 2009 1612 Petrus
2050 1561 2105 1607 et
2150 1549 2316 1603 Maria

730 1671 964 1726 corollas
1025 1663 1302 1734 nuptiales
1361 1660 1414 1712 in
1478 1650 1835 1710 sanctissima:
1887 1643 1982 1697 Dei
2025 1634 2321 1693 Genitrici‘5

734 1766 1001 1833 charum
1034 1730 1149 1812 aede
1183 1754 1441 1812 subeunt,
1472 1740 1918 1800 benedictionem
1964 1730 2320 1801 impartiente

736 1820 1048 1923 patriarcha
1098 1844 1396 1914 Stephano.
1446 1836 1786 1902 Cunctisquc
1836 1827 2151 1896 nuptiarum
2208 1820 2317 1872 ritu

739 1943 999 2014 legitimis
1066 1938 1221 1992 festis
1296 1932 1512 2003 gaudiis
1585 1924 1854 1996 peractis,
1921 1933 2027 1971 non
2094 1912 2318 1967 minima

741 2003 1103 2104 Bulgarorum
1153 2024 1437 2082 contentio
1475 2020 1581 2075 fuit
1630 2024 1690 2070 ut
1724 2010 2156 2077 Christophorus
2206 2003 2323 2056 fau-

742 2124 843 2179 stis
894 2122 1009 2190 ipse
1056 2116 1287 2172 vocibus
1337 2127 1402 2165 ac
1451 2106 1729 2163 ominibus
1766 2102 1917 2172 prior
1958 2096 2321 2165 acciperetur,

744 2186 946 2269 deinde
992 2206 1429 2267 Constantinus;
1474 2198 1621 2269 quod
1668 2197 1847 2265 ipsum
1901 2200 1961 2245 ut
2019 2189 2174 2242 ﬁeret
2225 2186 2327 2239 im-

748 2314 970 2377 perator
1010 2298 1310 2357 consensit.
1356 2294 1469 2347 Nec
1507 2298 1633 2359 post
1677 2288 1880 2340 multos
1911 2281 2063 2342 dies,
2104 2284 2327 2345 accepta

750 2399 945 2451 Petrus
976 2393 1145 2447 Maria
1170 2389 1419 2457 conjuge,
1448 2385 1500 2435 in
1533 2378 1839 2449 Bulgariam
1876 2370 2152 2427 discessit.

820 2490 908 2543 55.
944 2485 1243 2540 Veniunt'a
1290 2478 1545 2532 Melitene
1581 2471 1763 2542 legati,
1792 2469 1982 2537 eisque
2022 2475 2207 2518 comes
2238 2473 2333 2514 co-

755 2594 874 2634 rum
927 2578 1036 2633 dux
1078 2570 1371 2643 Apolasath
1408 2585 1420 2620 :
1475 2564 1735 2633 congruis
1791 2574 1925 2614 vero
1964 2553 2267 2609 honoribus
2304 2566 2335 2603 a

758 2673 1003 2726 ltomano
1041 2642 1305 2732 suscepti,
1353 2658 1505 2728 pacis
1540 2655 1746 2710 taedere
1785 2649 2108 2709 constituto,
2136 2642 2203 2696 ad
2239 2653 2338 2695 sua

754 2760 965 2817 reversi
1017 2764 1166 2813 sunt.
1222 2753 1341 2818 Quo
1388 2765 1455 2804 ex
1498 2757 1744 2814 tempore
1791 2740 2056 2796 Romanis
2106 2747 2337 2789 succen-

762 2850 954 2907 turiati
996 2847 1263 2902 adversus
1326 2856 1437 2896 suae
1489 2836 1669 2907 gentis
1727 2831 1981 2889 homines
2036 2826 2342 2881 Saracenos

760 2944 906 2998 bella
975 2936 1278 3009 gerebant,
1354 2927 1728 2997 triumphique
1799 2934 1996 2991 pompa
2053 2931 2163 2970 una
2217 2928 2343 2967 cum

766 3030 1028 3094 Romanis
1082 3025 1331 3096 captivos
1386 3021 1652 3074 ducentes
1708 3015 1988 3084 Agarenos
2036 3009 2091 3062 in
2153 3005 2345 3059 urbem

770 3122 1098 3184 intrabant:
1141 3131 1231 3173 res
1265 3126 1397 3168 sane
1432 3109 1591 3181 742
1639 3107 1779 3159 mira
1822 3111 1879 3157 et
1926 3100 2192 3161 inaudita,
2241 3097 2348 3151 im-

768 3218 1094 3288 piorumque
1145 3210 1519 3277 Agarenorum
1571 3196 1909 3253 infelicitatis
1952 3201 2100 3248 certa
2151 3189 2349 3259 proha-
2378 3227 2422 3287 Ο

771 3278 871 3361 tio.
922 3278 1218 3371 Apolasath
1268 3305 1489 3356 autem,
1538 3290 1659 3342 viro
1710 3284 1980 3356 prudente
2032 3296 2093 3335 ac
2136 3278 2349 3350 sagaci,

770 3396 915 3451 vivis
962 3398 1217 3459 exempto
1261 3400 1387 3440 mox
1428 3381 1579 3451 pacis
1628 3377 1835 3432 fmdera
1885 3371 2206 3429 dissolvere.
2247 3368 2353 3423 Ex-

777 3484 1056 3556 peditione
1106 3495 1237 3549 ergo
1274 3478 1329 3530 in
1380 3488 1476 3528 eos
1534 3478 1786 3538 suscepta
1825 3466 2063 3521 Joannes
2110 3461 2355 3516 Curcuas

775 3577 1089 3633 scholarum
1141 3567 1478 3624 domesticus
1534 3576 1660 3616 cum
1715 3557 2028 3629 legionibus
2075 3568 2139 3607 ac
2184 3548 2357 3621 agmi-

776 3656 963 3729 nibus,
1006 3662 1301 3728 Meliasque
1341 3671 1466 3710 cum
1510 3651 1806 3712 Armeniis,
1854 3648 1909 3701 in
1951 3662 2044 3700 eas
2079 3640 2360 3712 angustias

783 3757 1096 3813 Melitenem
1151 3766 1215 3806 ac
1265 3745 1658 3804 circumvieiua
1698 3742 1817 3795 loca
1872 3738 2247 3807 coniecerunt,
2303 3738 2361 3785 ut

782 3850 838 3904 in
898 3845 1231 3902 curatoriam
1285 3844 1433 3910 (nos
1505 3834 1845 3906 provinciam
1896 3830 2174 3896 dicimus)
2240 3839 2360 3878 eam

784 3942 1083 4009 imperator
1109 3913 1405 4003 redegerit,
1425 3929 1703 3997 multaque
1727 3924 1846 3979 auri
1870 3933 1925 3977 et
1950 3918 2161 3990 argenti
2191 3915 2363 3971 millia

783 4046 970 4087 annuo
1009 4028 1217 4084 tributo
1252 4023 1381 4080 inde
1403 4018 1723 4090 accipienda
1757 4013 2064 4085 imperarit.

859 4210 947 4266 '56.
991 4209 1047 4261 In
1091 4206 1299 4263 crimen
1338 4216 1504 4272 porro
1548 4206 1776 4251 vocatus
1820 4192 2040 4248 Nicetes
2086 4186 2365 4256 magister,

786 4299 1173 4369 (ihristophori
1224 4290 1571 4364 imperatoris
1627 4302 1801 4348 socer,
1849 4300 1915 4337 eo
1964 4280 2185 4335 nomine
2223 4274 2369 4345 quod

792 4405 987 4450 auctor
1031 4405 1238 4461 genero
1291 4394 1437 4439 esset
1484 4392 1544 4436 ιιι
1585 4382 1847 4435 adversus
1899 4383 2109 4443 patrem
2154 4386 2370 4425 assum-

792 4497 884 4557 pta
928 4481 1217 4554 tyrannide
1262 4477 1496 4547 imperio
1540 4490 1665 4529 eum
1714 4471 1962 4541 pelleret.
1997 4467 2177 4531 Quare
2227 4464 2373 4517 hunc

793 4577 930 4631 urbe
958 4576 1193 4645 ejectum
1218 4569 1547 4623 monachum
1583 4566 1838 4619 effecere.

864 4668 954 4720 37.
1004 4665 1101 4718 Die
1146 4662 1358 4716 decima
1402 4669 1590 4712 octava
1630 4655 1779 4710 Junii
1820 4651 2042 4714 mensis,
2073 4646 2371 4703 indictione

796 4766 972 4821 sexta,
1014 4756 1244 4809 moritur
1286 4751 1596 4820 Stephanus
1634 4745 1974 4815 patriarcha,
2013 4757 2138 4796 cum
2184 4739 2372 4793 sedem

800 4848 1069 4903 tenuisset
1109 4859 1283 4899 annos
1340 4844 1500 4903 duos,
1555 4852 1774 4893 menses
1834 4835 2111 4889 undecim.
2168 4832 2374 4896 Quarta

802 4940 1015 4997 decima
1076 4952 1210 4991 vero
1265 4935 1468 4988 mensis
1516 4929 1830 4986 Decembris
1881 4926 2252 4996 Tryphonem,
2296 4921 2377 4974 vi-

804 5048 927 5087 rum
977 5031 1291 5100 religiosum
1346 5042 1409 5081 ac
1469 5036 1609 5078 notae
1663 5020 2002 5083 sanctitatis,
2052 5032 2118 5071 ex
2161 5014 2379 5085 Opsicio

802 5125 1085 5180 adducunt
1134 5127 1297 5191 atque.
1341 5120 1407 5174 ad
1469 5128 1679 5173 certum
1730 5124 1947 5183 tempus
2011 5093 2378 5179 patriarcham

804 5218 1170 5272 constituunt.
1227 5212 1377 5268 Unde
1431 5211 1524 5265 illo
1578 5209 1646 5264 ad
1688 5217 1904 5275 tempus
1955 5203 2105 5271 iungi
2153 5215 2381 5255 munere

804 5325 915 5364 non
962 5309 1289 5368 sustinente,
1329 5304 1423 5357 sed
1466 5302 1533 5357 ad
1591 5302 1753 5355 ﬁnem
1805 5312 1978 5365 usque
2023 5294 2145 5348 vita:
2194 5292 2377 5348 sedem

807 5402 1047 5455 retinere
1104 5398 1352 5456 volente,
1414 5394 1541 5449 dolo
1588 5393 1643 5447 in
1703 5388 2032 5444 sententiam
2087 5384 2377 5448 inducunt,

809 5494 915 5547 hoc
986 5489 1170 5544 modo.
1238 5489 1472 5543 Nolente
1542 5484 1690 5539 enim
1759 5493 2038 5535 assensqu
2112 5476 2378 5546 praebere,

810 5586 963 5640 aiunt
1024 5584 1235 5638 nescire
1284 5597 1409 5636 cum
1465 5580 1677 5632 litteras
1730 5589 1832 5629 nec
1882 5587 2043 5643 posse
2098 5569 2379 5631 scribere,

810 5692 985 5747 caque
1049 5676 1262 5729 ratione
1318 5671 1493 5725 obniti
1565 5684 1627 5722 ac
1697 5666 1973 5720 resistere.
2042 5660 2382 5714 Probaturus

2410 1380 2478 1415 να
2503 1362 2602 1429 τῆς
2632 1360 2849 1429 εἰρήνης
2882 1355 2974 1406 καὶ
3003 1351 3073 1403 τὰ
3094 1348 3306 1419 γαμικὰ
3334 1342 3780 1409 συναλλάγματα,
3816 1350 3983 1404 μεσο·

2414 1453 2706 1512 λαϐοὖντος
2735 1452 2793 1501 tv
2830 1446 3041 1506 τούτοις
3086 1441 3178 1495 τοῦ
3230 1432 3729 1508 πρωτοὸεστιαρίου
3773 1426 3988 1493 Θεοφα-

2418 1558 2564 1604 νουςο
2590 1539 2679 1611 [P.
2701 1536 2851 1607 487].
2887 1537 2965 1604 Τῇ
3000 1534 3056 1585 δὲ
3086 1531 3134 1600 η’
3166 1527 3261 1581 τοῦ
3298 1523 3628 1593 Ὀκτωῆρίου
3656 1521 3824 1589 μηνὶις
3872 1517 3992 1569 στέ-

2421 1609 2815 1702 φεται-Πέτρος
2842 1627 2935 1679 καὶ
2965 1624 3152 1693 Μαρία
3185 1623 3241 1673 tv
3283 1618 3362 1687 τῷ
3398 1616 3509 1684 ναῷ
3552 1616 3651 1681 τῆς
3687 1609 3993 1680 ὑπεμγίας

2422 1700 2684 1773 Θεοτόκου
2723 1716 2829 1767 τῶν
2869 1712 3070 1782 Πηγῶν
3109 1709 3262 1779 παρὰ
3296 1707 3577 1776 Στεφάνου
3625 1700 3992 1770 πατριάρχου.

2426 1810 2651 1863 Πάντων
2671 1807 2727 1859 δὲ
2749 1806 2860 1858 τῶν
2897 1803 3218 1871 εἰθισμένων
3249 1796 3488 1868 φαιδρῶς
3519 1792 3906 1852 τελεσθέντων,
3951 1789 3997 1839 οἱ

2428 1899 2724 1967 Ηνιύλγαροι
2748 1896 2999 1948 ἔνστασιν
3032 1894 3091 1945 οὐ
3129 1892 3332 1962 μικρὰν
3362 1888 3689 1955 ἐποιήσαντο
3717 1883 3811 1935 τοῦ
3862 1880 3997 1948 πρό-

2424 2008 2580 2060 τερον
2612 1992 2751 2058 εύφη
2761 1986 2977 2057 μεῖσθαι
2996 1984 3387 2055 Χριστοερόρον,
3406 1976 3523 2033 εἷτα
3550 1977 3967 2031 Κωνσταντῖνον
3986 1988 3997 1999 ·

2425 2084 2453 2135 ὃ
2486 2085 2579 2135 καὶ
2634 2082 2925 2133 ἐπένευσεν
2949 2080 2977 2129 ὀ
3008 2075 3277 2146 βασιλεύς.
3327 2073 3435 2130 Καὶ
3482 2070 3600 2141 μετ’
3639 2069 3825 2134 ὀλίγας
3859 2067 4001 2134 ἠμέ-

2432 2192 2528 2247 ρας
2566 2172 2835 2242 λαμδάνει
2880 2171 2979 2241 τὴν
3014 2170 3150 2223 ἰδίαν
3178 2170 3414 2236 γυναῖκα
3450 2162 3671 2234 Μαρίαν
3700 2163 3728 2214 ὁ
3768 2161 4005 2226 Πέτρος,

2430 2268 2521 2321 καὶ
2554 2267 2645 2320 ἐπὶ
2676 2263 3013 2333 Βουλγαρίαν
3051 2261 3366 2329 πορεύεται.

2504 2442 2595 2495 λε’.
2638 2441 2925 2510 Ἐρχονται
2953 2436 3211 2508 πρέσϐεις
3244 2433 3354 2485 ἀπὸ
3377 2428 3684 2498 Μελιτηνῆς
3708 2469 3721 2488 .
3760 2427 3857 2480 καὶ
3898 2424 4015 2493 μετ’

2447 2532 2625 2586 αὐτῶν
2657 2531 2796 2582 καὶὸ
2825 2524 3127 2598 στρατηγὸς
3154 2524 3331 2575 αὑτῶν
3374 2519 3700 2573 Ἀπολασαθ.
3742 2516 3857 2569 Καὶ
3890 2517 4020 2568 ὑπο·

2436 2624 2714 2694 δεχθέντες
2738 2622 2781 2687 ξε
2805 2621 2955 2690 παρὰ
2995 2615 3287 2685 Ῥωμανοῦ
3324 2613 3462 2683 μετὰ
3488 2612 3589 2681 τῆς
3624 2609 4022 2679 προσηκούσης

2440 2720 2623 2787 τιμῆς,
2656 2714 2924 2782 σύμφωνά
2951 2727 3011 2763 τε
3042 2709 3265 2779 εἰρήνης
3294 2706 3639 2775 ποιήσαντες,
3662 2700 4023 2769 ὑπέστρεψαν

2442 2812 2521 2872 εἰς
2554 2808 2624 2862 τὰ
2652 2808 2781 2869 ἴδια,
2824 2805 2920 2857 καὶ
2965 2802 3151 2855 ἔκτοτε
3195 2797 3679 2867 συνεστρατεύοντο
3720 2792 4024 2861 Ῥωμαίοις

2446 2901 2588 2982 κατὰ
2609 2901 2717 2953 τῶν
2748 2895 3040 2968 ὁμοφύλων
3072 2892 3425 2964 Σαρακηνῶν,
3472 2889 3567 2942 καὶ
3595 2891 3654 2941 tv
3696 2890 3811 2949 τοῖς
3843 2889 4024 2939 ἐπινι-

2448 2979 2586 3054 κίοις
2616 2992 2945 3060 συνήρχοντο
2970 2988 3083 3049 τοῖς
3122 2982 3417 3053 Ῥωμαίοις
3438 2983 3495 3033 ὲν
3516 2982 3582 3049 τῇ
3608 2980 3784 3040 πόλει,
3818 2979 4028 3046 αἰχμαρ

2448 3084 2651 3145 λὼτους
2716 3084 2941 3147 ἄγοντες
3001 3078 3334 3147 Ἀγαρηνούς
3375 3092 3390 3107 ο
3426 3076 3566 3142 ὅπερ
3594 3069 3662 3143 ἦν
3706 3070 4028 3140 θαυμαστὴν

2454 3176 2550 3229 καὶ
2573 3174 2874 3245 παράδοξον
2899 3172 2991 3225 καὶ
3011 3170 3209 3238 δεῖγμα
3232 3169 3330 3236 τῆς
3360 3166 3470 3217 τῶν
3503 3165 3680 3218 ἀθέων
3703 3164 3840 3229 ’Δγα
3851 3162 4029 3232 ρηνῶν

2453 3269 2761 3336 δυστυχίας.
2794 3265 3226 3331 Τελευτήσαντος
3257 3261 3311 3312 δὲ
3349 3256 3654 3312 Ἀπολάσαθ
3678 3256 3877 3323 ἀνδρὸς
3903 3271 4032 3323 cppe-

2454 3360 2613 3430 νίμου
2644 3358 2738 3411 καί
2769 3356 2989 3409 συνετοῦ
3027 3354 3280 3406 διέλυσαν
3310 3352 3408 3421 τὴν
3444 3352 3667 3420 εἰρήνην
3696 3350 3747 3401 οἱ
3786 3347 3888 3417 τὴν
3917 3348 4032 3400 Με-

2455 3454 2677 3522 λιτηνὴν
2726 3447 3123 3509 κατοικοῦντες.
3185 3445 3714 3513 Ἐκστρατεύσαντες
3770 3438 3869 3492 οὖν
3914 3439 4033 3491 κατ’

2459 3545 2640 3598 αὐτῶν
2665 3544 2692 3596 ὅ
2716 3559 2775 3594 τε
2812 3540 2947 3604 Δοὺξ
2979 3540 3089 3592 τῶν
3118 3536 3326 3607 σχολῶν
3363 3536 3613 3603 Ἰωάννης,
3652 3535 3679 3585 ὁ
3708 3530 4037 3601 Κουρκούας

2464 3636 2600 3707 μετὰ
2629 3635 2735 3687 τῶν
2762 3633 3010 3699 θεμάτων
3048 3630 3143 3682 καὶ
3182 3626 3481 3697 ταγμάτων
3513 3625 3606 3677 καὶ
3652 3623 3867 3684 Μελίας
3901 3624 4039 3689 μετα

2462 3729 2569 3781 τῶν
2620 3726 2919 3795 Ἀρμενίων
2942 3739 2955 3752 ⁸
2998 3721 3047 3775 οἳ
3078 3722 3172 3773 καὶ
3214 3720 3293 3781 εἰς
3340 3717 3608 3784 τοσαύτην
3636 3714 3904 3766 στένωσιν
3942 3713 4041 3777 τὴν

2465 3819 2764 3888 Μελιτηνὴν
2819 3815 3157 3883 κατέστησαν
3197 3810 3387 3864 καίοτὰ
3436 3810 3562 3876 περὶ
3588 3806 3782 3876 αὐτὴν,
3822 3806 3901 3868 ὡς
3945 3806 4041 3855 καί

2467 3907 2874 3979 κουρατωρείαν
2905 3900 3354 3974 ποιῆσαιταύτην
3383 3898 3475 3950 τὸν
3507 3895 3755 3965 βασιλέα,
3786 3894 3889 3946 καὶ
3915 3893 4041 3945 πολε

2467 4001 2565 4061 λὰς
2600 3998 2845 4069 χιλιάδας
2880 3994 3105 4066 χρυσίου
3159 3992 3254 4044 καὶ
3289 3990 3554 4061 ἀργυρίου
3584 3986 3796 4040 ἐκεῖθεν
3830 3984 4043 4052 λαμ.εὰ-

2469 4110 2584 4146 νειν
2616 4092 2866 4161 ὲτησίως.

2538 4185 2648 4248 λς’.
2678 4181 3047 4251 Κατηγορήθη
3078 4179 3134 4231 δὲ
3166 4177 3416 4245 Νικήτας
3442 4174 3746 4242 μάγιστρος
3771 4172 3799 4222 ὁ
3852 4168 4044 4222 πενθε-

2476 4278 2566 4347 ρὸς
2596 4272 2966 4345 Χριστοφόρου
3019 4269 3282 4340 βασιλέως
3333 4268 3408 4327 ὼς
3453 4263 3850 4330 ὑποτιθέμενος
3902 4259 4047 4327 αύτῷ

2474 4367 2615 4420 κατὰ
2648 4364 2741 4419 τοῦ
2780 4362 2910 4415 ἰδίου
2940 4359 3195 4428 γενέσθαι
3248 4358 3457 4424 πατρὸς
3492 4355 3584 4408 καὶ
3630 4354 3731 4422 τῆς
3767 4352 4048 4421 βασιλείας

2476 4458 2636 4511 αὑτὸν
2661 4455 2908 4520 ἑξεῶσαι.
2943 4451 3146 4504 Τοῦτον
3170 4449 3435 4518 ἐξώρισαν
3461 4447 3559 4517 τῆς
3594 4444 3801 4506 πόλεως
3833 4444 3933 4496 καὶ
3958 4458 4051 4512 μο-

2404 4556 2452 4614 D
2478 4550 2638 4620 ναχὸν
2667 4547 2951 4616 ἐποίησαν.

2549 4642 2646 4702 λζ’.
2674 4644 2753 4711 Τῇ
2789 4648 2855 4709 ιη’
2878 4639 2971 4691 τοῦ
3013 4635 3233 4691 Ἰουνίου
3264 4633 3453 4703 μηνὸς,
3485 4631 3585 4700 τῆς
3612 4627 3665 4695 ς’
3689 4626 4057 4688 ίνδικτιῶνος,

2479 4737 2708 4806 τελευτᾷ
2741 4735 3014 4802 Στέφανος
3045 4729 3417 4800 πατριάρχης.
3445 4727 3729 4793 κρατήσας
3757 4723 3857 4793 ἔτη
3894 4722 3938 4789 β’
3959 4722 4059 4791 μῆ-

2481 4848 2575 4890 νας
2608 4827 2698 4882 ια’.
2744 4828 2821 4895 Τῇ
2871 4826 2928 4877 δὲ
2994 4820 3051 4874 ιδ’
3096 4820 3190 4872 τοῦ
3231 4816 3569 4887 Δεκεμϐρίου
3632 4813 3803 4882 μηνὸς
3868 4812 4064 4878 ἄγουσι

2483 4921 2752 4991 Τρύφωνα
2780 4916 2887 4969 ἀπὸ
2920 4912 3013 4966 τοῦ
3067 4909 3332 4980 Ὀψικίου,
3372 4910 3461 4961 ἐπ’
3488 4906 3752 4975 εὐλαϐείᾳ
3783 4905 3883 4957 καί
3916 4904 4067 4969 ἁγιό-

2480 5030 2604 5076 τητι
2665 5007 3133 5081 μαρτυρούμενον,
3166 5004 3260 5055 καὶ
3305 4996 3675 5070 χειροτονοῦσι
3709 4997 4067 5065 πατριάρχην

2484 5107 2578 5159 ἐπὶ
2626 5102 2773 5175 ῥητῷ
2800 5102 2995 5171 χρόνῳ.
3036 5096 3199 5149 Ὅθεν
3239 5092 3404 5147 αὑτοῦ
3462 5094 3537 5161 μὴ
3593 5091 3937 5158 ἀνεχομένου
3981 5090 4071 5139 ἐπὶ

2489 5198 2637 5270 ῥητῷ
2673 5196 2849 5267 χρόνῳ
2878 5190 3152 5259 γενέσθαι,
3186 5187 3323 5242 ἀλλὰ
3360 5186 3519 5255 μέχρι
3557 5182 3750 5244 τέλους
3792 5181 3896 5252 τῆς
3926 5180 4071 5246 ζωῆς

2491 5291 2679 5355 αὐτοῦ,
2703 5289 2837 5358 δόλῳ
2867 5285 3055 5339 τοῦτον
3099 5282 3346 5335 πείθουσι
3378 5278 3457 5348 τῷ
3497 5277 3689 5346 τρόπῳ
3728 5274 3936 5343 τούτῳ.
3970 5275 4073 5327 Λέ-

2488 5401 2645 5453 γουσι
2666 5384 2775 5451 γὰρ
2806 5379 2881 5450 μὴ
2905 5376 3212 5447 βουλομένῳ
3242 5370 3682 5450 ωγκαταθέσθαι
3700 5384 3717 5397 ο
3757 5363 3955 5431 Οὗτος
3967 5368 4072 5418 οὐκ

2489 5445 2613 5530 οἶδε
2650 5445 2981 5543 γράμματα,
3042 5465 3187 5521 οὐδὲ
3234 5462 3455 5533 γράψαι
3496 5445 3778 5523 δύναται,
3833 5459 3936 5510 καὶ
3984 5456 4075 5509 ἐπὶ

2490 5571 2679 5630 τούτῳ
2716 5566 3089 5620 ἀνθίσταται.
3128 5559 3186 5612 'O
3205 5558 3261 5610 δὲ
3287 5555 3584 5626 βεϐαιῶσαι
3617 5553 3957 5623 βουλόμενος
3988 5550 4077 5603 ati-

2490 5662 2616 5723 τοὺς
2643 5662 2729 5713 ὃτι
2757 5660 2851 5712 καὶ
2872 5656 3074 5728 γράφει
3114 5655 3206 5705 καὶ
3231 5649 3621 5717 ἀναγινώσκει,
3648 5645 3741 5717 [Ρ.
3776 5644 3915 5713 5881
3942 5641 4077 5696 αἰτεῖ

2074 5753 2306 5809 νΑιιιΑε
2363 5752 2767 5811 LECTIONES.

896 5872 937 5901 ”
972 5868 1063 5922 xui.
1090 5867 1317 5935 γαμικὸν
1339 5862 1689 5929 συνάλλαγμα
1713 5864 1734 5911 ‘.’
1808 5860 1847 5888 ³⁵
1873 5853 2258 5923 ἀποδεχθέντες
2288 5849 2349 5903 Ρ.
