4158 6438
134 365 246 424 895

564 363 937 428 ANNALES.
970 392 1037 404 —
1077 370 1488 433 CONSTANT.
1521 371 1900 436 POBPHYR.
1945 377 2043 436 ET
2072 378 2441 441 RUMANUS
2479 384 2938 452 LACAPENUIS.

3297 398 3402 458 806

127 475 339 543 χάρτην
356 471 453 524 καὶ
477 471 666 541 μέλαν.
683 474 1025 542 Παρέχουσιν
1048 473 1139 527 οὖν
1159 475 1309 544 αὐτῷ
1327 477 1494 546 τόμον
1515 478 1679 531 καινδι

1782 483 2009 553 [itaque
2052 485 2156 539 sibi
2207 489 2485 544 scribendi
2544 501 2706 562 atque
2744 497 2960 568 legendi
2994 501 3246 568 peritiam
3292 520 3402 559 non

124 564 223 617 καὶ
239 562 392 616 κάτω
410 580 514 614 που
536 564 675 635 πρὸς
696 564 763 618 τὰ
786 564 912 636 τέλη
934 567 1180 619 ποιοῦσιν
1202 569 1429 636 γράψαι·
1469 571 1679 638 Τρύρωτ

1813 575 2027 637 deesse,
2084 578 2327 632 chartam
2368 583 2471 637 sibi
2519 592 2576 638 et
2613 585 2771 655 7&3
2805 562 3173 647 atramentum
3208 595 3399 653 ali‘crri

119 657 284 709 ἐλέει
308 658 460 710 Θεοῦ
476 659 749 725 μοναχὸς
789 659 885 711 καὶ
912 662 1288 728 πατριάρχης
1302 662 1579 728 ἀρεσθεὶς
1610 662 1710 715 καί

116 749 387 819 errater
444 751 571 816 τοῖς
610 751 1158 819 προγεγραμμένοις
1212 751 1331 818 ἰδίᾳ
1372 754 1520 820 χειρὶ
1562 755 1709 807 ὑπέσ-

114 845 343 908 τραψα.
380 841 553 892 Τοῦτο
585 839 845 901 λαϐόντες
877 840 1284 909 χειροτονοῦσιν
1317 843 1478 893 αὐτὸν
1510 860 1706 911 πατρι-

112 936 315 1003 άρχην,
386 933 692 1002 Γράφουσιν
736 931 831 985 οὖν
869 932 1079 985 ἄνωθεν
1127 937 1222 1003 τῆς
1251 934 1578 1003 ὑπογραφῆς
1612 934 1705 986 τοῦ

111 1025 464 1093 πατριάρχου
516 1022 810 1093 Τρύφωνος
863 1024 1001 1095 ὅπερ
1033 1024 1189 1076 αὐτοὶ
1232 1024 1549 1077 ἐϐούλοντο’
1588 1026 1707 1094 μεθ’

109 1115 139 1167 ὃ
171 1119 268 1167 καὶ
317 1117 457 1182 μετὰ
488 1116 589 1184 τὴν
623 1116 1020 1185 συμπλήρωσιν
1052 1118 1143 1168 τοῦ
1183 1117 1347 1186 ῥητοῦ
1377 1118 1571 1186 χρόνον
1603 1136 1700 1169 κα·-

108 1206 508 1269 ταϐιϐάζουσιν
538 1208 727 1271 αὐτὸν,
773 1209 867 1259 τοῦ
921 1207 1264 1278 πατριάρχου
1321 1208 1395 1278 μὴ
1432 1208 1699 1270 Θέλοντος,

105 1300 261 1368 ὅμως
297 1302 364 1369 τῇ
393 1299 497 1368 ἰδίᾳ
529 1300 820 1369 ὑπογραφῇ
854 1300 1147 1351 πεισθέντα
1201 1300 1296 1352 καὶ
1345 1300 1443 1369 τὴν
1493 1299 1699 1368 πλάνην

109 1392 183 1460 μὴ
228 1392 486 1458 φέροντα.
534 1393 707 1443 Τοῦτο
751 1390 805 1443 δὲ
862 1393 1088 1458 γέγονεν
1145 1392 1231 1445 διὰ
1287 1392 1347 1443 τὸ
1392 1395 1469 1454 εἰς
1502 1392 1697 1461 μέτρον

103 1483 342 1549 ςθάζειν
370 1481 589 1551 ἡλικίας
622 1482 724 1552 ήδη
771 1482 1151 1551 Θεοφύλακτον
1178 1482 1269 1536 τὸν
1296 1483 1392 1536 τοῦ
1430 1483 1694 1553 βασιλέως

111 1574 413 1643 Ῥωμανοῦ
443 1576 576 1629 υἱόν.

1806 666 1985 735 jubet.
2042 668 2193 722 Novo
2260 671 2425 739 igitur
2470 675 2636 729 allato
2696 684 2872 742 tonio,
2930 681 2997 734 ad
3047 698 3199 737 oram
3258 686 3399 740 infra

1815 757 2058 811 scribere
2105 759 2351 816 faciunt:
2399 763 2638 834 Tryphon
2673 767 2769 822 Dei
2812 773 3168 829 misericordia
3213 795 3401 832 mona-

1812 851 1935 904 chus
1976 861 2023 905 et
2067 856 2396 922 patriarcha,
2437 875 2553 927 qua:
2597 865 2904 932 prwscripta
2945 879 3067 919 sunt
3105 879 3261 937 grata
3302 875 3397 926 ha-

1812 940 1954 1005 bens,
2001 945 2177 1012 eisque
2229 964 2502 1001 assensum
2530 952 2783 1018 prwbens,
2816 971 2977 1008 manu
3016 960 3230 1027 prapria
3253 964 3392 1015 sub-

1810 1034 2015 1101 scripsi.
2081 1035 2293 1089 Libello
2349 1048 2576 1107 accepto
2623 1045 2991 1109 patriarcham
3042 1050 3392 1119 inangurant.

1810 1122 1949 1175 Tum
1999 1126 2268 1195 quidquid
2320 1131 2647 1196 videbatur,
2706 1134 2760 1188 in
2816 1137 3001 1191 charta
3047 1155 3218 1194 vacua
3269 1153 3395 1197 ante

1808 1214 2121 1284 Tryphonis
2185 1220 2646 1290 subscriptionem
2715 1240 2963 1283 exarant.
3030 1230 3263 1297 Postea,
3329 1250 3395 1288 ac

1806 1305 1898 1357 ubi
1949 1308 2316 1374 przestitntmn
2374 1312 2450 1365 illi
2510 1326 2727 1383 tempus
2778 1319 3096 1379 efﬂuxerat,
3160 1322 3392 1376 invitum

1806 1398 2177 1464 patriarcham
2227 1402 2357 1455 sede
2398 1403 2727 1471 deturbant,
2783 1411 3022 1478 propria:
3067 1422 3249 1466 tamen
3303 1430 3394 1469 ce-

1806 1485 2024 1542 dentem
2079 1494 2512 1563 subseriptioni,
2572 1507 2629 1552 et
2688 1514 2812 1552 cum
2869 1501 2965 1556 ille
3027 1502 3225 1558 factam
3286 1506 3389 1559 sibi

1807 1578 2054 1635 fraudem
2107 1586 2337 1640 moleste
2398 1587 2584 1643 ferret.
2642 1576 2774 1646 inde
2823 1609 2957 1647 vero
3015 1603 3139 1650 tota
3181 1598 3385 1652 instru-

101 1679 187 1722 cta
219 1668 396 1731 fraus,
424 1666 569 1737 quod
602 1665 1044 1736 Theophylactus
1074 1668 1307 1723 Romani
1348 1665 1705 1739 imperatoris
1735 1666 1878 1723 ﬁlius
1918 1674 2095 1726 aetatis
2130 1677 2240 1745 jam
2271 1677 2518 1743 modum,
2555 1688 2611 1733 et
2643 1688 2703 1735 ut
2764 1682 3076 1738 sacerdotio
3136 1698 3389 1746 maturus

107 1763 415 1826 rideretur,
447 1763 769 1833 attingeret.

169 1854 260 1927 [P.
289 1854 418 1927 488]
442 1854 541 1924 λη’.
562 1857 641 1924 Τῇ
659 1854 713 1906 δὲ
734 1851 811 1907 κε’
834 1854 927 1908 τοῦ
944 1856 1109 1909 αὐτοῦ
1141 1858 1312 1929 μηνὸς
1328 1857 1535 1928 χειμὼν
1557 1859 1679 1927 ἀφό-

1856 1851 1946 1906 58.
1996 1850 2251 1919 Ejusdem
2306 1854 2515 1908 mensis
2554 1856 2643 1910 die
2684 1857 2949 1928 vigesima
3005 1863 3201 1930 quinta
3246 1864 3388 1919 adio

98 1965 269 2017 ρητος
291 1948 541 2015 γέγονεν,
570 1947 644 2009 ὡς
671 1948 1153 2018 κρυσταλλωθῆναι
1181 1950 1281 2019 τὴν
1311 1952 1416 2020 γῆν
1443 1952 1535 2004 ἐπὶ
1560 1952 1690 2022 ημέ·

98 2059 199 2112 ρας
239 2038 351 2112 ρκ’.
390 2041 556 2094 Ὅθεν
580 2043 674 2095 καὶ
708 2044 899 2111 γέγονε
927 2044 1101 2115 μέγας
1132 2044 1310 2115 λιμὸς,
1338 2047 1431 2100 καὶ
1459 2047 1687 2110 θάνατος

94 2136 156 2187 ἐκ
177 2136 381 2186 τούτου
406 2133 595 2200 πολὺς,
614 2135 689 2198 ὡς
723 2136 798 2206 μὴ
820 2136 1077 2189 δύνασθαι
1096 2138 1220 2201 τοὺς
1236 2138 1444 2203 ζῶντας
1462 2140 1678 2207 ἐκκομίο

93 2228 209 2289 ζειν
233 2226 367 2289 τοὺς
400 2226 722 2292 τεθνεῶτας.
764 2229 928 2282 Ὅθεν
965 2230 1219 2297 βασιλεὺς
1253 2231 1561 2300 Ῥωμανὸς,
1586 2232 1685 2301 τὴν

90 2316 385 2386 ἀφόρητον
418 2317 638 2389 ἐκείνην
672 2317 794 2388 βίαν
821 2321 917 2372 τοῦ
950 2320 1159 2391 ψύχους
1201 2325 1568 2393 κατανοήσας,
1594 2324 1685 2375 καὶ

91 2412 193 2481 τὴν
234 2410 339 2465 τοῦ
363 2411 525 2482 λιμοῦ
577 2413 1118 2485 παραμυθησόμενος
1155 2415 1383 2480 ἔνδειαν,
1414 2416 1683 2485 ἀνέφραξέ

87 2519 147 2557 τε
176 2503 374 2574 θυρίσι
411 2505 507 2558 καὶ
553 2506 891 2575 σανιδώμασι
918 2508 1019 2570 τὰς
1044 2506 1151 2562 τῶν
1200 2507 1448 2577 ἐμϐόλων
1497 2507 1677 2571 στοὰς,

86 2598 159 2661 ὡς
192 2599 274 2670 μὴ
316 2598 418 2669 τὴν
467 2598 625 2669 χιόνα
660 2601 754 2652 καὶ
792 2600 854 2651 τὸ
906 2599 1079 2670 ψύχος
1131 2598 1345 2653 ἐκεῖθεν
1378 2600 1680 2653 ἐπεισιέναι

86 2691 199 2750 τοῖς
230 2696 459 2757 πένησι,
485 2689 580 2740 καὶ
619 2689 825 2760 ἂρκλας
859 2690 917 2742 ἐν
950 2692 1084 2742 πᾶσι
1126 2694 1235 2753 τοῖς
1268 2691 1518 2761 ἐμϐόλοις
1548 2709 1683 2745 κατ-

88 2781 426 2838 εσκεύασεν.
503 2783 768 2853 Ἀργύρια
796 2799 853 2836 τε
886 2784 1025 2835 κατὰ
1056 2783 1201 2851 μῆνα
1228 2786 1341 2847 τοῖς
1371 2786 1428 2836 ἐν
1453 2784 1678 2849 ταύταις

85 2874 523 2943 κατακειμένοις
592 2876 786 2941 πένησι
842 2874 1078 2929 δίδοσθαι
1126 2875 1431 2940 διετάξατο,
1480 2875 1575 2928 καὶ
1612 2875 1681 2929 τὰ

87 2967 328 3034 μηνιαία
357 2965 628 3035 τριμήσια
650 2968 763 3028 τοῖς
791 2967 846 3018 ἐν
864 2967 982 3027 ταῖς
1002 2965 1324 3035 ἐκκλησίαις
1358 2967 1551 3034 πένησι
1568 2965 1680 3018 δια-

83 3054 379 3123 νέμεσθαι,
422 3056 499 3118 ὡς
545 3051 686 3109 εἶναι
734 3056 800 3109 τὰ
828 3056 1086 3124 διδόμενα
1114 3057 1248 3109 καθ’
1272 3056 1500 3109 ἕκαστον
1532 3056 1678 3125 μῆνα

79 3146 358 3215 ἀργυρίου
395 3147 883 3216 ἐγκεχαραγμένου
919 3147 1162 3217 χιλιάδας
1195 3146 1280 3217 ιβ’.
1317 3148 1477 3216 Τρεῖς
1502 3148 1557 3200 δέ
1581 3148 1676 3201 αὐ-

77 3235 159 3306 τῷ
191 3237 432 3306 πένητες
476 3238 603 3289 καθ’
657 3238 895 3307 ἑκάστην
949 3238 1258 3309 συνήσθιον,
1308 3238 1675 3308 λαμϐάνοντες

76 3327 185 3378 ἀνά
233 3327 577 3396 νομίσματος
602 3328 739 3389 ἐνός.
781 3326 864 3397 Τῇ
901 3328 956 3381 δὲ
994 3328 1212 3397 τετράδι
1253 3330 1344 3380 καὶ
1385 3331 1449 3399 τῇ
1491 3346 1672 3398 παρα-

77 3414 254 3483 σκευῇ
299 3416 529 3483 μοναχοὶ
557 3415 779 3484 ὁμοίως,
805 3414 1177 3486 λαμϐάνοντες
1216 3418 1319 3471 ἀνὰ
1340 3419 1673 3488 νομίσματος

74 3504 223 3565 ἑνός.
263 3500 378 3557 Ἦν
403 3504 459 3557 δὲ
490 3505 583 3558 καί
614 3522 699 3567 τις
728 3506 838 3559 τῶν
862 3507 1069 3561 παίδων
1094 3509 1488 3577 ἀναγινώσκων
1519 3511 1574 3563 ἐν
1602 3514 1668 3583 τῇ

70 3596 338 3667 τραπέζῃ
364 3597 553 3652 αὑτοῦ.
588 3599 956 3670 Φιλομόναχος
981 3601 1038 3654 δέ
1080 3604 1130 3655 εί
1159 3603 1253 3655 καί
1277 3621 1359 3667 τις
1383 3604 1541 3666 ἄλλος
1570 3603 1669 3669 ὢν,

69 3690 217 3740 πᾶσι
243 3691 359 3752 τοῖς
416 3691 619 3760 ἀρετῆς
650 3694 1031 3762 ἀντεχομένοις
1064 3698 1315 3765 μοναχοᾶ
1343 3698 1440 3759 τὰς
1480 3695 1670 3748 ἐαυτοῦ

68 3780 319 3847 πράξεις
386 3783 525 3849 μετὰ
587 3783 836 3853 δακρύων
893 3785 1097 3853 ἔλεγεν,
1152 3788 1251 3850 τάς
1289 3805 1347 3840 τε
1377 3789 1672 3859 ἐκκλησίας

68 3872 365 3935 παντοίως
397 3875 648 3943 ἐκόσμει,
692 3877 921 3940 καὶτοῖς
952 3881 1012 3930 ἐν
1044 3881 1209 3933 πᾶσιν
1234 3880 1386 3952 ὄρεσι
1419 3885 1672 3952 μοναχοίς

67 3962 254 4031 ρόγας
282 3965 659 4029 ἐξαπέστειλε,
714 3970 782 4021 τά
812 3985 870 4022 τε
921 3973 1259 4041 μοναστήρια
1310 3974 1665 4041 περιέθαλπε,

64 4055 173 4106 καὶ
220 4058 339 4119 τοῖς
369 4057 426 4108 ἐν
457 4058 637 4121 αὐτοῖς
665 4058 755 4111 διὰ
781 4059 916 4112 Θεὸν
958 4062 1321 4132 άποκαρεῖσιν
1364 4065 1396 4135 ἣ
1444 4065 1537 4117 καὶ
1576 4068 1668 4133 ἐγ-

61 4150 358 4211 κλείστοις
393 4146 513 4203 οὖσι
544 4151 711 4220 ρόγας
760 4150 1017 4214 τυπώσας
1067 4154 1129 4206 οὐ
1182 4154 1383 4207 διέλιπε
1445 4156 1665 4209 διδόναι.

58 4243 272 4296 Ταῦτα
301 4243 380 4305 ὡς
408 4246 471 4296 ἐκ
505 4244 716 4296 πολλῶν
743 4244 898 4313 ὀλίγα
942 4245 1054 4298 τῶν
1084 4248 1328 4318 ἀπείρων
1352 4250 1516 4303 αὐτοῦ
1546 4267 1671 4304 κατε

56 4338 421 4407 οροωμάτων
446 4341 538 4389 καὶ
575 4336 952 4405 ἐλεημοσυνῶν
972 4339 1340 4411 διεξήλθομεν.

1790 1958 1984 2012 aspera
2040 1942 2216 1996 hiems
2268 1942 2391 2006 fuit,
2440 1954 2501 1998 ut
2550 1955 2696 2001 terra
2746 1948 2866 2003 dies
2916 1962 3141 2005 centum
3191 1956 3385 2024 viginti

1788 2037 1911 2107 gelu
1964 2051 2072 2089 non
2127 2037 2373 2091 solverit.
2425 2038 2505 2091 Ex
2544 2056 2654 2109 quo
2695 2040 2870 2097 fames
2920 2043 3117 2115 ingens
3165 2062 3386 2117 magna.

1788 2144 1895 2197 que
1933 2128 2238 2182 mortalitas
2272 2128 2397 2194 fuit,
2442 2132 2523 2186 sic
2556 2134 2817 2187 nimirum
2852 2144 2912 2189 ut
2940 2153 3042 2191 nec
3083 2138 3384 2194 eﬂ‘erendis

1788 2223 2023 2275 mortuis
2068 2222 2176 2276 vivi
2234 2221 2570 2279 sufﬁcerent.
2626 2224 2907 2283 Romanus
2956 2230 3143 2300 itaque
3186 2233 3385 2289 intole-

1790 2311 2015 2365 randam
2056 2311 2198 2365 hanc
2249 2312 2470 2382 [rigoris
2514 2316 2625 2368 vim
2670 2319 3058 2386 considerans,
3114 2322 3385 2394 famisque

1786 2401 2069 2456 levaturus
2121 2402 2388 2472 inopiam,
2424 2406 2739 2475 porticuum
2781 2412 2959 2479 spatia
2996 2414 3265 2471 tabulatis
3295 2419 3381 2472 di-

1785 2491 1979 2544 stinxit
2028 2500 2086 2546 et
2135 2491 2405 2549 fenestras
2465 2499 2757 2567 apposuit,
2813 2516 2883 2555 ne
2939 2501 3067 2558 inde
3124 2506 3217 2563 nix
3281 2509 3384 2561 fri.

1784 2598 1995 2653 gusque
2046 2585 2383 2654 pauperibus
2428 2587 2925 2647 incommodarent.
2975 2595 3204 2652 Arculas
3238 2616 3378 2669 quo-

1784 2689 1891 2743 que
1932 2690 2027 2728 seu
2072 2678 2416 2747 projecturas
2468 2681 2522 2735 in
2566 2684 2783 2739 cunctis
2814 2688 3124 2755 porticibus
3162 2703 3381 2751 exstru-

1783 2766 1883 2829 xit,
1921 2768 2369 2839 pauperibusque
2402 2772 2457 2825 in
2490 2773 2571 2829 eis
2596 2775 2910 2845 jacentibus
2930 2790 3069 2849 quot
3095 2786 3380 2842 mensibus

1783 2867 2073 2927 argenteos
2125 2862 2500 2918 numerandos
2551 2867 2882 2934 constituit,
2934 2873 3192 2929 similiter
3237 2892 3379 2945 quo-

1782 2965 1890 3019 que
1950 2952 2289 3021 pauperibus
2334 2954 2391 3008 in
2451 2958 2706 3013 ecclesiis
2756 2962 3084 3019 constitutis
3133 2965 3376 3021 trimetia

1779 3065 1994 3136 erogari
2045 3065 2231 3137 jussit,
2279 3068 2417 3124 adeo
2462 3080 2523 3125 ut
2570 3073 2769 3142 signati
2820 3077 3029 3146 argenti
3080 3079 3374 3137 duodecim

1780 3157 1951 3210 millia
1986 3168 2121 3227 quot
2170 3162 2458 3217 mensibus
2499 3164 2905 3223 tribuerentur.
2949 3168 3085 3224 Tres
3123 3175 3375 3241 quotidie

1781 3263 2051 3318 pauperes
2100 3250 2154 3303 in
2200 3253 2320 3322 ejus
2371 3270 2557 3309 mensa
2600 3259 3004 3327 comedebant,
3050 3278 3118 3318 ac
3171 3263 3370 3336 singuli

1781 3354 2065 3393 nummum
2105 3341 2268 3416 744
2311 3345 2677 3414 accipiebant.
2722 3349 2901 3405 Simili
2941 3353 3109 3409 etiam
3154 3363 3371 3413 ratione

1778 3431 1934 3486 feriis
1975 3445 2170 3503 quarta
2228 3444 2283 3489 et
2333 3448 2485 3492 sexta
2546 3442 2846 3498 monachos
2895 3444 3224 3512 adhibebat,
3274 3452 3367 3520 qui

1778 3523 1878 3593 ipsi
1918 3526 2163 3595 singulos
2206 3544 2462 3584 nummos
2506 3532 2853 3601 acciperent.
2898 3536 3029 3593 Erat
3078 3550 3131 3595 et
3162 3557 3372 3611 puero-

1782 3631 1899 3668 rum
1941 3632 2103 3680 unus,
2137 3619 2231 3687 qui
2269 3619 2323 3672 in
2361 3622 2481 3691 ejus
2521 3638 2708 3679 mensa
2752 3627 2975 3683 lectoris
3019 3646 3221 3687 munus
3246 3634 3368 3688 obi-

1779 3714 1885 3759 ret.
1935 3708 2184 3778 Cumque
2233 3726 2362 3780 erga
2409 3716 2729 3781 monachos,
2779 3718 2824 3773 si
2874 3721 2999 3789 quis
3054 3723 3225 3789 alius,
3282 3726 3365 3779 af-

1778 3796 1922 3850 fectu
1959 3798 2287 3864 duceretur,
2344 3804 2555 3858 cunctis
2602 3807 2722 3876 ejus
2765 3809 3005 3866 instituti
3048 3814 3212 3877 viris,
3267 3816 3363 3885 qui

1776 3889 1999 3943 virtutis
2042 3894 2371 3962 propensius
2425 3898 2670 3953 cultores
2720 3912 2934 3968 essent,
2988 3905 3043 3959 in
3094 3905 3364 3979 lacrymas

1770 3981 1982 4036 cﬂ‘usus
2024 3992 2183 4039 actus
2227 4002 2355 4041 suos
2397 3990 2691 4044 referebat.
2734 3993 2997 4049 Ecclesiis
3051 3999 3232 4053 omnis
3265 4014 3361 4070 ge-

1771 4073 1921 4127 neris
1974 4084 2229 4130 ornatum
2288 4080 2627 4147 adhibebat;
2694 4088 2983 4141 monachis
3038 4089 3244 4159 ubique
3302 4090 3361 4146 in

1773 4165 2053 4220 montibus
2102 4172 2490 4225 exercentibus
2540 4190 2769 4229 munera
2806 4194 2870 4232 ac
2913 4180 3184 4249 stipendia
3237 4184 3361 4238 mit-

1772 4256 1939 4310 tebat.
1974 4257 2303 4313 Monasteria
2340 4262 2579 4329 fovebat,
2630 4281 2693 4319 ac
2737 4268 2803 4322 iis
2843 4270 2938 4338 qui
2986 4272 3040 4325 in
3077 4272 3184 4326 illis
3226 4289 3357 4342 pro-

1775 4358 1896 4417 pter
1947 4350 2117 4403 Deum
2152 4367 2363 4407 comam
2410 4368 2737 4425 posuerant,
2786 4362 2904 4417 sive
2942 4365 3108 4421 etiam
3156 4366 3356 4421 inclusi

54 4434 337 4501 agebant,
414 4434 714 4487 constituta
796 4434 1069 4503 stipendia
1142 4437 1386 4504 praebere
1437 4456 1545 4495 non
1581 4442 1855 4495 cessabat.
1916 4444 2096 4499 Pauca
2154 4446 2271 4501 haec
2325 4463 2393 4503 ex
2449 4452 2643 4508 multis
2696 4471 2761 4511 ac
2850 4457 3356 4517 innumerabilibus

50 4530 192 4591 eius
222 4527 497 4580 virtutum
542 4528 1130 4597 eleemosynarumque
1180 4532 1340 4585 nobis
1374 4534 1676 4602 perscripta
1703 4551 1889 4603 opera.

130 4620 245 4673 10'.
293 4619 585 4671 Ἐπέοεντο
630 4620 826 4689 Πέτρῳ
861 4622 937 4690 τῷ
991 4623 1288 4693 Βουλγάρῳ
1350 4625 1603 4695 Ἰωάννης
1634 4630 1661 4678 ὁ
1697 4632 1738 4682 ι)

44 4712 305 4781 ἀδελφὸς
342 4711 509 4763 αὐτοῦ
566 4714 704 4779 μετὰ
748 4714 847 4766 καὶ
903 4715 1106 4782 ἐτέρων
1168 4718 1509 4785 μεγιστάνων
1567 4719 1660 4772 τοῦ

46 4804 322 4874 Συμεών.
362 4805 471 4856 Καὶ
504 4803 873 4870 φωραθέντες,
908 4806 935 4857 ὁ
968 4806 1067 4875 μὲν
1112 4806 1363 4876 Ἰωάννης
1397 4810 1661 4864 τύπτεται

41 4900 153 4953 καὶ
190 4897 511 4965 ἐγκλείεται
540 4897 597 4949 ἐν
624 4898 687 4967 τῇ
721 4897 959 4968 φυλακῇ,
983 4901 1032 4952 οἱ
1064 4899 1121 4953 δὲ
1157 4900 1334 4954 λοιποὶ
1366 4904 1659 4975 τιμωρίαις

40 4992 107 5045 οὐ
137 4993 279 5053 ταῖς
303 4989 601 5059 τυχούσαις
639 4988 1052 5046 ὑποϐάλλονται.
1085 4993 1255 5047 Τοῦτο
1290 4996 1476 5065 μαθὼν
1501 5000 1528 5049 ὁ
1560 4997 1655 5068 βα-

38 5081 255 5144 σιλεὺς
284 5080 609 5133 ἀποστέλλει
648 5080 745 5131 καὶ
780 5081 1155 5151 ἀναλαμϐάνει
1183 5086 1275 5139 τὸν
1314 5089 1589 5161 Ἰωάννην.

120 5180 215 5243 μ’.
251 5172 333 5243 Τῇ
383 5172 429 5244 β’
461 5175 647 5247 ἡμέρᾳ
675 5176 770 5229 τοῦ
823 5178 1070 5247 Μαρτίου
1134 5182 1322 5251 μηνὸς,
1372 5186 1653 5256 Κοσμίτης

33 5268 269 5321 ἔπεσεν
305 5269 365 5319 ἐν
396 5266 472 5336 τῷ
506 5269 655 5337 φὸρῳ
702 5270 767 5321 ἐκ
816 5269 925 5322 τῶν
954 5272 1137 5336 ἐντοῖς
1171 5277 1449 5346 στοιχηδὸν
1502 5280 1650 5333 ιστα-

34 5361 259 5431 μένοις
307 5361 491 5412 ἐκεῖσε
538 5360 703 5426 κίοσι,
741 5364 836 5415 καὶ
853 5364 1175 5419 ἀπέκτεινεν
1206 5366 1409 5439 ἄνδρας
1436 5372 1512 5433 ἐξ.
1550 5373 1648 5426 Γέ-

29 5468 177 5519 γονε
235 5450 293 5503 δὲ
330 5453 428 5503 καλ⁸
451 5453 783 5524 ἐμπρησμὸς
818 5455 897 5517 εἰς
921 5456 1015 5509 τὸν
1041 5458 1141 5528 τῆς
1177 5460 1484 5531 ὐπεραγίας
1510 5463 1646 5517 Θεο-

29 5545 224 5597 τόκου
261 5542 355 5596 τοῦ
386 5544 555 5615 φόρου
582 5546 832 5616 ἔμϐολον,
858 5552 951 5604 καὶ
977 5552 1219 5623 ἐκάησαν
1248 5555 1316 5607 τὰ
1348 5557 1646 5627 κηρόπωλα

29 5637 135 5690 καὶ
165 5635 255 5689 τὰ
280 5638 549 5707 γουνάρια
578 5640 739 5712 μέχρι
773 5642 882 5694 τῶν
914 5645 1127 5715 Ψιχῶν.

102 5816 244 5882 μα’.
278 5808 366 5881 Τῷ
417 5812 475 5867 δὲ
516 5815 811 5889 Αὐγούστῳ
848 5820 1014 5890 μηνὶ,
1058 5822 1154 5893 τῆς
1200 5823 1240 5877 δ’
1289 5825 1639 5898 ίνδικτιῶνος,

1840 4630 1929 4684 59.
1971 4633 2138 4687 Petro
2160 4634 2395 4705 Bulgaro
2436 4637 2731 4694 insidiatus
2771 4640 2892 4711 ejus
2920 4641 3090 4696 frater
3111 4644 3354 4703 Joannes

1768 4735 1894 4774 cum
1966 4724 2088 4780 aliis
2167 4726 2456 4797 Symeonis
2530 4732 2856 4799 proceribus
2914 4750 2926 4785 :
2987 4733 3351 4803 deprehensi,

1762 4811 2002 4869 Joannes
2046 4818 2270 4885 quidem
2334 4821 2662 4876 verberibus
2714 4823 2948 4879 affectus
3013 4840 3078 4882 ac
3141 4831 3349 4885 carceri

1764 4908 2134 4976 mancipatus,
2170 4912 2364 4980 reliqui
2404 4930 2535 4967 vero
2572 4929 2679 4968 non
2706 4917 3020 4985 vulgaribus
3052 4923 3348 4982 examinati

1759 4998 2047 5066 suppliciis
2091 5010 2241 5055 sunt.
2281 5003 2583 5071 Imperator
2616 5005 2708 5059 ubi
2745 5008 3021 5077 cognovit,
3056 5010 3150 5077 qui
3192 5011 3257 5063 ad
3288 5026 3347 5066 se

1757 5086 2021 5143 Joannem
2056 5092 2333 5147 adducant
2363 5096 2551 5167 mittit.

1826 5180 1914 5233 40.
1968 5182 2168 5239 Mensis
2214 5185 2390 5239 Martii
2438 5186 2527 5242 die
2572 5190 2742 5243 altera
2790 5188 3062 5246 Cosmites
3110 5192 3162 5246 in
3222 5192 3344 5247 foro

1755 5275 1959 5327 cecidit
2004 5292 2069 5329 ex
2107 5278 2174 5331 iis
2219 5280 2309 5348 qui
2361 5281 2635 5335 columnis
2672 5296 2771 5351 per
2821 5282 3070 5337 ordinem
3107 5284 3183 5339 ibi
3219 5300 3342 5339 ere-

1753 5367 1857 5420 etis
1904 5368 2142 5437 impositi
2189 5381 2317 5427 sunt
2391 5382 2446 5428 et
2480 5390 2573 5429 sex
2623 5374 2771 5429 viros
2814 5377 3108 5445 oppressit.
3150 5376 3338 5431 Conti-

1751 5461 1830 5529 git
1889 5477 2022 5515 vero
2083 5466 2248 5519 etiam
2317 5467 2632 5521 incendium
2702 5468 2768 5522 ad
2825 5468 3184 5523 sanctissimae
3237 5470 3332 5524 Dei

1754 5551 2047 5610 Genitricis
2134 5559 2256 5612 Fori
2339 5562 2612 5629 porticum
2657 5603 2672 5627 ,
2753 5562 3107 5632 incenditque
3180 5577 3334 5617 cera-

1745 5646 1956 5701 riorum
1983 5650 2529 5723 pelliciariorumque
2572 5654 2851 5720 oﬂieinas,
2887 5670 3063 5724 usque
3101 5654 3166 5708 ad
3212 5655 3331 5712 Psi-

1751 5740 1903 5795 t‘bas.

1824 5834 1910 5889 41.
1962 5834 2140 5892 Mense
2189 5839 2450 5909 Augusto,
2490 5842 2789 5897 indictione
2834 5852 3047 5913 quarta,
3078 5852 3333 5897 mortuus
