4158 6438
792 403 896 466 807

794 611 1058 680 sepultus.
1119 610 1337 679 Trypho
1395 625 1611 678 quoque
1670 608 2014 676 patriarcha,
2064 607 2222 677 745
2271 609 2366 677 qui

794 704 1158 772 pmstitutum
1205 703 1316 771 jam
1367 712 1582 770 tempus
1637 716 1865 753 munere
1926 699 2147 752 functus
2195 709 2367 763 esset,

793 792 1081 845 abdicatus
1127 792 1178 844 in
1223 807 1322 844 suo
1371 793 1703 844 monasterio
1734 790 1953 844 vivendi
2003 790 2163 844 linem
2215 790 2366 844 facit.

795 884 965 935 l'orro
1004 883 1247 936 Ecclesia
1291 897 1494 935 annum
1558 898 1726 935 unum
1772 892 1829 934 et
1869 897 2085 936 menses
2124 883 2367 951 quinque

793 974 863 1026 ob
903 973 1248 1026 immaturam
1297 972 1689 1042 Theophylacti
1732 972 1965 1025 Romani
2012 971 2108 1026 ﬁlii
2153 981 2367 1026 aetatem

793 1077 1010 1135 pastore
1039 1066 1198 1118 vidua
1225 1065 1351 1134 agit.

863 1158 951 1210 42.
989 1157 1259 1224 lmpostor
1287 1157 1507 1226 quidam
1557 1155 1794 1209 Basilius
1825 1155 2066 1220 Macedo,
2097 1156 2366 1211 Constan—

796 1250 968 1302 tinum
997 1250 1200 1302 Ducam
1238 1263 1357 1302 sese
1381 1249 1656 1317 jactitans,
1688 1249 1873 1316 plures
1905 1263 2090 1301 secum
2125 1249 2365 1304 abduce-

795 1349 907 1394 bat.
947 1339 1043 1393 llic
1076 1350 1267 1408 captus
1298 1357 1420 1393 cum
1458 1351 1622 1402 esset,
1659 1341 1828 1392 altera
1859 1356 2119 1394 manuum
2168 1343 2366 1396 multa-

796 1440 903 1485 tur.
935 1431 1181 1500 Tutnque
1198 1434 1538 1486 occasionem
1562 1441 1755 1485 nactus
1781 1449 1971 1486 rursus
1996 1433 2062 1486 ad
2083 1433 2363 1502 Opsiciutn

791 1525 978 1585 venit;
1011 1537 1274 1592 :eneaque
1307 1539 1468 1576 manu
1503 1525 1621 1592 ejus
1669 1524 1789 1576 loco
1837 1539 1957 1591 quae
2010 1534 2196 1592 putata
2247 1533 2366 1578 erat

794 1616 897 1671 sibi
927 1625 1130 1684 aptata,
1157 1633 1219 1670 ac
1247 1617 1552 1685 przegrandi
1596 1618 1859 1670 fabricato
1887 1633 2040 1679 ense,
2063 1619 2366 1686 pertransi-

1956 400 2097 457 SYM
2111 399 2329 457 EONIS
2365 399 2730 458 MAGISTRI

794 531 876 575 est
909 518 1333 587 Christophorus
1377 518 1672 588 imperator
1711 527 1874 584 atque
1916 516 1968 569 in
2003 519 2165 570 domo
2203 516 2368 584 patris

2472 517 2700 586 τελευτᾷ
2731 517 3101 588 Χριστοφόρος
3139 516 3166 568 ὁ
3198 515 3475 582 βασιλεὺς,

3939 401 4043 465 808

3525 515 3617 567 καὶ
3649 515 3820 583 ἐτάφη
3870 517 3928 568 ἐν
3969 517 4042 583 τῷ

2470 611 2605 677 οίκῳ
2639 607 2732 660 τοῦ
2774 610 2978 677 πατρὸς
3008 607 3198 662 αὑτοῦ.
3237 607 3567 676 Κατήγαγον
3601 606 3652 658 δὲ
3679 611 3770 658 καὶ
3797 607 3892 659 τὸν
3945 624 4041 658 πα-

2467 703 2737 768 τριάρχην
2771 700 3042 770 Τρύφωνα
3072 701 3163 752 τὸν
3201 699 3365 768 ῥητὸν
3386 701 3576 768 χρόνον
3603 699 3924 761 τελέσαντα,
3953 704 4042 749 καὶ

2470 791 2526 840 ἐν
2543 793 2608 859 τῇ
2643 791 2746 860 ίδίᾳ
2765 795 2898 860 μονῇ
2930 791 3174 861 τελευτᾷ.
3193 790 3429 860 Χηρευει
3459 791 3512 843 δὲ
3534 792 3566 860 η
3605 791 3905 859 Ἐκκλησία
3930 795 4035 858 xpo-

2470 897 2556 931 vov
2598 879 2647 933 α’
2675 884 2849 950 μῆνας
2873 881 2934 946 ε’,
2963 883 3051 935 διὰ
3075 883 3134 935 τὸ
3161 883 3349 944 ἀτελὲς
3386 883 3766 951 θεοφυλάκτυυ
3801 883 3896 935 τοῦ
3927 883 4040 936 υἱοῦ

2482 971 2786 1040 Ῥωμανοῦ.

2541 1148 2648 1219 μβ’.
2676 1149 2954 1212 Βασίλειος
2991 1151 3048 1204 δέ
3082 1169 3164 1214 τις
3208 1151 3479 1205 Μακεδὼν
3518 1151 3714 1210 πλάνος
3749 1154 4039 1204 Koma-tav-

2466 1243 2607 1293 τῖνον
2642 1241 2818 1292 Δοῦκα
2848 1242 3040 1294 ἐαυτὸν
3089 1238 3225 1294 εἶναι
3277 1243 3640 1310 ἐπιφημίσας,
3667 1243 3898 1303 πολλοὺς
3926 1243 4045 1310 μεθ’

2466 1333 2658 1385 ἑαυτοῦ
2693 1335 3048 1402 συνεπήγετο.
3075 1329 3240 1394 Οὗτος
3267 1334 3548 1402 συσχεθεὶς
3571 1335 3667 1403 τῆς
3702 1337 3829 1400 μιᾶς
3864 1336 4046 1402 χειρὴς

2465 1424 2866 1490 ἀλλοτριοῦται.
2904 1421 3034 1477 Εἶτα
3067 1425 3259 1494 καιροῦ
3303 1426 3600 1494 λαῦόμενος
3633 1427 4044 1492 καταλαμεανει

2465 1517 2627 1569 πάλιν
2655 1519 2715 1569 τὸ
2748 1518 3007 1585 Ὀψίκιον,
3033 1519 3127 1569 καὶ¹
3148 1521 3304 1586 χεῖρα
3335 1518 3542 1586 χαλκῆν
3570 1518 3691 1570 ἀντὶ
3717 1519 3814 1585 τῆς
3856 1518 4043 1569 κοπεί-

2466 1626 2565 1679 σης
2615 1611 3142 1680 προσαρμοσάμενος
3175 1615 3267 1662 καὶ
3315 1610 3528 1676 σπάθην
3568 1611 3922 1678 ὑπερμεγέθη
3951 1628 4047 1660 κα-

793 1708 885 1762 bat
910 1709 1113 1762 multos
1140 1709 1428 1767 seducens,
1463 1725 1526 1761 ac
1551 1710 1593 1761 si
1626 1711 1739 1775 ipse
1767 1708 2164 1762 Constantinus
2187 1711 2363 1764 Ducas

2472 1701 2937 1769 τασκευασάμενος
2968 1703 3222 1770 διήρχετο
3259 1701 3476 1753 πλανῶν
3517 1702 3746 1763 πολλοὺς
3775 1703 3852 1762 ὠς
3888 1702 4046 1762 αὐτὸς

793 1810 959 1853 esset.
983 1797 1260 1865 Captaque
1285 1814 1409 1851 arce
1435 1801 1522 1852 cui
1557 1799 1686 1852 Lata
1719 1800 1876 1853 Petra
1911 1815 2130 1862 nomen,
2168 1801 2363 1852 multa-

2463 1793 2544 1861 εἴη
2568 1794 2977 1855 Κωνσταντῖνος
3005 1796 3034 1844 ὁ
3062 1794 3267 1856 Δοῦκας
3291 1807 3304 1820 ⁶
3335 1794 3426 1844 καὶ
3457 1792 3716 1862 φρούριον
3750 1792 4043 1859 κατασχὼν

793 1906 900 1959 que
931 1900 1186 1960 congesta
1225 1906 1568 1945 annonarum
1596 1893 1772 1959 copia,
1823 1908 2072 1959 magnam
2100 1893 2363 1946 adversus

2472 1884 2492 1934 Β
2525 1886 2752 1936 ΙΙλατεῖα
2783 1887 2958 1955 πέτρα
2985 1885 3438 1954 κατονομάζεται,
3475 1887 3569 1937 καὶ
3597 1884 3804 1956 τροφὴν
3841 1885 4043 1951 πολλὴν

794 1995 906 2032 rem
943 1980 1244 2034 Romanam
1277 1983 1477 2034 excitat
1513 1982 1891 2043 rebellionem,
1914 1997 2008 2035 eos
2042 1984 2131 2049 qui
2163 1983 2214 2035 in
2237 1999 2362 2036 eum

794 2072 1119 2125 incidissent
1169 2072 1514 2140 depraedans,
1569 2074 1949 2142 populansque
2002 2073 2359 2142 provinciam.

792 2163 1060 2217 Creterum
1086 2178 1211 2217 cum
1249 2165 1432 2217 denuo
1459 2173 1654 2232 captus
1683 2173 1831 2218 esset
1857 2165 1910 2216 in
1945 2165 2139 2218 urbem
2189 2166 2364 2219 addu-

793 2263 939 2307 ctum
969 2254 1035 2307 ad
1063 2255 1388 2309 Amastriani
1426 2254 1605 2306 forum
1638 2255 2082 2308 combusserunt.

861 2347 950 2400 45.
992 2346 1289 2401 Februario
1307 2361 1514 2410 mense,
1557 2356 1709 2400 sexta
1742 2346 2067 2411 indictione,
2114 2349 2201 2401 die
2226 2347 2364 2402 festo

796 2450 1079 2498 occursus,
1113 2451 1273 2504 quem
1295 2437 1406 2489 dixi
1440 2437 1907 2507 Theophylactum
1939 2437 2167 2492 Romani
2194 2440 2364 2492 lilium

793 2528 1103 2594 patriarcha
1135 2527 1440 2588 ordinatur,
1470 2543 1594 2581 cum
1627 2528 1815 2581 vicarii
1856 2529 2027 2582 Roma
2059 2529 2363 2594 venissent,

795 2621 959 2672 allato
990 2627 1139 2670 tomo
1167 2618 1453 2688 synodico,
1476 2617 1544 2672 de
1577 2619 1725 2672 illius
1781 2620 2169 2688 praescribente
2211 2621 2368 2674 ordis

794 2710 1054 2774 natione;
1090 2724 1120 2763 a
1151 2709 1350 2778 quibus
1372 2709 1535 2762 etiam
1580 2709 1634 2762 in
1669 2710 2019 2779 patriarcbali
2069 2711 2198 2764 sede
2251 2713 2368 2766 col-

797 2802 1011 2854 locatus
1054 2807 1160 2853 est.
1212 2802 1382 2854 Porro
1422 2800 1703 2856 Romanus
1749 2804 2046 2870 imperator
2109 2803 2219 2856 ﬁlio
2269 2819 2368 2856 suo

798 2889 1078 2958 Stephano
1114 2905 1339 2943 uxorem
1365 2889 1584 2953 locavit,
1617 2896 1829 2945 Annam
1877 2893 2043 2945 tiliam
2089 2893 2365 2959 Gamalaz;

795 2998 917 3052 quae
936 2995 989 3036 et
1012 2991 1138 3052 post
1163 2982 1436 3052 nuptiales
1469 2985 1704 3040 corollas
1735 2987 2006 3056 augustali
2032 3003 2235 3041 corona
2265 2989 2363 3041 do-

798 3083 925 3126 nata
954 3083 1057 3126 εει.

2466 1978 2825 2045 ἀποθέμενος,
2870 1979 3113 2047 μεγάλην
3167 1980 3306 2032 κατά
3377 1980 3687 2048 Ῥωμανΐαν
3740 1980 4041 2042 ἅνταρσίαν

2467 2074 2624 2136 κινεῖ,
2656 2073 3008 2142 προνομεύων
3033 2077 3127 2126 καὶ
3144 2073 3420 2144 λεηλατῶν
3440 2073 3566 2134 τοὺς
3596 2071 4045 2141 παρατυγχάνον-

2466 2179 2583 2225 τας.
2619 2163 2818 2216 Τοῦτον
2852 2167 3228 2234 κρατήσαντες
3263 2167 3534 2233 ἀνήγαγον
3563 2165 3619 2214 ἐν
3648 2165 3711 2232 τῇ
3738 2163 3916 2224 πόλει,
3953 2180 4044 2214 και

2466 2258 2652 2318 ἐντοῖς
2695 2257 3096 2326 ’Ᾱμαστριανοῦ
3128 2259 3388 2310 ἔκαυσαν.

2539 2356 2649 2417 μγ’.
2687 2349 2778 2418 Τῷ
2819 2350 2875 2402 δὲ
2895 2351 3246 2420 Φεϐρουαρίῳ
3283 2349 3430 2420 μηνὶ,
3467 2350 3565 2419 τῆς
3607 2356 3660 2413 ς’
3687 2346 4044 2409 ίνδικτιῶνος,

2465 2445 2532 2511 τῇ
2567 2444 2728 2511 ἑορτῇ
2777 2443 2875 2509 τῆς
2921 2442 3298 2510 ’Υπαπαντῆς,
3339 2444 3728 2511 χειροτονεῖται
3770 2441 4045 2510 πατριάρ-

2467 2553 2565 2604 χης
2590 2538 2615 2586 ὁ
2643 2535 2828 2604 ῥηθεὶς
2859 2533 2952 2586 τοῦ
2989 2534 3253 2603 βασιλέως
3286 2534 3401 2595 υίὸς
3437 2533 3837 2601 Θεοφύλακτος,
3881 2548 4046 2584 τοπο-

2468 2627 2719 2695 τηρητὼν
2745 2629 2806 2678 ἐκ
2848 2627 3068 2697 Ῥώμης
3104 2626 3437 2679 ἀνελθόντων
3462 2627 3555 2677 καὶ
3575 2624 3739 2694 τόμον
3771 2622 4048 2676 συνοδικὸν

2471 2720 2882 2787 ἐπιφερομένων
2939 2720 3207 2788 περὶτῆς
3255 2719 3420 2772 αὑτοῦ
3480 2717 3811 2789 χειροτονίας
3868 2717 4049 2780 διαγοι

2474 2810 2717 2877 ρευονταο
2735 2809 2785 2862 οἳ
2804 2812 2895 2862 καὶ
2911 2809 2987 2880 τῷ
3009 2811 3391 2880 πατριαρχικῷ
3424 2810 3596 2878 θρόνῳ
3615 2809 3800 2861 τοῦτον
3838 2807 4049 2876 ἐνίδρυο

2471 2919 2591 2953 σαν.
2607 2902 2891 2970 Ῥωμανδς
2914 2902 2968 2953 δὲ
2983 2903 3011 2952 ὁ
3030 2901 3282 2970 βασιλεὺς
3312 2901 3388 2969 τῷ
3418 2902 3518 2969 υἱῷ
3535 2902 3789 2968 Στεφάνῳ
3811 2902 4048 2965 γυναῖκα

2468 2993 2702 3060 ἠγάγετο
2724 2993 2823 3062 τὴν
2851 2992 2944 3044 τοῦ
2976 2991 3202 3061 Γαμαλᾶ
3237 2991 3511 3060 θυγατέρα
3539 2992 3753 3052 Ἄνναν,
3784 2990 3909 3058 ἥτις
3934 2989 4048 3051 ἃμα

2468 3085 2546 3153 τῷ
2573 3085 2827 3153 νυμφικῷ
2854 3085 3103 3155 στεφάνῳ
3131 3084 3225 3137 καὶ
3253 3085 3342 3138 τὸν
3363 3086 3460 3153 τῆς
3485 3084 3761 3152 βασιλείας
3795 3082 4045 3135 ἐπέθετο.

871 3164 1033 3236 7Α6
1071 3166 1160 3222 44.
1223 3168 1404 3222 Mense
1474 3167 1684 3236 Aprili,
1743 3169 2042 3224 indictione
2113 3172 2366 3241 septima,

2547 3177 2647 3245 μδ’.
2677 3177 2825 3244 Μηνὶ
2859 3176 3170 3246 ¹Απριλλίῳ,
3203 3177 3535 3238 ίνδικτιῶνος
3552 3175 3618 3240 ζ’,
3641 3177 3835 3242 γέγονε
3859 3173 4046 3242 πρώτη

797 3256 974 3324 prima
1043 3257 1350 3313 Turcorum
1410 3258 1676 3312 adversus
1748 3260 2044 3313 Romanam
2104 3261 2368 3316 ditionem

796 3347 1008 3401 exstitit
1039 3348 1303 3418 irruptio;
1355 3351 1696 3420 grassatique
1730 3352 1796 3403 ad
1832 3352 2004 3420 ipsam
2052 3369 2225 3421 usque
2281 3372 2371 3408 ur-

799 3440 922 3494 bem
957 3439 1242 3494 Thraciam
1269 3456 1487 3494 omnem
1531 3443 1773 3510 populati
1810 3451 1958 3505 sunt,
2017 3458 2080 3497 ac
2129 3445 2372 3513 captivos

797 3529 1094 3583 duxerunt.
1117 3529 1345 3583 Mittitur
1366 3545 1495 3600 ergo
1513 3530 1875 3600 Theophanes
1907 3532 2171 3600 patricius
2186 3543 2373 3602 proto-

797 3621 1110 3680 vestiarius,
1147 3637 1346 3689 resque
1381 3637 1505 3675 cum
1540 3622 1646 3675 illis
1686 3625 2022 3692 composuit.

867 3711 958 3764 45.
991 3711 1191 3778 Quarta
1225 3713 1439 3767 decima
1481 3713 1726 3767 Januarii
1756 3715 1961 3768 mensis
2010 3715 2208 3770 locavit
2261 3717 2371 3771 Ro-

798 3818 996 3857 manus
1033 3820 1257 3858 uxorem
1284 3807 1492 3876 juniori
1530 3808 1640 3859 lilio
1674 3823 1774 3860 suo
1798 3806 2161 3868 Constantino
2194 3811 2373 3879 gentis

797 3897 1163 3959 Armeniaca},
1194 3898 1408 3966 patricii
1440 3898 1664 3952 Adriani
1689 3901 1892 3963 tiliam;
1928 3917 2035 3971 qua
2078 3911 2133 3955 et
2179 3903 2375 3958 defun-

796 3995 884 4039 cta
919 3987 1160 4040 secunda
1221 3988 1510 4042 Februarii
1547 3991 1776 4043 alteram
1826 3992 1878 4045 ei
1944 3993 2242 4061 copulavit,
2305 4010 2371 4049 ex

798 4077 1064 4132 Mantonis
1085 4078 1232 4134 illius
1255 4095 1478 4150 genere,
1501 4081 1842 4152 Tchphano
1872 4087 2119 4143 nomine.

866 4370 955 4426 46.
994 4371 1200 4428 Eodem
1245 4388 1390 4428 anno
1429 4375 1614 4440 Russi,
1673 4391 1814 4442 quos
1857 4379 2131 4435 Dromitas
2176 4391 2376 4436 vocant

798 4460 904 4532 (ac
929 4461 974 4516 si
1006 4479 1170 4532 vagos
1202 4464 1354 4519 dicas
1372 4481 1435 4519 ac
1469 4481 1634 4520 cursu
1673 4469 2019 4536 expeditos),
2049 4486 2115 4524 ex
2149 4471 2375 4527 Francis

2472 3268 2793 3339 ἐκστρατεὲη-
2825 3269 2934 3322 τῶν
2969 3269 3228 3338 Τούρκων
3258 3271 3396 3322 κατὰ
3443 3269 3752 3337 Ῥωμανίας
3774 3285 3788 3297 ·
3817 3268 3917 3318 καὶ
3948 3284 4047 3319 κα-

2470 3344 2792 3432 τατρέχουσι
2819 3363 2982 3432 μέχρι
3009 3363 3107 3430 τῆς
3133 3363 3360 3424 πόλεως,
3395 3365 3487 3416 καὶ
3517 3360 3841 3431 λεηλατοῦσι
3868 3363 4051 3413 πᾶσαν

2471 3453 2737 3524 Θρᾳκῲαν
2793 3455 2990 3525 ψυχήν.

2472 3542 2555 3615 [Ρ.
2590 3545 2716 3618 490]
2743 3546 3024 3614 Θεοφάνης
3070 3548 3166 3599 καὶ
3227 3548 3743 3616 πρωτοὸεστιάριος,
3782 3550 3877 3600 καὶ
3909 3549 4050 3600 ποιεῖ

2473 3636 2822 3705 καταλλαγὴν
2857 3639 2972 3704 μετ’
3001 3637 3069 3690 αὖ
3078 3637 3202 3688 τῶν.

2547 3726 2647 3796 με’.
2681 3730 2757 3798 Τῇ
2797 3729 2854 3780 δὲ
2910 3730 2968 3782 ιδ’
3020 3730 3112 3782 τοῦ
3182 3731 3511 3798 Ἱανουαρίου
3587 3731 3756 3800 μηνὸς
3812 3732 4052 3800 ἠγάγετο

2487 3822 2765 3892 Ῥωμανὸς
2823 3827 3054 3891 γυναῖκα
3090 3825 3166 3894 τῷ
3216 3825 3512 3894 τελευταίῳ
3541 3826 3639 3893 υἱῷ
3692 3826 3860 3878 αὑτοῦ
3901 3829 4052 3878 Κωνο

2475 3915 2759 3981 σταντίνῳ,
2798 3916 2862 3966 ἐκ
2886 3914 2977 3966 τοῦ
3015 3915 3200 3980 γένους
3229 3915 3336 3967 τῶν
3375 3915 3772 3983 Ἀρμενιακῶν,
3808 3915 4051 3982 τοῦνομα

2489 4005 2728 4074 Ἑλένην,
2761 4007 2854 4059 τοῦ
2882 4007 3174 4076 πατρικίου
3208 4006 3492 4077 Ἀδριανοῦ
3523 4007 3800 4074 θυγατέρα
3820 4023 3835 4036 ·
3866 4003 3932 4078 ἧς
3959 4008 4052 4060 καὶ

2473 4097 2872 4168 τελευτησάσης
2895 4098 3246 4168 Φεϐρουαρίῳ
3280 4101 3410 4168 μηνὶ
3441 4100 3667 4168 δευτέρᾳ
3706 4099 3904 4166 ἐτέραν
3928 4101 4054 4152 του-

2474 4207 2551 4259 τῳ
2585 4187 2902 4254 συνέζευξεν
2942 4195 3196 4258 γυναῖκα,
3252 4194 3317 4244 ἐκ
3365 4191 3458 4243 τοῦ
3515 4191 3707 4257 γένους
3741 4191 3834 4243 τοῦ
3872 4193 4054 4260 Mign)

2475 4282 2706 4346 ἐκείνου,
2737 4283 2995 4352 Θεοφανὼ
3030 4284 3349 4353 λεγομένην.

3066 3455 3477 3507 Ἀποστέλλεται
3534 3450 3626 3507 οὖν
3684 3456 3711 3507 ὁ
3758 3457 4048 3525 πατρίκιος

2551 4377 2664 4449 pg’.
2704 4379 2793 4448 Τῷ
2833 4378 3064 4446 ἐνιαυτῷ
3099 4377 3291 4446 ἐκείνῳ
3338 4377 3710 4430 κατέπλευσαν
3746 4378 3794 4429 οί
3843 4377 3983 4439 Ῥὼς
4010 4377 4057 4429 οἱ

2478 4471 2572 4524 καὶ
2598 4472 2857 4540 Δρομίται
2888 4471 3193 4539 λεγόμενοι,
3246 4471 3295 4523 oi
3327 4473 3388 4522 ἐκ
3437 4472 3626 4537 γένους
3656 4470 3765 4522 τῶν
3785 4472 4057 4540 Φρὰγγωυ

799 4567 972 4621 genus
1005 4553 1290 4618 ducentes,
1349 4555 1597 4610 conferta
1634 4558 1825 4613 decem
1879 4561 2113 4615 millium
2147 4564 2368 4618 navium

2477 4561 2654 4623 ὄντες,
2693 4561 2828 4613 κατὰ
2866 4561 2963 4629 τῆς
2991 4561 3637 4622 Κωνσταντινουπὸλεως,
3675 4560 3812 4627 μετά
3857 4561 4056 4611 πλοίων

798 4645 973 4697 classe
1007 4645 1219 4700 infestis
1249 4646 1421 4714 signis
1451 4647 1771 4718 Byzantium
1820 4663 2110 4707 venerunt.
2164 4655 2221 4708 ln
2277 4672 2371 4710 eos

801 4735 985 4803 itaque
1013 4736 1378 4806 Theophanes
1434 4743 1890 4808 protovestiarius
1928 4759 2052 4797 cum
2085 4747 2371 4802 navalibus

800 4824 976 4891 copiis
1010 4825 1230 4889 missus,
1267 4827 1533 4882 instructa
1582 4830 1776 4894 classe,
1814 4833 2033 4887 illorum
2065 4837 2372 4892 sustinebat

803 4913 1089 4983 impetum.
1129 4917 1285 4982 Quod
1312 4934 1440 4972 vero
1476 4921 1542 4973 ad
1578 4922 1735 4975 Ponti
1768 4924 1963 4977 Euxini
1997 4926 2231 4980 Pharum
2259 4930 2369 4997 jam

800 5014 1067 5058 venerant
1120 5006 1364 5071 (dicitur
1406 5018 1591 5063 autem
1639 5012 1851 5066 Pharus
1908 5016 2079 5069 moles
2124 5019 2371 5086 quaedam

801 5111 902 5149 seu
948 5097 1136 5161 turris,
1167 5114 1234 5151 ex
1269 5114 1373 5167 qua
1422 5116 1650 5156 accensa
1684 5102 1899 5157 ﬂamma
1935 5106 2178 5161 viatores
2205 5119 2368 5164 noctu

801 5186 858 5239 in
893 5187 1088 5241 itinere
1119 5189 1454 5259 diriguntur.
1483 5192 1730 5248 Euxinus
1759 5211 1888 5249 vero
1921 5197 2126 5250 Pontus
2156 5215 2252 5268 per
2275 5218 2372 5254 an-

804 5281 1090 5349 tiphrasim
1115 5282 1331 5346 dicitur,
1361 5285 1515 5353 quasi
1539 5287 1676 5339 bene
1705 5287 1988 5356 hospitalis
2018 5307 2030 5341 :
2059 5293 2200 5346 male
2223 5295 2369 5347 enim

802 5371 1092 5439 hospitalis
1127 5373 1387 5428 audiebat
1419 5375 1490 5428 ob
1518 5379 1882 5444 grassantium
1917 5378 1970 5431 in
2001 5397 2067 5433 eo
2090 5382 2370 5437 latronum

799 5477 931 5531 erga
977 5462 1224 5532 hospites
1250 5464 1410 5534 juges
1446 5467 1714 5536 injurias;
1768 5472 1972 5538 quibus
2019 5473 2086 5525 ab
2138 5473 2371 5530 Hercule

803 5553 1053 5617 sublatis,
1091 5556 1442 5608 securitatem
1479 5560 1620 5612 nacti
1656 5561 1891 5614 viatores
1941 5563 2212 5617 Euxinum
2244 5582 2368 5620 eum

804 5648 1299 5713 nuncupaverunt)
1337 5649 1392 5701 in
1426 5649 1545 5702 loco
1573 5668 1735 5719 quem
1782 5653 1982 5708 Hieron
2031 5665 2249 5722 vocant,
2307 5674 2370 5712 ac

803 5737 846 5789 si
895 5737 1049 5790 dicas
1103 5740 1361 5809 templum
1419 5745 1538 5804 (cui
1593 5745 1716 5797 inde
1770 5748 2063 5813 appellatio
2118 5750 2370 5814 accessit,

885 5832 928 5861 ”
969 5831 1224 5901 ἀνιδρυσα
1236 5836 1409 5902 μένων
1431 5836 1450 5885 ‘.’

2476 4653 2708 4721 χιλιάδες
2746 4653 2896 4706 δέκα.
2938 4653 3223 4722 Πέμπεται
3253 4649 3345 4705 οὖν
3396 4652 3530 4720 πρὸς
3559 4652 3754 4711 αὐτοὺς
3784 4653 3811 4702 ὁ
3844 4667 4060 4719 πρωτς.

2474 4748 2783 4815 6εστιάριος
2833 4746 3116 4816 Θεοφάνης
3170 4745 3308 4816 μετά
3337 4745 3560 4797 πλοίων.
3609 4743 3717 4795 Καὶ
3748 4744 3841 4794 τὸν
3872 4745 4060 4794 στόλον

2475 4840 2801 4908 εὐτρεπίσας
2829 4839 3026 4900 αὐτοὺς
3055 4838 3351 4906 ἐξεδέχετο.
3396 4837 3548 4888 Ἐπεὶ
3586 4836 3641 4887 δὲ
3700 4834 3934 4902 πλησίον
3967 4833 4060 4884 τοῦ

2475 4936 2533 4986 ἐν
2563 4932 2638 5002 τῷ
2664 4930 2902 5000 Εὐξείνῳ
2923 4932 3108 4999 Πόντῳ
3142 4931 3314 4999 φάρου
3363 4930 3613 4994 ἐγένοντο
3643 4926 3838 4996 (φάρος
3869 4928 3927 4978 δὲ
3967 4945 4062 4977 κα-

2475 5022 2647 5074 λεῖται
2666 5021 2946 5092 ἀφίδρυμά
2969 5039 3018 5072 τι
3039 5014 3082 5088 ᾧ
3107 5021 3312 5086 πυρσὸς
3340 5019 3640 5072 ἐπιτίθεται
3672 5021 3809 5088 πρὸς
3833 5019 4065 5088 ὀδηγίαν

2473 5117 2585 5174 τοῖς
2640 5115 2698 5163 ἐν
2728 5115 2883 5164 νυκτὶ
2931 5113 3267 5179 παροδίταις,
3308 5110 3557 5174 Εὔξεινος
3589 5110 3646 5162 δέ
3682 5110 3884 5172 Πόντος
3921 5110 4062 5162 κατὰ

2475 5206 2800 5272 ἀντίφρασιν
2865 5204 3144 5257 καλεῖται’
3184 5204 3494 5268 κακόξεινος
3548 5205 3657 5269 γάρ
3690 5203 3913 5269 ἐλέγετο
3973 5203 4062 5255 διὰ

2475 5296 2572 5357 τὰς
2602 5297 2843 5363 συνεχεῖς
2866 5295 2975 5344 τῶν
3008 5295 3185 5346 ἐκεῖσε
3219 5293 3430 5362 λῃστῶν
3453 5291 3588 5360 πρὸς
3616 5291 3739 5350 τοὺς
3775 5289 4064 5353 ἐπιξξνεου-

2479 5387 2672 5456 μένους
2711 5385 3082 5454 καταδρομὰς,
3135 5383 3230 5446 οὓς
3274 5399 3438 5450 φασιν
3487 5380 3692 5434 ἀνελὼν
3753 5380 4062 5447 Ἡρακλῆς»

2475 5479 2658 5540 ἀδείας
2689 5478 2943 5546 τυχόντες
2975 5479 3024 5529 ol
3048 5477 3334 5547 παροδῖται
3357 5474 3544 5526 τοῦτον
3565 5472 3815 5536 Εὔξεινον
3852 5475 4065 5524 ἐπωνό-

2479 5571 2680 5638 μασαν)
2729 5571 2786 5622 ἐν
2839 5569 2917 5639 τῷ
2987 5567 3141 5638 Ἱερῷ
3179 5568 3480 5637 λεγομένῳ,
3535 5565 3686 5634 ὂτὴν
3738 5565 4063 5632 ἐπωνυμίαν

2479 5662 2669 5729 εἰληφε
2693 5660 2779 5715 διά
2815 5662 2922 5712 τῶν
2953 5660 3054 5728 τῆς
3093 5657 3321 5728 Ἀργοῦς
3369 5659 3671 5726 πλωτήρων
3699 5657 3884 5708 ἐκεῖσε
3913 5655 4064 5721 διερ-

2477 5756 2724 5824 χομένων
2755 5755 2943 5806 αὐτόθι
2967 5752 3247 5822 ἀνεδρῧσαι
3274 5753 3314 5783 ¹’
3344 5751 3441 5819 μὲν
3477 5751 3639 5821 ἱερὸν,
3674 5747 3836 5809 αὐτὸς
3861 5747 4064 5817 ἀθρΰον
