4158 6438
156 430 261 487 809

579 424 942 481 ANNALES.
1001 445 1067 454 π·
1107 419 1518 479 CONSTANT.
1560 419 1939 480 PORPHYB.
1981 423 2074 481 ET
2118 423 2484 482 ROMANUS
2520 422 2960 481 LACAPENUS

3300 425 3404 489 810

149 538 356 592 τούτοις
385 533 627 592 ἐπέθετο,
664 534 754 583 καὶ
782 534 846 583 τὰ
881 531 976 599 μὲν
1007 529 1233 581 πλεῖστα
1267 531 1424 582 πλοῖα
1456 528 1718 596 κατέφλε-

1840 528 1970 596 ιυοᾱ
2009 531 2338 600 Argonautae
2368 533 2492 585 illac
2532 543 2877 588 transeuntes
2897 548 2963 589 eo
2987 543 3108 590 loco
3141 538 3400 605 templum

151 631 260 692 ξεν,
292 626 361 677 τὰ
407 625 463 677 δὲ
497 624 659 676 λοιπὰ
706 623 785 684 είς
842 621 1020 689 φυγὴν
1055 620 1393 689 ἐτράπησαν.
1439 619 1600 670 Ὅθεν
1632 619 1724 669 καὶ

147 718 359 780 τελείας
388 717 594 786 τροπῆς
623 715 921 782 γενομένης
951 714 1021 765 τά
1048 713 1143 782 μὲν
1172 711 1278 763 τῶν
1311 712 1511 763 πλοίων
1546 709 1725 762 αὐτῶν

147 812 426 880 αὔτανδρα
488 811 806 871 κατέδυσαν,
844 809 1131 868 πλείστους
1170 808 1225 860 δὲ
1258 807 1463 869 ζῶντας
1504 804 1725 856 συνέλαο

149 906 262 956 6w.
306 906 368 957 Οἱ
402 903 460 956 δὲ
482 902 923 970 περιλειφθέντες
959 901 1037 962 είς
1070 901 1131 952 τὺ
1169 899 1270 967 τῆς
1306 898 1591 966 Ἀνατολῆς
1628 896 1724 964 μέ-

149 1013 264 1064 ρος,
303 998 383 1055 εἰς
419 997 516 1055 τὰς
573 993 766 1058 Ῥογάς
812 991 1134 1059 λεγομένας,
1189 989 1582 1041 κατέπλευσαν.
1619 987 1725 1037 Καὶ

147 1088 272 1139 ἐπεὶ
298 1086 586 1152 σύνταγμα
619 1085 752 1153 πρὸς
780 1083 847 1135 τὰ
875 1083 971 1150 τῆς
1006 1081 1260 1142 Βιθυνίας
1298 1082 1436 1149 μέρη
1473 1081 1726 1132 ἀπέστει-

145 1182 244 1232 λαν
278 1179 480 1248 χρειῶν
509 1178 691 1240 ἕνεκα,
725 1177 1044 1244 ἐντυγχάνει
1067 1176 1274 1236 τούτοις
1311 1175 1517 1241 Βάρδας
1551 1176 1577 1224 ὁ
1609 1174 1725 1222 Φω-

327 1273 419 1323 καὶ
443 1272 552 1339 γάρ
585 1268 913 1330 ἀποσταλεὶς
928 1263 994 1336 ἦν
1023 1269 1116 1319 ἐπὶ
1139 1265 1314 1333 τούτῳ
1343 1265 1479 1334 μετα
1514 1264 1725 1316 ἱππέων

1219 1363 1311 1411 καὶ
1386 1356 1725 1423 κατέσφαξεν

145 1276 247 1334 ad;
275 1287 290 1301 ⁶

144 1366 440 1436 ἐκκρίτων,
499 1363 860 1431 παρατρέχων
922 1362 1155 1422 αὐτοὺς,

143 1458 416 1517 ἅπαντας.
466 1456 621 1506 Ἀλλά
659 1458 749 1505 καί
804 1455 832 1504 ὁ
870 1452 1185 1519 Κουρκούας
1226 1449 1364 1518 μετα
1405 1447 1601 1507 παντὸς
1632 1445 1725 1496 τοῦ

143 1549 246 1619 τῆς
291 1548 580 1614 Ἀνατολῆς
617 1545 1028 1614 στρατεύματος
1057 1542 1334 1594 κατελθὼν
1362 1541 1485 1600 τοὺς
1512 1539 1724 1590 ὑπολει-

143 1642 385 1710 φθέντας
413 1638 683 1708 εὑρίσκων
711 1637 1048 1688 ἀπέκτεινεν.
1078 1634 1308 1693 Πολλοὺς
1329 1632 1384 1682 δὲ
1410 1633 1605 1690 τόπους
1637 1629 1726 1681 καὶ

143 1734 310 1792 ναοὺς
343 1731 672 1798 ἐνέπρησαν,
722 1727 969 1788 καὶτοὺς
1009 1723 1551 1792 συλλαμΰανομένους
1591 1722 1726 1772 Ῥω-

146 1824 345 1892 μαίους
381 1825 508 1884 τοὺς
553 1821 651 1889 μὲν
677 1818 1071 1889 ἀνεσταύρουν,
1099 1816 1225 1877 τοὺς
1258 1817 1314 1868 δὲ
1346 1818 1410 1884 τῇ
1443 1817 1512 1884 γῇ
1556 1830 1726 1883 προσ-

1833 619 2258 693 condiderunt),
2300 624 2458 695 747
2500 626 2616 694 ipse
2657 637 2882 694 repente
2920 629 2974 681 in
3007 628 3128 682 illos
3183 646 3403 685 irruens

1833 712 2049 781 navigia
2097 715 2202 768 alia
2253 716 2375 784 igne
2422 718 2745 783 combussit,
2781 719 2886 772 alia
2939 719 2994 773 in
3044 720 3222 791 fugam
3271 723 3399 792 egit.

1831 800 2123 868 Quocirca,
2146 804 2284 858 fusis
2319 809 2544 861 omnino
2597 809 2904 878 fugatisque
2955 810 3226 877 hostibus,
3278 829 3401 882 par-

1835 896 1930 948 tim
1975 911 2168 949 eorum
2214 913 2380 951 naves
2423 915 2546 952 cum
2602 900 2921 955 vectoribus
2961 903 3150 971 pelago
3196 919 3403 957 merse-

1835 997 2002 1049 runt,
2067 989 2264 1056 partim
2329 991 2596 1058 plurimos
2666 992 2983 1062 ingentique
3042 995 3198 1049 turba
3251 997 3404 1049 vivos

1834 1090 2120 1147 ceperunt.
2152 1080 2255 1145 Qui
2287 1082 2490 1135 residui
2523 1082 2762 1146 fuerant,
2802 1086 2867 1138 ad
2907 1085 3244 1139 Orientalem
3291 1087 3395 1155 pla-

1838 1187 1980 1239 gain,
2013 1172 2078 1223 ad
2100 1172 2276 1225 locum
2302 1189 2463 1241 quem
2493 1173 2712 1242 Rhogas
2742 1185 2957 1237 vocant,
2987 1179 3403 1246 navigaverunt.

1833 1263 2101 1330 Quodque
2130 1264 2468 1333 manipulum
2513 1266 2808 1319 necessarii
2859 1268 3042 1334 pabuli
3073 1279 3127 1322 et
3156 1285 3404 1323 annona-

1837 1369 1956 1406 rum
1991 1369 2154 1407 causa
2191 1356 2244 1408 in
2272 1356 2585 1426 Bithyniam
2623 1359 2907 1422 miserant,
2950 1360 3149 1413 Bardas
3195 1361 3404 1416 Phocas

1838 1445 1893 1498 in
1919 1461 2038 1500 eam
2069 1463 2182 1500 rem
2221 1463 2346 1501 cum
2380 1449 2650 1501 lectorum
2697 1454 2943 1518 equitum
2991 1467 3150 1504 manu
3183 1453 3402 1516 missus,

1836 1547 2189 1594 antevertens
2247 1541 2468 1593 illorum
2526 1541 2630 1595 iter
2657 1542 2892 1610 ‘illisque
2939 1544 3153 1597 obviam
3210 1544 3403 1605 factus.

1836 1643 2062 1682 cunetos
2087 1630 2471 1684 internecione
2503 1631 2730 1685 delevit.
2763 1632 2867 1686 Sed
2901 1643 2955 1687 et
2986 1634 3254 1698 Curcuas,
3281 1652 3404 1689 cum

1837 1721 2088 1774 Asiaticis
2114 1724 2331 1775 cunctis
2371 1724 2546 1791 copiis
2583 1724 2947 1787 descendens,
2993 1725 3208 1795 fusique
3250 1742 3408 1782 exer—

1836 1811 1978 1864 citus
2014 1812 2275 1880 reliquias
2307 1814 2613 1880 oﬂendens,
2651 1816 2868 1870 illorum
2895 1828 3132 1887 stragem
3161 1819 3332 1874 dedit.
3367 1820 3408 1873 li

144 1917 444 1984 επήγνυον,
497 1915 621 1972 τοὺς
653 1901 710 1963 δὲ
755 1910 850 1962 τοῦ
907 1911 1135 1978 κλήρου,
1169 1909 1392 1961 ὄπισθεν
1421 1907 1518 1968 τὰς
1545 1909 1729 1975 χεῖρας

1840 1917 2002 1970 porro
2041 1904 2211 1958 multa
2234 1904 2352 1959 loca
2385 1920 2450 1959 ac
2489 1907 2690 1976 templa
2732 1907 3108 1971 incenderant,
3160 1924 3408 1978 quosque

142 2006 496 2075 δεσμοῦντες,
521 2005 683 2073 ἥλους
710 2002 960 2072 σιδηροῦς
989 2003 1130 2053 κατα
1159 2002 1331 2070 μέσης
1358 2000 1457 2065 τῆς
1486 1999 1727 2067 κεφαλῆς

143 2098 332 2153 αὐτῶν
363 2101 694 2167 ἐπήγνυσαν.
722 2095 1005 2162 Χειμῶνος
1041 2094 1098 2146 δὲ
1140 2095 1238 2162 ῆδη
1277 2092 1725 2159 καταλαμϐάνονε

143 2207 258 2252 τος,
282 2190 382 2241 καὶ
407 2191 485 2250 εἰς
512 2189 579 2239 τα
599 2190 774 2239 οἰκεῖα
795 2183 1103 2252 βουλόμενοι
1132 2179 1405 2240 ἀπελθεῖν,
1433 2180 1527 2230 τὸν
1546 2179 1728 2229 στόλον

144 2279 332 2332 λαθεῖν
365 2277 718 2339 ἐσπούδαζον.
769 2275 981 2333 Νυκτὸς
1015 2270 1109 2324 οὖν
1138 2269 1546 2330 ἐκπλεύσαντας
1574 2270 1601 2320 ὁ
1624 2284 1730 2319 πα-

144 2368 359 2439 τρίκιος
403 2365 683 2433 Θεοφάνης
730 2363 954 2422 τούτους
989 2360 1289 2429 ὑπήντησε.
1344 2356 1426 2429 [Ρ.
1458 2356 1586 2428 491]
1626 2358 1732 2409 Καὶ

145 2461 312 2522 εὐθὺς
380 2459 609 2528 δευτέρα
659 2455 936 2523 ναυμαχία
994 2453 1323 2505 συνάπτεται
1377 2454 1470 2504 καὶ
1504 2452 1732 2503 πλεῖστα

147 2556 308 2609 πλοῖα
333 2549 667 2622 βυθίζονται.
716 2549 939 2615 Ὀλίγων
965 2548 1021 2601 δὲ
1053 2548 1192 2616 μετὰ
1243 2544 1440 2595 πλοίων
1498 2559 1733 2609 περισω-

146 2649 356 2701 θέντων
395 2645 490 2697 καὶ
535 2645 591 2695 ἐν
644 2645 710 2712 τῇ
740 2643 840 2709 τῆς
895 2640 1096 2708 Κοίλης
1127 2636 1537 2706 περιπεσόντων
1568 2636 1728 2702 ἀκτῇ,

147 2738 349 2800 νυκτὸς
412 2735 745 2804 ἐπελθούσης
804 2734 1078 2799 διέφυγον.
1138 2729 1420 2796 θεοφάνης
1475 2727 1533 2778 δὲ
1597 2728 1732 2792 μετα

148 2835 306 2903 νίκης
347 2829 590 2902 μεγάλης
613 2825 962 2895 ὑποστρέψας
996 2823 1232 2890 ἐντίμως
1267 2822 1357 2873 καὶ
1395 2819 1734 2888 μεγαλοπρε-

149 2921 270 2982 πῶς
296 2919 450 2988 παρὰ
479 2915 574 2970 τοῦ
602 2914 865 2994 βασιλέως
886 2910 1156 2980 ὑπεδέχθη
1179 2912 1272 2963 καὶ
1301 2908 1731 2978 παρακοιμὼμε-

148 3029 238 3076 νος
268 3010 525 3080 ἐτιμήθη.

229 3286 336 3359 μς.
377 3287 468 3355 Τῷ
497 3286 554 3339 δὲ
618 3285 910 3354 Ἀπριλλίῳ
963 3285 1112 3355 μηνὶ,
1155 3283 1253 3351 τῆς
1307 3279 1350 3333 α’
1383 3279 1730 3340 ίνδικτιῶνος,

152 3385 318 3437 πάλιν
346 3378 510 3451 ἦλθον
543 3383 591 3433 οἱ
625 3380 854 3447 Τοῦρκοι
895 3377 1032 3446 μετὰ
1066 3376 1324 3443 πλείστης
1358 3373 1639 3441 δυνάμεως
1663 3387 1675 3400 ’
1708 3373 1735 3423 ὁ

150 3477 207 3531 δέ
247 3473 743 3545 παρακοιμώμενος
774 3469 1006 3535 ἐξελθὼν
1037 3469 1266 3528 σπονδὰς
1299 3467 1580 3536 εἰρηνικὰς
1619 3464 1732 3532 μετ’

153 3568 334 3618 αὐτῶν
369 3566 683 3633 iustiﬁcata,
732 3563 852 3615 ὅθεν
893 3562 984 3614 καὶ
1009 3562 1106 3613 ἐπὶ
1146 3559 1369 3628 κράνους
1405 3564 1443 3608 δ’
1477 3559 1509 3626 ἡ
1542 3557 1731 3624 εἰρήνη

150 3658 515 3726 διεφυλάχθη.

229 3749 343 3819 μη’.
383 3750 461 3817 Τῇ
503 3749 557 3799 δὲ
589 3746 630 3814 β’
661 3745 972 3805 ξνδικτιῶνι,
1005 3741 1311 3810 Πασχάλιος
1341 3737 1737 3810 πρωτοσπαθά-

157 3860 273 3914 ριος
295 3842 393 3894 καὶ
416 3841 720 3910 στρατηγὸς
749 3834 1160 3904 Λαγουόαρδίας
1186 3831 1577 3886 ἀποστέλλεται
1603 3829 1736 3897 πρὸς

157 3939 306 4008 ρῆγα
344 3934 455 3985 τῶν
490 3931 776 4002 Φράγγων,
843 3930 1068 3996 ἀγαγεῖν
1105 3926 1204 3996 τὴν
1257 3923 1422 3976 αὑτοῦ
1466 3922 1738 3989 θυγατέρα

168 4024 442 4095 Ῥωμανῷ
468 4022 544 4091 τῷ
568 4020 978 4073 Κωνσταντίνου
1011 4017 1104 4070 τοῦ
1153 4016 1406 4085 γαμὸροῦ
1438 4013 1601 4066 αὑτοῦ
1638 4011 1738 4080 υἱῷ

155 4123 236 4181 εἰς
277 4118 520 4186 νύμφην.
557 4115 658 4165 Ἦν
689 4114 781 4163 καὶ
811 4110 948 4180 μετὰ
974 4109 1206 4161 πλούτου
1242 4107 1433 4160 πολλοῦ
1456 4109 1482 4158 ό
1520 4106 1738 4173 Πασχα-

152 4213 269 4273 λιος
316 4209 630 4278 ἀνήγαγεν·
687 4205 782 4258 καὶ
827 4205 1049 4271 γέγονεν
1098 4204 1125 4253 ὁ
1179 4203 1354 4269 γάμος
1382 4197 1739 4266 Σεπεμόρίῳ

159 4304 314 4372 μηνὶ,
373 4298 700 4358 ίνδικτιὼνος
749 4303 819 4363 γ’.
854 4296 1012 4358 Ἤτις
1047 4296 1139 4346 καὶ
1165 4293 1326 4361 ἔζησε
1352 4291 1490 4362 μετὰ
1523 4291 1614 4343 τοῦ
1648 4293 1738 4342 άν-

155 4393 282 4464 δρδς
306 4391 480 4459 αὐτῆς
510 4389 602 4459 ἔτη
629 4387 688 4453 ε’,
737 4386 832 4441 καὶ
869 4385 1219 4452 ἐτελεύτησεν
1249 4386 1305 4435 ἐν
1347 4386 1463 4444 ταῖς
1510 4382 1738 4451 ἡμέραις

155 4490 254 4553 τῆς
291 4481 721 4552 αὐτοκρατορίας
755 4478 1162 4531 Κωνσταντίνου
1214 4474 1308 4527 τοῦ
1337 4475 1501 4542 αὐτῆς
1548 4473 1738 4524 πενθε-

162 4578 252 4648 ροῦ
263 4618 276 4629 .

238 4668 346 4738 μθ’.
388 4667 480 4733 Τῷ
539 4663 856 4733 Δεκεμϐρίῳ
905 4661 1076 4731 μηνὶ,
1137 4661 1232 4729 τῆς
1278 4658 1319 4712 δ’
1391 4659 1741 4720 ῑνδικτιῶνος,

164 4764 373 4831 ἀνέμου
409 4760 581 4828 βιαίου
610 4760 702 4809 καὶ
728 4755 955 4826 σφοδροῦ
1003 4754 1330 4815 πνεύσαντος
1379 4755 1427 4804 οἱ
1460 4753 1743 4821 λεγόμενοι

157 4859 215 4908 ἐν
239 4855 319 4923 τῷ
355 4851 568 4918 ἱππικῷ
601 4849 661 4913 ἐξ
691 4849 942 4909 ἐναντίας
972 4845 1064 4898 τοῦ
1099 4843 1380 4911 βασιλικοῦ
1427 4843 1620 4912 θρόνου
1643 4844 1745 4908 Δῆ-

159 4965 252 5016 μοι
295 4945 620 5005 κατέπεσον,
660 4943 751 4993 καὶ
799 4938 1123 5007 συνέτριψαν
1150 4937 1218 4989 τὰ
1269 4935 1529 4988 ὑποκάτω
1563 4934 1744 4986 αὐτῶν

160 5037 341 5108 βάθρα
388 5036 482 5086 καὶ
545 5032 768 5102 στήθεα.
831 5031 1040 5098 Χρόνου
1072 5029 1128 5081 δὲ
1161 5028 1460 5091 διελθόντος
1484 5027 1562 5097 τῷ
1593 5026 1741 5094 αὐτῷ

165 5131 300 5199 μηνὶ
329 5124 665 5194 τὸνβασιλέα
708 5123 985 5192 Ῥωμανὸν
1016 5125 1064 5174 οῑ
1101 5123 1204 5173 υἱοὶ
1235 5121 1399 5174 αὑτοῦ
1435 5121 1528 5173 τοῦ
1565 5121 1603 5150 ¹⁷
1639 5137 1741 5173 πα-

163 5220 352 5273 λατίου
387 5218 726 5286 κατήγαγον.

234 5319 302 5368 ν’.
332 5312 447 5381 Τῆς
495 5311 550 5362 δὲ
601 5309 806 5373 πόλεως
846 5308 1088 5378 Ἐδέσης,
1121 5313 1178 5361 ἐν
1297 5307 1356 5360 τὸ
1383 5307 1479 5360 τοῦ
1509 5306 1742 5376 Χριστοῦ

160 5405 322 5470 Ξγιον
352 5404 649 5471 ἐκμαγεῖον
680 5401 960 5461 ἀπέκειτο,
997 5401 1146 5468 παρὰ
1175 5400 1267 5452 τοῦ
1313 5399 1626 5468 Ῥωμαῖκοῦ
1652 5415 1746 5450 πο·-

159 5497 564 5568 λιορκουμένης
616 5493 1044 5565 στρατεύματος,
1093 5495 1143 5544 οἱ
1203 5494 1487 5563 οἰκήτορες
1539 5492 1744 5558 ταύτης

168 5592 306 5662 πρὸς
335 5591 430 5642 τὸν
477 5588 702 5659 βασιλέα
755 5586 1211 5656 διαπρεσϐεύουσι
1272 5586 1552 5655 Ῥωμανὸν
1587 5585 1745 5637 τοῦτο

162 5683 453 5755 παρέχειν,
493 5683 540 5734 εἱ
570 5681 668 5750 τὴν
705 5678 1018 5751 πολιορκίαν
1050 5678 1283 5731 λύσειεν.
1322 5678 1499 5748 Ὅπερ
1526 5680 1618 5731 καὶ
1650 5678 1743 5744 γέ-

1831 2010 1896 2046 ex
1951 1995 2215 2050 Romanis
2278 1998 2838 2066 comprehenderant,
2890 1999 3027 2053 alios
3081 2003 3136 2053 in
3187 2015 3407 2054 crucem

1832 2087 2085 2154 agebant,
2138 2089 2277 2144 alios
2320 2102 2479 2145 terraa
2527 2091 2912 2161 configebant;
2949 2093 3184 2147 clericos
3236 2094 3408 2148 sacri~

1833 2194 1939 2247 que
1988 2181 2202 2235 ordinis
2248 2183 2418 2245 viros,
2453 2184 2709 2237 manibus
2762 2194 2884 2253 post
2930 2195 3076 2256 terga
3126 2185 3407 2248 revinctis.

1836 2269 2017 2323 medio
2050 2271 2282 2324 cerebro
2317 2271 2500 2325 inﬁxis
2527 2271 2698 2326 clavis
2734 2271 2852 2324 dire
2883 2271 3255 2340 perimebant.
3288 2271 3408 2325 Jam

1835 2377 1965 2414 vero
2002 2370 2294 2430 appetente
2322 2364 2502 2417 hieme
2533 2379 2656 2416 cum
2677 2363 2898 2416 domum
2923 2363 3102 2417 redire
3128 2373 3408 2431 pararent,

1837 2453 2136 2507 Romanam
2163 2455 2393 2509 classem
2440 2456 2609 2509 latere
2668 2456 2982 2510 studebant.
3034 2455 3170 2510 Cum
3228 2454 3412 2525 itaque

1837 2556 2000 2599 noctu
2059 2547 2376 2610 solvissent,
2421 2547 2566 2602 facto
2593 2549 2676 2602 eis
2704 2549 2921 2602 obviam
2954 2548 3294 2618 Theophane
3319 2563 3415 2618 pa-

1838 2638 1998 2690 tricio
2043 2637 2213 2692 altera
2242 2640 2426 2693 statim
2458 2641 2667 2694 navalis
2697 2641 2990 2694 commissa
3027 2656 3229 2710 pugna,
3275 2640 3414 2693 mul-

1839 2738 2000 2797 taque
2031 2729 2302 2797 profundo
2333 2747 2511 2785 mersa
2539 2732 2755 2802 navigia
2790 2749 2802 2785 :
2834 2732 2993 2800 pauci
3027 2747 3152 2786 cum
3182 2731 3416 2802 navigiis

1837 2821 1906 2873 ad
1935 2821 2113 2876 Cocles
2137 2836 2396 2892 asperum
2421 2823 2576 2876 littus
2605 2824 2781 2878 evecti
2827 2824 3134 2878 incolumes
3173 2839 3272 2893 per
3313 2837 3415 2877 no-

1838 2913 1940 2967 ctis
1970 2915 2441 2982 opportunitatem
2467 2924 2784 2970 evaserunt.
2821 2915 3187 2984 Theophanes
3232 2925 3414 2968 autem

1839 3006 2044 3076 ingenti
2078 3015 2230 3074 parta
2256 3006 2482 3060 victoria
2512 3022 2785 3069 reversus,
2844 3007 3146 3061 honorifice
3194 3022 3258 3061 ac
3306 3022 3419 3061 ma~

1839 3097 2033 3169 gniﬁce
2065 3099 2134 3152 ab
2170 3100 2504 3168 imperatore
2537 3109 2846 3169 susceptus,
2867 3098 3202 3154 aceubitoris
3241 3098 3418 3168 digniv

1841 3201 1951 3246 tate
1989 3200 2281 3260 pravectus
2307 3200 2408 3245 est.

1910 3283 2075 3356 748
2106 3285 2192 3338 47.
2232 3284 2417 3338 Mense
2438 3283 2635 3352 Aprili,
2665 3283 2968 3337 indictione
2995 3283 3192 3352 prima,
3223 3299 3414 3338 rursus

1840 3379 2007 3432 Turci
2058 3377 2374 3446 ingentibus
2415 3376 2589 3444 copiis
2642 3377 3009 3445 irruptionem
3069 3377 3268 3429 fecere.
3332 3376 3411 3430 Ad

1839 3486 1977 3537 quos
2046 3483 2299 3535 egressus
2364 3467 2651 3520 accubitor
2727 3469 2877 3535 pacis
2930 3482 3054 3519 cum
3111 3469 3191 3519 cis
3238 3465 3418 3520 foedus

1842 3562 2108 3629 percussit
2142 3577 2155 3625 ;
2211 3560 2354 3613 unde
2390 3560 2553 3612 etiam
2579 3560 2646 3612 ad
2681 3575 2855 3613 annos
2887 3559 3132 3630 quinque
3162 3575 3261 3628 pax
3297 3567 3418 3613 rata

1842 3653 1967 3707 fuit.

1912 3743 2002 3796 48.
2038 3744 2218 3795 Altera
2269 3742 2452 3795 statim
2526 3741 2851 3801 indictione.
2913 3741 3191 3796 Paschalis
3234 3750 3420 3811 proto—

1842 3835 2157 3904 spatharius
2181 3849 2245 3887 ac
2293 3833 2686 3904 Longobardia:
2717 3843 2915 3901 praeter
2967 3849 2997 3886 a
3049 3834 3296 3888 Romano
3350 3833 3420 3889 ad

1842 3930 2174 3982 Francorum
2197 3941 2402 3997 regem.
2440 3927 2534 3995 qui
2574 3929 2695 3996 ejus
2720 3926 2886 3980 ﬁliam
2912 3926 3149 3981 adducat
3171 3925 3420 3980 Romano

1840 4022 2185 4077 Constantini
2212 4024 2330 4089 ejus
2364 4020 2550 4089 generi
2583 4018 2697 4073 lilio
2731 4017 3117 4088 copulandam.
3157 4019 3419 4072 mittitur.

1841 4116 2013 4182 Quam
2045 4122 2100 4167 et
2132 4114 2319 4168 multis
2340 4113 2594 4166 donatam
2617 4112 2818 4181 opibus
2837 4110 3086 4164 adduxit.
3119 4110 3422 4165 Celebrate:

1843 4210 2048 4278 nuptiae
2095 4222 2283 4260 mense
2316 4205 2649 4274 Septembri,
2695 4204 2998 4258 indictione
3032 4204 3213 4258 tertia.
3242 4203 3420 4256 Vixit-

1844 4317 1950 4369 que
2011 4314 2136 4352 cum
2166 4299 2284 4351 viro
2337 4312 2437 4350 suo
2470 4311 2645 4349 annos
2679 4294 2942 4364 quinque,
2977 4304 3032 4348 et
3063 4303 3278 4347 mortua
3311 4302 3418 4356 est,

1845 4397 1961 4465 ejus
1995 4407 2187 4446 socero
2213 4389 2576 4445 Constantino
2596 4388 2793 4441 iterum
2809 4388 2917 4457 jam
2945 4402 3123 4440 rerum
3152 4401 3421 4439 summam

1846 4487 2066 4554 adepto.

1923 4666 2009 4719 49.
2049 4662 2230 4717 Mense
2258 4660 2570 4721 Decembri,
2623 4658 2922 4712 indictione
2948 4665 3160 4724 quarta,
3197 4653 3422 4709 validis-

1849 4761 1989 4814 simo
2017 4773 2078 4811 ac
2124 4754 2437 4810 vehementi
2471 4751 2735 4821 perﬂante
2776 4757 2960 4811 vento,
3007 4763 3144 4814 quos
3173 4747 3227 4800 in
3261 4744 3423 4801 Circo

1847 4851 2039 4903 demos
2074 4855 2292 4910 vocant,
2325 4861 2390 4899 ex
2416 4843 2647 4898 adverso
2670 4841 3022 4910 imperatoris
3051 4837 3173 4892 solii
3206 4837 3422 4892 cecide-

1853 4950 2006 5004 runt,
2040 4940 2429 5009 subjectosque
2472 4935 2675 5006 gradus
2721 4949 2786 4988 ac
2828 4931 3250 4997 intercolumnia
3284 4946 3420 4985 con-

1855 5036 2150 5087 triverunt.
2185 5030 2483 5084 Transacto
2528 5035 2711 5081 autem
2743 5040 2907 5087 anno,
2965 5023 3160 5077 eodem
3209 5036 3419 5085 mense,

1853 5126 2157 5179 Romanum
2196 5122 2586 5191 imperatorem
2619 5118 2715 5174 ﬁlii
2746 5118 2871 5171 aula
2901 5117 3277 5169 detruserunt.

2045 5304 2295 5358 Edesena
2325 5311 2505 5356 autem
2546 5300 2789 5359 civitate,
2818 5298 2870 5350 in
2901 5312 3007 5364 qua
3034 5308 3184 5347 sacra
3217 5291 3423 5347 Christi

1854 5402 2058 5472 efﬁgies
2089 5401 2258 5454 linteo
2301 5410 2580 5465 expressa,
2632 5393 3003 5446 Romanorum
3066 5388 3240 5458 copiis
3279 5388 3426 5441 obsi.

1857 5496 2024 5548 dione
2058 5493 2239 5546 cincta
2269 5489 2547 5556 armisque
2575 5501 2787 5556 pressa,
2819 5485 2980 5537 missa
3015 5482 3083 5534 ad
3121 5482 3424 5534 Romanum

1857 5584 2129 5656 legatione
2155 5582 2304 5635 illius
2339 5581 2488 5633 cives
2523 5577 2672 5631 illam
2722 5590 2779 5629 se
2825 5572 3152 5642 praebituros
3199 5569 3426 5638 polliciti

1855 5686 2004 5741 sunt,
2031 5692 2094 5729 ea
2116 5675 2383 5729 duntaxat
2417 5671 2734 5728 conditione
2769 5665 3066 5722 utobsidio
3099 5664 3428 5722 solveretur.

1503 5771 1737 5828 VARUE
1777 5767 2181 5830 LECTIONES.

234 5874 272 5904 ⁸⁷
306 5868 398 5921 τοῦ
434 5882 541 5919 om.
578 5865 634 5918 Γ.

419 5965 684 6019 Pyrum"
721 5964 835 6020 (Ζει.
872 5959 1001 6016 t'.l.\'

2967 5937 3042 5995 26
