4158 6438
762 385 863 452 811

1969 394 2371 456 “SYMEONIS
2412 393 2781 453 MAGISTRI

3919 391 4027 455 812

766 501 920 569 Quod
952 511 1008 555 et
1054 500 1127 554 ita
1178 501 1430 571 conligit.
1480 503 1613 557 Data
1643 504 1790 557 enim
1827 503 1975 559 bulla
2018 521 2185 560 aurea
2224 519 2350 559 cau-

2455 520 2610 572 γονεο
2674 505 2772 559 καὶ
2823 502 3219 575 χρυσόϐουλλον
3288 503 3444 574 ἐδόθη
3511 505 3707 574 μηκέτι
3746 507 3853 558 ὑπὸ
3892 507 4023 557 Ῥω.

768 608 882 649 tum
917 602 1001 646 est
1040 607 1109 646 ne
1143 592 1365 647 illorum
1404 594 1669 666 deinceps
1720 611 1852 666 ager
1892 612 1957 652 ac
2000 597 2284 667 provincia
2314 611 2345 650 a

765 683 929 755 ⁸149
960 684 1222 738 Romanis
1251 683 1609 755 diriperetur.
1642 685 1803 740 Missa
1830 686 2014 757 itaque
2038 702 2195 742 sacra
2228 686 2345 741 eﬁi-

762 775 870 839 gie,
903 774 1120 829 obviam
1149 774 1329 830 factus
1358 776 1645 830 accubitor
1671 778 2036 849 Theophanes
2069 795 2193 833 cum
2234 796 2343 833 ma-

762 865 964 931 gniﬁco
994 879 1284 919 cereorum
1312 866 1698 938 luminumque
1745 880 2010 939 apparatu
2040 879 2096 924 et
2127 871 2346 925 decenti

764 958 915 1011 cultu
947 973 1013 1012 ac
1039 956 1337 1028 hymnodia
1371 958 1438 1012 ad
1467 958 1740 1031 Sangarin
1769 960 1997 1016 ﬂuvium
2027 978 2146 1017 eam
2182 978 2346 1017 exce-

765 1048 866 1117 pit,
913 1051 1228 1121 mensisque
1270 1051 1519 1120 ejusdem
1574 1052 1663 1107 die
1711 1052 1927 1107 decimo
1976 1070 2124 1108 nono
2175 1056 2345 1123 ipsam

765 1140 1047 1196 deducens
1090 1142 1143 1195 in
1186 1142 1380 1197 urbem
1433 1144 1683 1199 intravit.
1754 1145 2080 1215 Imperator,
2134 1148 2229 1217 qui
2290 1147 2344 1200 in

766 1233 1087 1289 Blachernis
1114 1245 1278 1292 esset.
1314 1236 1390 1289 ibi
1412 1251 1533 1290 eam
1560 1236 1649 1305 pie
1680 1246 1978 1291 veneratus
2010 1247 2115 1293 cst.
2142 1237 2349 1294 Postri-

765 1324 855 1379 die
878 1339 1013 1379 vero
1030 1324 1103 1378 ad
1131 1329 1371 1379 Auream
1407 1335 1619 1395 portam
1667 1329 1874 1398 egressi
1904 1338 2020 1383 tum
2054 1330 2349 1399 imperato-

768 1416 846 1471 ris
874 1417 1039 1471 ambo
1076 1418 1192 1480 lilii,
1229 1416 1545 1488 Stephanus
1565 1418 2059 1485 etConstantinus,
2090 1432 2204 1476 tum
2228 1424 2349 1492 ejus

766 1524 935 1578 gener
955 1508 1355 1564 Constantinus
1385 1526 1511 1563 cum
1569 1511 1983 1583 Theophylacto
2035 1513 2349 1582 patriarcha

767 1601 1032 1670 omnique
1084 1611 1302 1665 senatu,
1353 1602 1556 1673 populo
1612 1618 1831 1673 quoque
1886 1612 2168 1674 praeeunte
2223 1621 2347 1660 cum

771 1693 1120 1764 lampadibus
1156 1710 1219 1749 ac
1254 1694 1491 1759 facibus,
1542 1694 1611 1750 ad
1666 1711 1842 1767 usque
1880 1696 2093 1751 Sanctze
2118 1697 2215 1752 Dei
2252 1696 2350 1752 Sa-

769 1787 993 1857 pientiae
1031 1787 1320 1842 delubrum
1360 1787 1598 1857 pedibus
1622 1804 1743 1844 eam
1792 1789 2104 1858 deduxere;
2148 1792 2349 1861 pieque

771 1880 842 1935 ibi
885 1896 1100 1937 sacrum
1129 1879 1264 1935 illud
1292 1881 1494 1951 pignus
1519 1882 1768 1937 venerati
1799 1883 1856 1937 in
1880 1884 2144 1953 palatium
2194 1884 2349 1940 detu-

768 1976 969 2029 lerunt.

840 2064 929 2119 5|.
958 2064 1120 2120 Hisce
1155 2063 1356 2119 diebus
1390 2073 1708 2133 portentum
1748 2064 2027 2134 quoddam
2060 2082 2126 2121 ex
2152 2069 2348 2123 Arme-

772 2157 861 2210 nia
890 2157 945 2210 in
976 2156 1176 2210 urbem
1207 2165 1464 2220 venerat,
1496 2156 1655 2226 pueri
1690 2156 1801 2211 duo
1834 2174 1903 2212 ex
1930 2174 2040 2213 uno
2071 2162 2349 2231 progressi

768 2258 951 2310 utero,
990 2245 1259 2302 membris
1278 2247 1537 2302 omnibus
1567 2250 1819 2318 corporis
1850 2250 2085 2321 integri;
2126 2252 2196 2307 ab
2232 2270 2351 2307 um-

770 2340 941 2395 bilico
967 2349 1151 2395 autem
1175 2340 1243 2395 ad
1266 2340 1465 2410 pubem
1484 2342 1793 2396 alteralteri
1808 2344 2149 2400 cohaerentes
2170 2357 2348 2410 erant,

770 2432 1023 2487 obversis
1053 2432 1201 2487 inter
1229 2447 1287 2486 se
1341 2432 1609 2487 vultibus.
1652 2434 1716 2488 lli
1746 2435 1841 2488 diu
1900 2437 2249 2508 multumque
2294 2440 2349 2493 in

771 2522 909 2578 urbe
936 2523 1159 2590 morati,
1208 2523 1364 2577 velut
1401 2524 1594 2594 ingens
1626 2527 1902 2595 quoddam
1958 2544 2023 2583 ac
2074 2531 2352 2601 singulare

773 2624 1134 2685 portentum,
1216 2624 1548 2671 cunctorum
1630 2616 2056 2675 admiratiunem
2108 2623 2349 2678 ciebant.

771 2707 1139 2774 Quamobrem
1159 2706 1325 2763 etiam
1349 2709 1503 2763 velut
1533 2723 1623 2764 res
1647 2710 1773 2764 mali
1797 2712 2019 2777 ominis,
2038 2724 2350 2769 monstrum

774 2800 911 2854 urbe
946 2804 1236 2869 expulsum
1262 2817 1278 2865 ;
1318 2799 1372 2854 in
1401 2816 1522 2854 eam
1552 2810 1741 2857 tamen
1768 2819 1964 2860 rursus
2002 2806 2194 2872 subiit,
2223 2825 2351 2864 cum

772 2890 924 2945 solus
959 2889 1361 2944 Constantinus
1411 2904 1596 2945 rerum
1626 2906 1896 2949 summam
1928 2896 2159 2967 adeptus
2184 2908 2349 2954 esset.

772 2981 981 3036 llorum
1007 2991 1192 3036 autem
1226 2982 1587 3053 gemellorum
1623 2984 1801 3039 altero
1844 2997 2084 3055 mortuo,
2136 2999 2351 3059 partem

772 3075 1239 3130 cohaerescentem
1273 3074 1435 3144 periti
1486 3076 1712 3146 quidam
1754 3078 1953 3135 medici
1997 3082 2184 3137 subtili
2234 3094 2350 3138 arte

2456 597 2632 666 μαίων
2684 597 2786 665 τὴν
2836 600 3021 666 χώραν
3071 596 3255 651 αὐτῶν
3288 597 3588 667 ληῖζεσθαι.
3637 597 3744 650 Τοῦ
3787 597 3845 651 δὲ
3873 598 4025 664 ἁγίου

2452 688 2751 759 ἐκμαγείου
2780 690 3201 755 ἀποσταλέντος,
3226 692 3541 759 ἀπήντησεν
3562 689 3710 759 αὐτῷ
3747 690 4023 757 Θεοφάνης

2450 778 2999 850 ὀπαρακοιμὼμενος
3040 780 3177 850 μετά
3225 780 3483 849 λαμπρᾶς
3541 780 3911 850 φωταγωγίας
3941 784 4024 832 καὶ

2450 871 2552 941 τῆς
2579 871 2806 941 δεούσης
2833 874 2999 941 τιμῆς
3020 872 3115 924 καὶ
3137 870 3413 942 ὑμνῳδίας
3457 875 3598 927 κατὰ
3626 874 3718 926 τὸν
3751 873 4025 939 Σάγγαριν

2452 964 2715 1035 ποταμόν.
2752 964 2831 1035 Τῇ
2863 964 2921 1018 δὲ
2946 963 3010 1017 ιθ⁴
3044 964 3138 1018 τοῦ
3168 964 3334 1018 αὑτοῦ
3376 965 3543 1035 μηνὸς
3570 966 3665 1018 σὺν
3696 966 3846 1035 αὑτῴ
3877 967 3935 1015 ἐν
3962 968 4024 1032 τῇ

2453 1058 2605 1111 πόλει
2625 1056 2860 1129 εἰσῆλθε.
2895 1057 3001 1111 Τοῦ
3030 1058 3087 1110 δὲ
3116 1056 3383 1127 βασιλέως
3430 1059 3579 1121 ὄντος
3611 1061 3667 1110 ἐν
3698 1058 4028 1127 Βλαχέρνλις

2452 1149 2707 1203 κάκεῖθεν
2728 1149 2859 1203 αὐτὸ
2884 1151 3385 1220 προσκυνήσαντος,
3411 1153 3477 1221 τῇ
3509 1150 3775 1219 ἐπαύριον
3808 1149 4028 1219 ἑῇλθον

2453 1245 2509 1294 ἐν
2531 1247 2595 1313 τῇ
2625 1245 2666 1296 Χ
2678 1245 2812 1312 ρυσῇ
2851 1243 3028 1314 πόρτῃ
3055 1242 3109 1295 οἴ
3135 1260 3196 1295 τε
3246 1241 3508 1311 βασιλέως
3554 1242 3646 1295 δύο
3672 1242 3800 1306 υἱοὶ,
3833 1243 4029 1309 Στέφα.

2451 1353 2539 1397 νος
2570 1337 2666 1388 καὶ
2717 1337 3150 1398 Κωνσταντῖνος,
3183 1336 3278 1387 καὶ
3301 1336 3329 1388 ὁ
3383 1334 3630 1404 γαμϐρὸς
3679 1334 3849 1386 αὑτοῦ
3879 1335 4028 1387 Κων-

2452 1431 2734 1491 σταντίνος
2768 1427 2865 1480 σὺν
2922 1427 3001 1497 τῷ
3051 1426 3366 1499 πατριάρχῃ
3411 1426 3773 1494 Θεοφυλάκτῳ
3822 1426 3920 1477 καὶ
3963 1427 4028 1494 τῇ

2454 1518 2744 1589 συγκλήτῳ
2776 1520 2948 1588 πάσῃ,
2980 1519 3076 1571 καὶ
3106 1518 3199 1571 τοῦ
3228 1517 3360 1571 λαοῦ
3387 1517 3867 1589 προπορευομένου
3898 1518 4029 1585 μετὰ

2453 1611 2820 1680 φωταγωγίας
2855 1613 3017 1681 μέχρι
3075 1610 3169 1664 τοῦ
3205 1610 3335 1665 ναοῦ
3372 1611 3470 1679 τῆς
3521 1610 3617 1662 τοῦ
3662 1607 3798 1662 Θεοῦ
3842 1610 4030 1675 Ἀγίας

2453 1703 2653 1772 Σοφίας
2704 1702 2861 1767 πεζοὶ
2916 1704 3076 1760 τοῦτο
3124 1703 3478 1770 διεκόμισαν,
3514 1704 3606 1755 καὶ
3656 1702 4028 1773 προσκυνηθὲν

2453 1796 2631 1848 ἐκεῖσε
2661 1795 2719 1848 ἐν
2747 1795 2824 1866 τῷ
2849 1796 3097 1866 παλατίῳ
3124 1795 3283 1849 τοῦτο
3305 1797 3605 1865 ἀνήγαγον.

2524 2063 2609 2135 [Ρ.
2650 2062 2779 2134 4492]
2811 2062 2912 2117 νσ.’.
2956 2064 3043 2115 Ἐν
3065 2062 3291 2125 ταύταις
3315 2066 3433 2126 ταῖς
3464 2062 3700 2134 ἡμέραις
3724 2061 4029 2134 ’Ἁρμένιδν

2452 2174 2505 2208 τι
2537 2155 2703 2226 τέρας
2764 2158 2829 2226 τῇ
2865 2156 3016 2208 πόλει
3078 2156 3453 2225 ἐπεφοιτήκει,
3515 2155 3702 2219 παῖδες
3762 2160 4029 2225 συμφυεῖς

2453 2249 2701 2320 ἀῤῥενες,
2734 2251 2799 2302 ἐκ
2847 2250 2977 2319 μιᾶς
3020 2248 3374 2318 προελθόντες
3421 2249 3676 2318 γαστρὸς,
3711 2248 3894 2318 ἄρτιοι
3937 2248 4030 2319 μὲν

2454 2342 2632 2395 πάντα
2652 2341 2720 2394 τὰ
2754 2341 2889 2411 μέλη
2944 2339 3040 2395 τοῦ
3089 2338 3337 2412 σώματος
3365 2359 3378 2372 ·
3409 2340 3591 2394 ἀπὸδὲ
3625 2340 3717 2395 τοῦ
3760 2341 4030 2409 στόματος

2453 2435 2551 2503 τῆς
2577 2435 2810 2505 γαστρὸς
2841 2433 2936 2488 καὶ
2968 2434 3132 2504 μέχρι
3172 2434 3282 2488 τῶν
3309 2434 3414 2487 ὑπὸ
3471 2434 3714 2504 γαστέρα
3744 2450 4029 2503 συμπεφυ-

2452 2528 2608 2590 κότες
2639 2526 2889 2597 ἀλλήλοις
2912 2527 3178 2597 ὑπῆρχον,
3202 2527 3639 2594 ἀντιπρόσωποι.
3673 2526 3736 2577 Οἳ
3766 2527 3860 2579 ἐπὶ
3886 2524 4032 2578 πλεῖ·

2454 2637 2577 2672 στον
2619 2621 2677 2672 ἐν
2718 2623 2785 2691 τῇ
2842 2620 2995 2673 πόλει
3045 2618 3489 2689 ἐνδιατρίψαντες
3528 2619 3635 2672 ὑπὸ
3684 2618 3909 2671 πάντων
3958 2616 4031 2680 ὡς

2454 2711 2691 2775 ἐξαίσιόν
2721 2729 2772 2765 τι
2808 2711 2974 2781 τέρας
2994 2710 3367 2781 ἐθαυμάζοντο
3391 2728 3405 2742 ·
3431 2709 3554 2764 ὅθεν
3584 2715 3677 2762 καὶ
3697 2709 3773 2773 ὠς
3797 2726 3934 2779 mw;
3945 2708 4031 2779 ρὸς

2452 2821 2536 2866 τις
2574 2805 2762 2865 οἰωνὸς
2814 2806 2913 2873 τῆς
2940 2803 3148 2865 πόλεως
3195 2800 3452 2874 ἐξηλάθη.
3504 2801 3675 2855 Πάλιν
3707 2801 3765 2854 δὲ
3792 2802 3888 2854 ἐπὶ
3938 2801 4032 2868 τῆς

2458 2895 2888 2965 μονοκρατορίας
2932 2893 3035 2963 τῆς
3073 2893 3348 2965 βασιλείας
3380 2894 3422 2925 ⁸⁸
3475 2892 3893 2945 Κωνσταντίνου
3922 2895 4032 2945 εἰσ-

2452 2982 2601 3051 ῆλθε.
2633 2982 2745 3036 Καὶ
2790 2983 2977 3052 ἐπειδὴ
3006 2983 3035 3036 ὁ
3084 2982 3270 3052 ἔτερος
3305 2981 3486 3035 αὐτῶν
3526 2981 3830 3050 ἐτεθνήκει,
3863 2980 4033 3051 ἰατροί

2452 3092 2595 3137 τινες
2625 3075 2877 3145 ἔμπειροι
2928 3075 2986 3128 τὸ
3036 3074 3538 3144 συγκεκολλημένον
3574 3073 3736 3144 μέρος
3786 3073 4033 3142 διέτεμον

772 3175 1058 3236 putavere,
1086 3182 1211 3221 cum
1236 3168 1468 3222 alterum
1502 3169 1688 3223 vivum
1720 3180 2106 3228 conservatum
2130 3174 2197 3229 iri
2229 3191 2350 3245 spe-

2458 3167 2673 3233 εὖφυῶς
2701 3168 2877 3219 ἐλπίδι
2932 3166 3026 3220 τοῦ
3076 3167 3167 3219 τὸν
3211 3167 3399 3237 ἕτερον
3432 3167 3712 3236 ζήσεσθαι.
3753 3165 3919 3217 Ἀλλά
3943 3165 4033 3217 καὶ

774 3268 982 3313 rarent.
1024 3256 1127 3325 Qui
1177 3270 1357 3314 tamen
1388 3259 1505 3329 ipse
1545 3276 1670 3315 cum
1708 3271 1823 3317 tres
1851 3263 1973 3320 dies
2020 3270 2351 3336 supervixis-

773 3362 877 3414 set,
901 3351 1205 3405 exstinctus
1234 3361 1338 3405 est.

844 3440 1007 3510 750
1030 3441 1117 3494 52.
1154 3441 1480 3498 lmmensam
1524 3444 1845 3515 imperator,
1880 3449 1962 3503 uti
1992 3466 2022 3504 a
2064 3467 2149 3506 me
2182 3469 2349 3522 supe-

773 3532 892 3587 rius
931 3534 1141 3587 dictum
1190 3543 1295 3598 est,
1356 3551 1488 3603 erga
1537 3552 1732 3594 omnes
1780 3542 2100 3609 monachos,
2153 3545 2353 3600 eximie

774 3624 956 3679 tamen
979 3641 1107 3696 erga
1136 3625 1389 3697 Sergium
1444 3629 1591 3683 inter
1632 3632 1931 3688 monachos
1985 3634 2110 3688 vita:
2151 3637 2355 3690 sancti-

772 3719 958 3772 monia
988 3720 1351 3788 przeeipuum,
1382 3720 1624 3777 habebat
1653 3723 1839 3789 ﬁdem,
1871 3741 2111 3796 eumque
2139 3728 2355 3782 colebat

773 3825 837 3865 ac
871 3825 1035 3879 supra
1062 3810 1287 3864 modum
1318 3813 1710 3869 venerabatur.
1745 3816 1875 3871 Erat
1908 3817 1953 3872 is
1984 3817 2154 3873 frater
2186 3821 2355 3891 magi-

772 3900 875 3955 stri
906 3900 1153 3965 Thoxme,
1190 3901 1374 3965 Photii
1402 3903 1733 3972 patriarcha:
1762 3924 1955 3978 nepos,
1989 3927 2153 3980 quem
2184 3912 2352 3967 animi

775 3991 1089 4062 ingenuitas
1140 4008 1305 4062 quam
1367 3997 1619 4064 corporis
1684 3999 1947 4055 nobilitas
1998 4004 2353 4060 illustriorem

777 4083 1084 4149 reddebat;
1152 4084 1513 4141 discretionis
1564 4090 1858 4156 rectitudo,
1920 4095 2107 4149 vultus
2157 4099 2351 4166 gratia,

777 4172 1045 4227 modestia
1078 4174 1248 4227 animi
1298 4190 1624 4246 morumque
1654 4182 1986 4250 compositio
2027 4184 2167 4238 mire
2200 4201 2354 4239 com-

776 4265 1091 4321 mandabat.
1126 4266 1321 4322 Sermo
1351 4268 1429 4322 illi
1456 4271 1616 4325 melle
1649 4272 1866 4327 dulcior
1901 4275 2146 4342 ﬂuebat;
2198 4277 2354 4332 ﬁrma

776 4372 932 4411 mens
951 4374 1015 4412 ae
1042 4359 1293 4421 robusta,
1328 4363 1499 4416 animi
1546 4379 1746 4419 sensus
1774 4366 1934 4439 longe
1962 4369 2237 4425 humanus
2269 4381 2349 4424 at-

774 4464 883 4518 que
928 4450 1231 4505 modestus.
1295 4452 1454 4507 llunc
1516 4456 1818 4526 imperator
1870 4460 2052 4513 virum
2100 4462 2351 4516 inclitum

779 4540 932 4593 velut
967 4542 1209 4611 regulam
1246 4558 1309 4597 ac
1363 4546 1648 4611 amussim,
1707 4549 1875 4602 utsic
1906 4549 2118 4619 loquar.
2174 4553 2355 4606 ornnis

776 4632 984 4701 ubique
1015 4635 1413 4703 componendae
1440 4640 1568 4693 vitae
1594 4654 1709 4694 sua:
1746 4642 1955 4711 jugiter
1989 4643 2135 4712 apud
2166 4660 2225 4698 se
2256 4646 2355 4698 ha-

776 4725 960 4780 bebat.
997 4725 1159 4795 Isque
1198 4727 1338 4782 adeo
1363 4728 1750 4799 imperatorem
1787 4735 1954 4787 etiam
1977 4746 2143 4804 atque
2186 4736 2353 4790 etiam

779 4815 1017 4870 ﬁliorum
1047 4834 1235 4872 curam
1265 4835 1451 4891 agere,
1489 4838 1590 4878 nec
1618 4825 2063 4896 indisciplinatos
2094 4810 2354 4898 nullaque

775 4910 1132 4980 castigatione
1164 4911 1232 4965 ad
1262 4915 1566 4983 nequitiam
1598 4916 1879 4973 declinare
1924 4920 2126 4985 sinere,
2161 4921 2354 4975 admo-

741 5026 744 5035 λ
777 5000 965 5061 nebat,
1014 5016 1080 5054 ne
1117 5010 1172 5056 et
1218 5002 1293 5056 illi
1320 5004 1465 5059 idem
1494 5017 1660 5077 atque
1696 5008 1815 5064 Heli
1850 5013 2197 5082 contingeret
2220 5024 2259 5077 ',
2292 5030 2355 5068 ac

777 5108 876 5160 pro
917 5093 1156 5147 ﬁliorum
1208 5097 1415 5153 scelere
1467 5098 1585 5169 ipse
1644 5116 1865 5172 quoque
1917 5120 2110 5175 paruas
2163 5105 2353 5171 daret;

776 5187 920 5252 quod
952 5196 1008 5239 et
1039 5189 1248 5242 evenit.
1284 5192 1427 5245 Ante
1449 5192 1599 5246 enim
1634 5210 1840 5263 paucos
1885 5196 1987 5252 hos
2030 5198 2168 5260 dies.
2228 5215 2353 5254 cum

778 5291 971 5328 ozunes
1004 5277 1387 5333 intemeratum
1438 5282 1560 5336 Filii
1605 5284 1702 5339 Dei
1742 5286 1798 5340 in
1823 5288 1995 5342 linteo
2038 5304 2353 5359 expressum

776 5367 1007 5437 effigiem
1035 5369 1354 5439 lustrarent,
1380 5374 1640 5430 dixerunt
1672 5376 1903 5434 Romani
1938 5380 2033 5435 lilii
2065 5397 2123 5435 se
2157 5391 2357 5465 praeter

780 5462 991 5516 vultum
1023 5462 1159 5517 nihil
1183 5463 1393 5532 videre,
1428 5467 1549 5538 ejus
1584 5476 1769 5525 autem
1818 5488 1989 5543 gener
2035 5462 2354 5528 Constanti-

854 5656 880 5684 ιι
910 5643 922 5695 I
951 5644 1085 5715 Reg.
1122 5660 1205 5708 ut,
1236 5644 1324 5698 l2.

2455 3254 2607 3321 οὗτος
2643 3261 2790 3328 τρεῖς
2816 3259 3028 3339 ἡμέρας
3061 3258 3308 3321 ἐπιϐιοὺς
3338 3259 3712 3328 ἐτελεύτησεν.

2524 3438 2621 3509 νβ’.
2673 3440 2759 3491 Ἐν
2782 3441 2916 3491 nisi
2956 3440 3055 3507 μὲν
3087 3435 3200 3502 οἷν,
3224 3439 3296 3503 ὡς
3326 3439 3585 3509 ἀνωτέρω
3639 3438 3879 3507 εἴρηται,
3922 3440 4036 3502 τοῖς

2456 3534 2709 3601 μοναχοῖς
2733 3534 2760 3585 ὁ
2790 3530 3044 3601 βασιλεὺς
3065 3532 3248 3583 πίστιν
3272 3532 3536 3598 ἐκέκτητο
3560 3530 3816 3599 ἄμετρον,
3845 3532 4035 3595 aues-

2459 3625 2656 3694 ρὸντως
2682 3625 2737 3678 δὲ
2777 3625 2937 3693 ἐτίμα
2968 3627 3061 3677 καὶ
3097 3623 3396 3693 ὑπερέσεϐε
3450 3624 3672 3693 Σέργιον
3692 3623 3794 3674 *τὶν
3839 3625 3899 3674 ἐν
3938 3640 4037 3691 μο-

2454 3720 2636 3786 ναχοῖς
2684 3717 3079 3787 διαλάμποντα,
3115 3716 3173 3778 ὃς
3200 3716 3427 3783 ἀδελφὸς
3458 3716 3556 3784 μὲν
3602 3715 3696 3767 τοῦ
3732 3715 4035 3784 μαγίστρου

2456 3807 2718 3873 ἐπεφύκει
2751 3806 2944 3876 Θωμᾶ,
2975 3807 3195 3875 ἀνεψιὸς
3223 3806 3277 3858 δὲ
3302 3807 3396 3858 τοῦ
3432 3806 3773 3875 πατριάρχου
3805 3806 4031 3857 Φωτίου*

2453 3900 2512 3953 ὃν
2569 3899 2728 3951 πλέον
2764 3898 2865 3969 τῆς
2923 3899 3191 3968 σαρκικῆς
3243 3896 3523 3965 εὐγενείας
3575 3899 3607 3966 ἡ
3662 3895 3807 3948 κατά
3858 3896 4035 3965 ψυχὴν

2455 3993 2617 4059 ἐτίμα
2642 3991 2889 4059 εὐγένεια
2924 3992 2984 4043 τό
3008 4008 3067 4044 τε
3093 3991 3191 4058 τῆς
3220 3990 3548 4060 διακρίσεως
3578 3989 3710 4041 εὐθὺ
3739 3992 3834 4041 καὶ
3857 3990 3916 4041 τὸ
3937 3988 4034 4041 τοῦ

2456 4084 2752 4153 προσώπου
2784 4084 2976 4152 χαρίεν
3011 4082 3071 4134 τὸ
3101 4082 3322 4150 μέτριόν
3349 4098 3407 4133 τε
3444 4079 3537 4132 τοῦ
3567 4081 3916 4150 φρονήματος
3942 4082 4035 4131 καὶ

2455 4172 2549 4226 τοῦ
2580 4174 2772 4244 ἦθουςο
2813 4172 2903 4223 τὸν
2941 4173 3039 4239 μὲν
3068 4171 3177 4241 γὰρ
3218 4169 3376 4237 λόγον
3430 4164 3545 4237 εἶχε
3572 4168 3903 4237 γλυκύτερον
3938 4168 4037 4235 μέο

2456 4266 2599 4327 λιτος
2648 4262 3043 4326 ἁποστάζοντα,
3111 4261 3170 4314 τὸ
3216 4256 3347 4330 ἦθος
3378 4260 3576 4327 πάγιον
3616 4258 3711 4313 καὶ
3741 4258 4034 4327 σταθηρδν,

2455 4358 2515 4411 τὸ
2547 4358 2603 4411 δὲ
2649 4358 2904 4429 φρόνημα
2948 4354 3085 4408 πολὺ
3127 4353 3356 4423 φυσικὸν
3400 4354 3496 4406 καὶ
3525 4353 3803 4405 ταπεινόν.
3838 4350 4037 4404 Τοῦτον

2456 4448 2521 4518 δὴ
2563 4446 2655 4500 τὸν
2683 4447 2928 4514 ἀοίδιμον
2952 4446 3313 4506 ἀδιαλείπτως
3340 4443 3457 4512 μεθ’
3484 4441 3680 4495 ἐαυτοῦ
3702 4439 3860 4510 εἶχεν
3890 4447 3916 4494 δ
3943 4442 4037 4509 βα-

2381 4528 2433 4587 Ῑ)
2462 4540 2665 4603 σιλεὺς,
2696 4539 2920 4603 κανόνα,
2945 4537 3021 4601 ὠς
3052 4538 3116 4590 ἄν
3145 4553 3230 4599 τις
3280 4535 3444 4597 εἴποι,
3488 4534 3582 4585 τὸν
3609 4533 3777 4585 αὑτοῦ
3809 4534 3926 4600 βίον
3956 4533 4039 4584 ἀεὶ

2458 4632 2815 4706 ρυθμίζοντα.
2859 4624 3028 4692 Οὗτος
3068 4629 3239 4681 πολλὰ
3269 4627 3506 4697 παρῄνει
3562 4625 3641 4695 τῷ
3686 4624 3902 4693 βασιλεῖ
3933 4626 4039 4677 τῶν

2456 4727 2664 4780 παίδων
2692 4724 3073 4793 ἐπιμελεῖσθαι
3126 4723 3220 4774 καὶ
3284 4721 3359 4789 μὴ
3408 4719 3768 4779 ἀπαιδεύτους
3825 4719 3923 4786 ἐᾷν
3963 4718 4041 4775 εἰς

2456 4820 2720 4888 πονηρίαν
2746 4816 3117 4878 ἐκκλίνοντας,
3161 4814 3233 4883 μή
3271 4829 3399 4864 ποτε
3443 4812 3537 4863 καὶ
3570 4810 3733 4871 αὐτὸς
3768 4809 3937 4861 πάθοι
3984 4808 4040 4858 τὸ

2454 4914 2548 4966 τοῦ
2579 4911 2730 4973 Ἠλὶ,
2787 4910 3059 4979 τιμωρίαν
3114 4906 3334 4966 ἐκτίσας
3365 4905 3504 4971 ὑπὲρ
3551 4903 3653 4971 τῆς
3694 4902 3805 4954 τῶν
3834 4902 4041 4954 παίδων

2460 5006 2828 5077 παρανομίας.
2889 5005 2952 5056 Ὃ
2994 5002 3087 5055 καὶ
3138 5000 3351 5068 γέγονε.
3403 4998 3513 5050 Καὶ
3543 4998 3653 5065 γὰρ
3702 4998 3811 5065 προ
3842 4995 4041 5063 ὀλίγων

2460 5097 2684 5169 ἡμερῶν
2716 5095 2937 5156 τούτων,
2969 5095 3184 5146 πάντων
3215 5087 3685 5157 καθιστορούντων
3714 5088 3808 5137 τὸν
3834 5086 4039 5154 ἀχρανο

2458 5210 2549 5244 τον
2572 5188 2897 5260 χαρακτῆρα
2943 5187 3001 5237 ὲν
3037 5183 3114 5254 τῷ
3144 5183 3280 5251 ἁγίῳ
3312 5180 3595 5248 ἐκμαγείῳ
3651 5178 3747 5230 τοῦ
3786 5178 3918 5230 Υἰοῦ
3948 5176 4037 5228 τοῦ

2458 5284 2618 5346 Θεοῦ,
2654 5281 2839 5348 ἔλεγον
2892 5280 2941 5331 οἱ
2973 5276 3079 5329 υἱοὶ
3111 5275 3205 5328 τοῦ
3240 5274 3499 5343 βασιλέως
3538 5272 3614 5343 μὴ
3658 5271 3881 5340 βλέπειν
3916 5288 3966 5322 τι
4009 5270 4038 5337 ἦ

2464 5376 2755 5447 πρόσωπον
2788 5373 2971 5441 μόνον,
2997 5373 3026 5423 δ
3051 5369 3108 5422 δέ
3136 5366 3389 5437 γαμϐρὸς
3409 5366 3826 5425 Κωνσταντῖνος
3855 5364 4039 5427 ἐλεγεν

2466 5468 2684 5539 βλέπειν
2736 5462 3047 5533 ὀφθαλμοὺς
3082 5460 3176 5513 καὶ
3230 5452 3367 5512 ὦτα.
3409 5455 3553 5525 Πρὸς
3578 5455 3674 5519 οὓς
3702 5455 3795 5508 καὶ
3831 5450 3985 5506 εἶπεν
4014 5453 4041 5503 ὁ

2060 5738 2142 5793 VA
2154 5736 2290 5791 ΒΙᾸΞ
2336 5736 2746 5791 LECTIONES.

857 5829 898 5861 ι’
931 5829 1021 5881 τνῦ
1062 5828 1324 5899 βασιλέως
1355 5831 1376 5884 ?
