4158 6438
172 349 288 417 817

1149 361 1520 424 ANNALES.
1555 390 1621 402 —
1661 368 2076 437 CONSTANT.
2116 374 2492 443 PORPHYR.

3328 390 3434 453 818

246 466 311 519 δ’.
347 467 426 539 Τῇ
459 465 514 519 δέ
547 475 610 521 ιε’
636 469 733 523 τοῦ
778 467 998 525 Ἰουλίου
1051 489 1242 544 μηνος,
1277 480 1379 548 τῆς
1400 476 1455 542 ς’
1493 478 1759 536 ἰνδικτιῶο

1931 490 1985 544 ι.
2016 488 2222 557 Quinto
2241 494 2457 552 decimo
2479 495 2611 554 Julii
2639 498 2865 563 mensis,
2912 502 3216 561 indictione
3262 522 3434 573 sexta.

174 573 287 618 νος,
328 558 609 625 Ῥωμανὸς
641 562 669 613 ὁ
711 560 969 630 βασιλεὺς
1008 568 1067 617 ἐν
1108 569 1172 636 τῇ
1198 568 1347 638 νήσῳ
1384 570 1629 642 τελευτᾷ,
1662 576 1757 628 καὶ

181 646 236 697 τὸ
268 648 431 717 σῶμα
468 651 634 703 αὑτοῦ
665 655 723 704 ἐν
744 656 808 724 τῇ
843 655 994 708 πόλει
1022 657 1373 728 διακομισθὲν
1407 664 1465 716 ἐν
1494 667 1559 734 τῇ
1589 669 1755 722 αὑτοῦ

173 738 417 811 summ;
448 743 604 812 μονῇ.

246 835 309 883 ε’.
345 832 498 884 Μετὰ
535 832 669 901 γοῦν
715 835 776 887 τὸ
806 837 965 906 μόνον
994 838 1421 913 καταλειφθῆναι
1461 848 1550 900 τὸν
1595 852 1752 905 αὐτο-

174 924 425 990 κράτορα
460 927 889 994 Κωνσταντῖνον,
924 933 1339 1003 προεχειρίσατο
1368 938 1643 995 Βασίλειον
1666 944 1757 997 τὸν

175 1016 679 1089 πρωτοϐεστιὰριον
719 1022 906 1088 αὑτοῦ,
957 1024 1049 1078 τὸν
1077 1028 1185 1080 ἀπὸ
1215 1030 1501 1102 παλλακῆς
1530 1040 1756 1103 φυσικὸν

172 1107 290 1159 υἱὸν
355 1109 638 1178 Ῥωμανοῦ
668 1114 762 1165 τοῦ
792 1116 899 1183 πρὸ
942 1119 1108 1172 αὐτοῦ
1142 1121 1430 1190 βασιλέως,
1469 1130 1755 1197 πατρίκιον

173 1198 270 1251 καὶ
334 1205 836 1276 παρακοιμώμενον
895 1210 989 1263 καὶ
1052 1214 1603 1282 παραδυναστεύοντα
1657 1224 1756 1292 τῆς

173 1295 507 1365 συγκλήτου.
545 1295 712 1364 Οὗτος
735 1301 791 1354 δὲ
822 1298 891 1374 ἦν
922 1306 1173 1378 ἐχέφρων
1207 1311 1301 1363 καὶ
1330 1311 1532 1380 λόγιος,
1563 1316 1658 1369 καὶ
1679 1318 1755 1389 τῷ

172 1386 391 1453 βασιλεί
414 1390 473 1441 ἐν
509 1392 673 1444 πᾶσιν
717 1393 1009 1463 ὑπηρετῶν
1054 1399 1246 1463 αἰσίως
1286 1404 1379 1454 καὶ
1411 1407 1751 1473 πρεπόντως.

172 1477 311 1530 Τότε
344 1479 442 1531 καὶ
493 1480 522 1532 ὁ
554 1484 902 1555 πατριάρχης
958 1488 1339 1558 Θεοφύλακτος
1392 1494 1757 1568 ἀρρωστήσας

174 1571 268 1621 καὶ
302 1571 398 1623 ὑπ’
436 1573 603 1642 αὐτῆς
670 1578 979 1647 κυριευθεὶς
1042 1582 1414 1654 ἐτελεύτησεν,
1477 1593 1755 1658 κρατήσας

170 1661 271 1728 τῆς
307 1661 639 1735 Ἐκκλησίας
676 1668 768 1738 ἔτη
795 1670 892 1722 κδ’.
922 1672 1326 1741 Χειροτονείται
1356 1679 1412 1732 δέ
1439 1680 1554 1733 ἀντ’
1588 1685 1753 1738 αὐτοῦ

169 1756 199 1804 ὁ
232 1755 495 1826 ἀνωτέρω
541 1762 827 1829 εἰρημένος
889 1765 1226 1832 Πολύευκτος
1268 1774 1524 1843 μοναχδς,
1574 1777 1754 1846 τίμιος

171 1847 317 1915 ἀνὴρ
346 1851 440 1901 καὶ
466 1852 789 1917 ἁγιώτατος.

248 1937 329 1999 ς’.
365 1939 501 1993 Τότε
527 1944 623 1994 καὶ
652 1945 1027 2001 ἀποπολικῶν
1094 1950 1342 2023 ἐσθήτων
1398 1957 1754 2031 ἀποκεκρυμο

172 2031 356 2097 μένων
377 2031 435 2082 ἕν
479 2049 584 2083 τινι
613 2034 785 2105 γωνίᾳ
814 2037 914 2105 τῆς
945 2038 1153 2104 πόλεως
1182 2043 1526 2113 δηλωθεισῶν
1554 2050 1632 2118 τῷ
1658 2051 1754 2118 βα·

173 2123 338 2183 σιλετ.
373 2124 513 2193 μετὰ
544 2127 724 2195 πάσης
746 2130 912 2198 τιμῆς
936 2131 1031 2185 καὶ
1072 2132 1380 2203 δοξολογίας
1434 2140 1755 2210 ἀνελόμενος

173 2216 368 2279 αὑτὰς,
403 2217 483 2287 τῷ
515 2219 739 2289 μεγάλῳ
765 2222 889 2285 Ϊτῶν
936 2223 1131 2291 Ἀγίων
1184 2228 1523 2284 Ἀποστόλων
1549 2234 1756 2305 ἀπεθη-

173 2308 411 2379 σαύρισε
452 2311 588 2382 ναῷ.
614 2314 720 2366 Καὶ
768 2314 838 2367 τὰ
872 2314 1098 2384 λείψανα
1122 2318 1217 2371 τοῦ
1250 2321 1515 2390 Θεολὸγου
1548 2325 1756 2395 Γρηγο-

174 2402 317 2469 pinu,
348 2402 384 2456 ἃ.
415 2403 511 2457 καὶ
561 2406 888 2476 μερισθέντα
930 2410 998 2463 τὰ
1046 2410 1147 2480 μὲν
1199 2414 1259 2464 ἐν
1312 2413 1388 2484 τῷ
1442 2416 1593 2487 σηκῷ
1645 2420 1756 2472 τῶν

178 2493 391 2560 Ἀγεων
442 2496 781 2552 Ἀποστόλων
814 2501 1099 2571 ἐτέθησαν,
1132 2504 1199 2558 τὰ
1238 2504 1295 2557 δέ
1328 2507 1386 2558 ἐν
1410 2507 1485 2577 τῷ
1527 2511 1637 2580 ναῷ
1656 2512 1755 2580 τῆς

183 2583 383 2652 Ἀγίας
417 2588 695 2660 μάρτυρος
741 2592 1120 2658 ’Δναστασέας.

250 2677 316 2742 ζ’.
365 2678 426 2732 Ὀ
450 2682 629 2734 τοίνυν
651 2682 902 2751 βασιλεὺς
930 2686 1105 2739 διὰτὸ
1156 2688 1250 2741 τὸν
1310 2690 1611 2761 μάγιστρον
1663 2693 1757 2746 καὶ

176 2766 506 2834 doptatth
535 2770 645 2823 τῶν
673 2773 901 2841 σχολῶν,
954 2775 1169 2845 Βάρδαν
1195 2778 1287 2830 τὸν
1310 2781 1502 2832 Φωκᾶν
1527 2781 1758 2852 λεγόμε-

174 2876 288 2919 νον,
320 2861 403 2923 εἰς
430 2859 609 2930 γῆρας
638 2862 828 2917 ἐλάσαι
858 2866 952 2918 καὶ
977 2866 1251 2931 ἀδυνάτως
1291 2869 1426 2940 πρὸς
1470 2874 1597 2936 τοὺς
1664 2873 1757 2927 κό-

180 2967 315 3014 πους
341 2950 507 3019 ἐχειν,
546 2950 629 3024 [Ρ.
662 2954 792 3028 496]
842 2955 935 3010 τοῦ
957 2958 1344 3027 δομεστικάτου
1374 2964 1643 3029 ἁποκινεῖ,
1663 2967 1759 3019 καὶ

178 3045 296 3096 ἀντ’
317 3045 487 3097 αὑτοῦ
520 3046 885 3116 προϐάλλεται
935 3050 1253 3122 δομέστικον
1289 3057 1605 3128 Νικηφόρον
1652 3078 1759 3114 πα-

180 3138 397 3206 τρίκιον
422 3141 521 3193 καὶ
559 3143 865 3213 στρατηγὸν
918 3146 1027 3198 τῶν
1069 3147 1448 3216 Ἀνατολικῶν,
1508 3155 1600 3207 τὸν
1646 3154 1760 3207 υἱὸν

182 3228 379 3284 αὑτοῦ.
432 3228 708 3293 Ὡσαύτως
735 3234 829 3286 καὶ
877 3235 1169 3305 πατρίκιον
1197 3240 1418 3305 Λέοντα,
1452 3242 1541 3295 τὸν
1570 3244 1758 3298 τούτου

180 3320 545 3388 αὐτάδελφον,
575 3325 880 3393 στρατηγὸν
904 3327 1014 3379 τῶν
1058 3330 1303 3384 Δυτικῶν
1333 3334 1757 3404 προχειρίζεται.

182 3413 381 3479 Γέγονε
404 3416 460 3467 δὲ
500 3416 829 3486 ἐμπρησμὸς
850 3419 1025 3487 μέγας
1078 3424 1304 3490 πλησίον
1350 3426 1444 3478 τοῦ
1495 3426 1624 3479 ναοῦ
1667 3428 1761 3481 τοῦ

196 3506 382 3573 ’Δγιου
407 3507 580 3577 θωμᾶ
637 3509 712 3573 ὡς
755 3510 1058 3582 καῆναιτὸν
1082 3514 1308 3583 ἔμϐολον
1343 3520 1432 3569 τὸν
1490 3519 1622 3589 πρὸς
1667 3521 1762 3591 τὴν

184 3598 422 3668 Σιδηρίν
454 3599 687 3670 πόρταν.

256 3697 329 3762 η’.
374 3693 571 3747 ’ἰστέον
595 3694 651 3747 δὲ
682 3696 765 3748 ὅτι
809 3695 887 3766 τῷ
924 3697 983 3750 ιδ’
1012 3697 1124 3750 ἔτει
1165 3700 1262 3768 τῆς
1294 3701 1569 3770 βασιλείας
1614 3708 1764 3759 Κων-

186 3784 473 3838 σταντίνου
544 3785 640 3839 τοῦ
713 3786 1229 3859 Πορφυρογεννήτου
1285 3793 1599 3859 (δεκαπέντε
1656 3800 1764 3870 γὰρ

186 3876 517 3947 ἐκράτησεν)
556 3878 820 3947 ἐγεννήθη
841 3879 869 3930 ό
912 3879 1165 3948 βασιλεὺς
1190 3883 1466 3948 Βασίλειος
1492 3889 1519 3940 ὁ
1545 3889 1766 3957 ἔκγονος

185 3970 378 4035 αὐτοῦ,
410 3971 525 4035 υἱὸς
554 3971 611 4024 δέ
660 3970 940 4040 Ῥωμανοῦ
976 3973 1075 4028 τοῦ
1119 3977 1234 4029 υἱοῦ
1286 3978 1472 4046 αὑτοῦ.
1529 3981 1649 4033 Τῶν
1708 3982 1765 4035 δέ

188 4062 454 4131 Τούρκων
510 4061 970 4133 καταδραμόντων
1029 4066 1191 4136 μέχρι
1231 4068 1333 4137 τῆς
1381 4070 1583 4134 πόλεως
1615 4074 1672 4126 ἐν
1697 4077 1765 4145 τῇ

188 4159 353 4228 ἑορτῇ
376 4155 470 4208 τοῦ
505 4156 715 4226 Πάσχα,
750 4158 845 4209 καὶ
877 4157 1223 4228 ληῐσαμὲνων
1252 4163 1434 4214 πᾶσαν
1483 4165 1580 4234 τὴν
1622 4164 1769 4234 Θρᾴυ

188 4268 316 4320 κην,
354 4252 445 4303 καὶ
472 4251 706 4316 πραῖδαν
761 4249 961 4318 πολλὴν
1009 4250 1282 4316 λαόόντες,
1310 4255 1340 4306 ό
1384 4254 1637 4324 βασιλεὺς
1680 4259 1769 4309 εὐ-

190 4344 285 4403 Θὺς
303 4342 397 4395 τὸν
428 4340 717 4412 πατρίκιον
765 4343 859 4394 καὶ
903 4342 1224 4412 ὣμέστικον
1275 4343 1387 4396 τῶν
1436 4345 1769 4411 ἐξκουϐίτων

192 4437 365 4489 Πόθον
392 4436 484 4487 τὸν
519 4435 780 4505 Ἀργυρὸν
837 4435 976 4504 μετὰ
1018 4435 1113 4488 τοῦ
1154 4435 1434 4505 τάγματος
1468 4437 1632 4490 αὑτοῦ
1678 4439 1770 4491 καὶ

1861 581 2142 640 Romanus
2180 588 2481 656 imperator
2513 591 2568 645 in
2599 592 2779 647 insula
2808 596 3048 650 moritur
3074 616 3087 663 ;
3119 601 3239 669 ejus
3273 602 3438 657 cada-

1859 690 1956 727 ver
1985 676 2039 729 in
2070 679 2263 733 urbem
2294 679 2559 747 delatum,
2596 684 2650 737 in
2682 685 2859 754 ipsius
2881 693 3223 744 monasterio
3268 694 3437 764 depo-

1858 767 2023 821 situm
2050 780 2151 825 est.

1931 861 1984 914 5.
2024 861 2185 917 Solus
2217 865 2386 935 igitur
2432 868 2733 938 imperator
2782 873 3007 928 relictus
3040 874 3434 935 Constantinus

1858 953 2118 1008 Basilium
2149 959 2636 1024 protovestiarium
2674 980 2857 1025 suum,
2896 964 3150 1032 Romani,
3188 970 3279 1037 qui
3311 979 3438 1024 ante

1859 1046 2037 1114 ipsum
2073 1048 2362 1116 imperium
2400 1064 2666 1121 gesserat,
2697 1071 2761 1109 ex
2788 1058 2980 1125 pellice
3030 1061 3338 1116 naturalem
3376 1063 3436 1115 ii-

1857 1138 2016 1199 lium,
2053 1141 2347 1207 patricium
2391 1155 2544 1200 creat
2583 1156 2640 1201 et
2680 1148 3055 1204 aceubitorem
3102 1168 3166 1207 ae
3213 1165 3440 1209 senatus

1858 1228 2187 1297 principem.
2216 1231 2349 1285 Erat
2374 1250 2506 1288 vero
2531 1237 2616 1290 vir
2649 1238 2894 1307 prudens
2927 1249 3093 1309 atque
3138 1243 3430 1312 eloquens,

1856 1320 2065 1389 quique
2100 1322 2157 1376 in
2185 1325 2442 1379 omnibus
2477 1328 2637 1397 755
2660 1330 2895 1385 solerter
2932 1347 2999 1387 ac
3024 1333 3224 1389 decore
3260 1336 3436 1406 impe-

1857 1414 2025 1466 ratori
2049 1414 2471 1483 obsequeretur.
2506 1418 2660 1475 Tunc
2682 1437 2901 1492 quoque
2932 1427 3243 1495 patriarcha
3268 1428 3439 1484 Theo-

1857 1504 2145 1574 pliylactus
2170 1508 2221 1561 in
2253 1509 2508 1564 morbum
2535 1512 2725 1582 lapsus
2742 1532 2921 1584 eoque
2943 1519 3271 1586 praevalente
3297 1536 3442 1574 inor-

1859 1597 1985 1644 tuus
2014 1602 2118 1658 est,
2147 1608 2273 1648 eum
2316 1597 2393 1651 illi
2426 1599 2541 1655 sedi
2570 1604 2730 1657 annis
2775 1614 3012 1672 quatuor
3046 1623 3212 1676 supra
3242 1609 3434 1679 viginti

1856 1683 2189 1748 praefuisset.
2237 1686 2371 1759 Ejus
2424 1691 2547 1745 loco
2601 1695 2912 1763 ordinatur,
2961 1701 3119 1770 cujus
3165 1702 3325 1757 nobis
3377 1704 3434 1757 in

1855 1776 2240 1841 superioribus
2283 1780 2427 1836 facta
2472 1787 2678 1840 mentio
2727 1798 2833 1847 est.
2883 1791 3214 1863 Polyeuctus
3243 1810 3435 1849 mona-

1785 1851 1829 1906 Β
1855 1864 2013 1929 chus,
2041 1867 2127 1921 vir
2161 1873 2488 1929 venerabilis
2520 1886 2575 1929 et
2605 1880 3004 1937 sanctissimus.

1928 1959 1981 2012 6.
2018 1960 2118 2015 Per
2152 1962 2206 2016 id
2258 1975 2496 2035 tempus,
2534 1985 2656 2037 quas
2691 1972 2745 2025 in
2777 1975 3015 2042 quodam
3049 1976 3202 2033 urbis
3231 1981 3434 2050 angulo

1856 2049 2188 2108 delituerant
2223 2059 2536 2124 apostolicae
2561 2071 2741 2118 vestes
2764 2074 2819 2119 et
2849 2068 3087 2135 palliola,
3120 2049 3433 2139 imperatori

1858 2145 2169 2201 innotuere.
2204 2146 2366 2203 Omni
2405 2152 2588 2222 itaque
2620 2170 2815 2226 pompa
2851 2159 3277 2232 divinorumque
3302 2180 3433 2219 can—

1859 2235 2089 2288 ticorum
2137 2238 2457 2296 celebritate
2503 2244 2718 2299 sublata
2767 2248 2820 2301 in
2869 2264 3067 2319 magno
3107 2252 3434 2309 Sanctorum

1858 2327 2244 2392 Apostoiorum
2282 2331 2486 2399 templo
2518 2336 2871 2400 recondidit;
2911 2341 2987 2395 uti
3038 2342 3202 2397 etiam
3251 2360 3436 2399 sacras

1855 2417 2080 2471 exuvias
2113 2418 2397 2491 Theologi,
2422 2438 2653 2491 quarum
2687 2443 2813 2496 pars
2848 2430 2903 2483 in
2944 2431 3267 2488 Sanctorum
3289 2437 3436 2505 Apo-

1857 2509 2124 2565 stolorum
2171 2511 2422 2580 delubro,
2461 2533 2589 2586 pars
2625 2519 2679 2574 in
2712 2520 2927 2579 Sancta
2960 2524 3263 2584 Anastasias
3296 2545 3438 2584 mar-

1861 2603 1993 2672 tyris
2024 2606 2211 2672 posita:
2231 2618 2377 2680 sunt.

1933 2695 1981 2749 7.
2019 2698 2175 2761 Quod
2205 2711 2388 2756 autem
2407 2704 2611 2761 Bardas
2633 2709 2846 2767 Pbocas
2875 2712 3204 2783 magisteret
3223 2714 3439 2771 schola-

1861 2801 1981 2839 rum
2014 2787 2353 2848 domesticus
2386 2797 2547 2853 annis
2579 2802 2762 2869 gravis
2798 2812 2937 2866 erat,
2990 2821 3091 2861 nec
3118 2822 3232 2877 pm
3278 2817 3437 2864 aetate

1857 2875 1977 2941 ejus
2003 2880 2248 2935 muneris
2274 2881 2559 2941 laboribus
2578 2889 2711 2944 satis
2734 2906 2831 2959 par
2858 2902 2998 2959 erat,
3032 2875 3328 2966 imperator
3346 2897 3438 2952 illo

1860 2976 2063 3030 amoto,
2096 2968 2270 3039 ipsius
2298 2974 2421 3030 loco
2446 2977 2817 3048 Nicephorum
2845 2986 3131 3054 patricium
3159 2997 3211 3042 et
3236 2989 3438 3043 Orien-

1863 3058 2052 3113 talium
2093 3061 2310 3129 ducem,
2358 3068 2480 3137 ejus
2534 3069 2727 3135 tilium,
2770 3074 3135 3133 domesticum
3189 3079 3436 3148 praeﬁcit.

1787 3188 1828 3243 Ο
1865 3150 2130 3243 Similiter
2172 3171 2393 3227 quoque
2422 3160 2661 3218 Leonem
2697 3168 2990 3235 patricium
3028 3170 3175 3226 illius
3208 3171 3436 3227 fratrem

1862 3242 2297 3303 Occidentalium
2341 3251 2534 3308 ducem
2584 3256 2842 3314 instituit.
2890 3262 3086 3332 Ingens
3128 3279 3259 3319 vero
3292 3265 3439 3319 haud

1862 3334 2020 3404 longe
2049 3352 2079 3392 a
2109 3342 2311 3409 templo
2340 3343 2395 3398 S.
2426 3344 2651 3404 Tliomte
2679 3353 2908 3420 contigit
2935 3354 3271 3421 incendium,
3303 3358 3440 3413 adeo

1866 3436 1925 3480 ut
1956 3432 2199 3497 porticus
2230 3451 2352 3504 quae
2395 3438 2463 3491 ad
2492 3450 2705 3509 portam
2740 3443 2995 3501 Ferream
3026 3446 3177 3503 ducit
3209 3450 3440 3506 combu-

1865 3533 2098 3579 rcrelur.

1936 3702 1988 3757 8.
2016 3701 2429 3764 Observandum
2453 3727 2586 3768 vero
2608 3731 2753 3772 anno
2773 3730 2972 3787 quarto
2992 3722 3205 3777 decimo
3226 3724 3443 3794 imperii

1864 3793 2208 3850 Constantini
2234 3799 2734 3874 Porphyrogenueti
2761 3808 3094 3877 (quindecim
3118 3814 3269 3866 enim
3287 3793 3447 3869 annis

1868 3901 2057 3939 rerum
2070 3890 2276 3957 potitus
2291 3894 2395 3962 est)
2415 3904 2600 3951 natum
2623 3914 2744 3954 esse
2771 3902 2891 3969 ejus
2912 3912 3164 3973 nepotem
3185 3906 3443 3961 Basiliam

1869 3977 2273 4046 imperatorem,
2313 3984 2543 4041 Romani
2577 3990 2695 4059 ejus
2723 3990 2819 4045 ﬁlii
2854 3992 3048 4048 lilium.
3076 3995 3271 4051 Turcis
3312 4013 3446 4052 vero

1870 4065 2035 4139 756
2058 4069 2127 4124 ad
2158 4071 2328 4140 ipsam
2361 4090 2533 4145 usque
2580 4081 2770 4135 urbem
2801 4098 2899 4151 per
2923 4084 3145 4140 Pascha:
3178 4088 3445 4143 solemnia

1867 4164 2286 4219 excurrentibus
2326 4166 2725 4242 Thraciamque
2769 4188 2988 4230 omnem
3028 4177 3443 4245 populantibus,

1869 4266 1933 4305 ac
1968 4268 2091 4306 eum
2135 4257 2361 4312 multam
2390 4261 2634 4331 egissent
2666 4264 2925 4333 przedam,
2953 4268 3105 4321 misit
3129 4271 3312 4323 statim
3346 4272 3446 4325 iiu-

1870 4353 2092 4413 perator
2108 4347 2341 4403 Pothum
2365 4352 2634 4423 Argyrum
2662 4357 2948 4425 patricium
2977 4375 3041 4414 ac
3061 4360 3443 4416 excubitorum

1874 4439 2235 4495 domesticum
2269 4458 2394 4498 cum
2431 4447 2675 4517 subjecta
2726 4449 2802 4502 illi
2845 4451 3079 4521 legione,
3116 4453 3445 4509 bucellario-

187 4531 280 4583 τοῦ
314 4528 626 4600 στρατηγοῦ
646 4530 753 4580 τῶν
772 4527 1138 4599 βουκελαρῐων
1163 4531 1260 4582 καὶ
1286 4528 1383 4583 τοῦ
1414 4531 1655 4600 ὐψικίου
1674 4532 1761 4585 καὶ

1875 4546 2102 4599 rumque
2124 4543 2179 4587 et
2205 4534 2409 4603 Opsicii
2438 4546 2493 4590 et
2524 4538 2805 4595 'l'bracesii
2835 4542 3023 4608 duces,
3049 4545 3141 4612 qui
3167 4561 3197 4600 e
3219 4548 3447 4617 vestigio

189 4624 511 4693 Θρᾳκησξου
550 4623 690 4675 κατὰ
722 4622 888 4685 πόδας
918 4622 1100 4677 αὐτῶν
1148 4623 1558 4687 ἐξαπέστειλεν·
1600 4626 1648 4678 οἳ
1675 4628 1768 4679 καὶ

190 4718 388 4778 νυκτὸς
417 4717 768 4779 ἐπιπεσόντες
783 4716 1127 4786 κατέσφαξαν
1147 4718 1370 4784 αὐτοὺς,
1394 4717 1648 4782 λαϐόντες
1675 4720 1769 4771 καὶ

191 4811 291 4881 τὴν
320 4808 555 4877 πραῖδαν
583 4808 680 4860 καὶ
709 4807 807 4876 τὴν
837 4808 1212 4878 αἰχμαλωσίαν
1232 4812 1433 4864 πᾶσαν.

262 4902 333 4955 θ’.
373 4899 513 4953 Φασὶ
539 4900 597 4952 δὲ
619 4900 701 4952 ὅτι
728 4901 807 4961 εἰς
834 4899 935 4968 τὴν
978 4901 1228 4969 γέννησιν
1267 4899 1361 4953 τοῦ
1390 4902 1770 4970 Πορφυρογεν-

194 4997 359 5064 νήτου
391 4992 645 5063 λαμπρὸς
672 4992 848 5062 ἀστὴρ
889 4992 1063 5061 ἐφάνη
1095 4992 1187 5046 ἐπὶ
1215 4994 1431 5066 ἡμέρας
1468 4992 1521 5063 μ’
1544 4995 1638 5048 καὶ
1666 4994 1771 5049 πὰο

191 5086 271 5141 λ.ν
309 5085 405 5138 ἐπὶ
433 5087 499 5154 τῇ
531 5084 787 5153 κοιμήσει
816 5084 910 5136 καὶ
940 5083 1105 5155 ἐξόδῳ
1141 5085 1305 5137 αὐτοῦ
1344 5086 1549 5155 ἀστέρα
1599 5087 1767 5155 φανῆ-

190 5195 277 5232 νιι
310 5178 566 5248 ἀμαυρὸν
598 5177 791 5247 ἔχοντα
815 5176 951 5246 φῶς.
978 5179 1217 5249 Τελευτᾷ
1240 5176 1333 5233 οὖν
1384 5183 1637 5252 νοσήσας,
1672 5197 1771 5233 πε-

197 5270 444 5341 ποιηκὼς
468 5270 693 5341 βασιλέα
709 5271 800 5323 τὸν
823 5271 937 5323 υἱὸν
975 5272 1141 5325 αὐτοῦ
1187 5273 1491 5342 Ῥωμανὸν,
1534 5275 1629 5328 καὶ
1673 5275 1772 5328 θά-

198 5378 393 5414 πτεται
415 5362 474 5413 ἐν
505 5359 584 5430 τῷ
632 5359 748 5430 ναῷ
808 5360 918 5414 τῶν
979 5362 1175 5428 Ἀγίων
1234 5363 1576 5416 Ἀποσιόλων
1634 5366 1773 5433 μετὰ

199 5451 429 5513 Λέοντος
463 5449 730 5520 βασιλέως
760 5450 854 5504 τοῦ
882 5452 1088 5523 πατρὸς
1121 5452 1309 5505 αὐτοῦ.
1332 5448 1439 5505 Ἦν
1482 5452 1536 5505 δὲ
1562 5456 1626 5525 τῇ
1661 5455 1773 5525 ἰδέᾳ

200 5544 449 5614 εὐμήκης
472 5542 573 5612 τὴν
606 5542 842 5611 ἠλικίαν,
874 5541 1064 5607 λευκὸς
1105 5544 1204 5614 τὴν
1258 5543 1470 5615 χροιὰν,
1506 5544 1769 5611 εὐόφθαλο

207 5652 323 5699 μος,
391 5635 665 5705 χαροποὺς
737 5633 878 5703 ἔχων
924 5635 1050 5696 τοὺς
1133 5633 1465 5721 ὀφθαλμοὺς,
1564 5636 1771 5704 γρυπὸς

201 5730 322 5796 ἦτοι
399 5727 603 5799 ἐπῐριν,
638 5727 1131 5796 μακροπρόσωπος,
1171 5726 1643 5795 μακροτράχηλος,
1680 5727 1769 5778 εὑ-

210 5823 303 5888 ρὺς
352 5819 478 5882 τοὺς
534 5818 737 5888 ὤμους,
792 5817 1205 5888 φιλοτράπεζος,
1304 5816 1556 5889 φίλοινος,
1643 5816 1771 5889 ἡδὺς

1869 4639 1964 4677 eos
1996 4624 2418 4695 insequerentur
2442 4648 2457 4694 ;
2481 4641 2755 4701 noctuque
2785 4633 3059 4689 irruentes
3087 4652 3278 4690 eorum
3307 4648 3446 4693 stra—

1870 4730 1990 4784 gem
2036 4716 2287 4772 fecerunt
2336 4731 2393 4773 et
2439 4723 2915 4789 contrucidarunt,
2964 4728 3335 4797 praedamque,
3382 4746 3445 4784 ac

1872 4817 2141 4877 quotquot
2165 4812 2409 4879 captivos
2445 4813 2742 4880 habebant,
2770 4828 3115 4886 receperunt.

1942 4897 1993 4952 9.
2030 4899 2219 4961 Aiunt,
2255 4918 2365 4971 quo
2391 4914 2634 4974 tempore
2660 4917 2821 4962 natus
2842 4917 2926 4963 est
2956 4910 3446 4981 Porphyrogenne-

1876 5000 1981 5050 tus.
2027 4993 2526 5066 splendidojubare
2564 5002 2777 5056 stellam
2825 4988 3166 5073 conspectam
3192 5022 3349 5063 esse:
3385 5023 3446 5059 ac

1874 5095 2065 5134 rursus
2098 5098 2208 5151 quo
2264 5084 2601 5141 obdormivit
2646 5105 2711 5143 ac
2758 5092 2895 5144 vivis
2929 5095 3183 5154 excessit,
3232 5096 3442 5148 stellam

1874 5170 2193 5238 apparuisse
2222 5172 2477 5249 obscuris
2504 5176 2672 5232 radiis
2713 5179 2965 5250 tristique
3001 5181 3223 5235 micatu.
3254 5183 3446 5237 Extre-

1875 5276 2023 5315 mum
2052 5278 2183 5333 ergo
2224 5265 2513 5333 laborans,
2554 5284 2617 5324 ac
2649 5270 2896 5325 Romano
2943 5272 3056 5327 ﬁlio
3112 5272 3444 5341 imperatore

1874 5366 2077 5420 creato,
2113 5357 2312 5413 elllavit
2345 5361 2579 5414 animam
2607 5379 2619 5423 ;
2652 5364 2816 5431 inque
2852 5365 3176 5419 Sanctorum
3216 5366 3443 5434 Aposto-

1875 5449 2050 5502 lorum
2085 5450 2286 5520 templo
2313 5466 2436 5505 eum
2466 5450 2645 5507 Leone
2676 5463 2827 5521 patre
2855 5470 2955 5507 suo
2988 5456 3271 5524 sepelitur.
3319 5456 3446 5509 Erat

1874 5552 2081 5595 statura
2137 5558 2434 5611 procerus,
2484 5544 2722 5597 candore
2774 5546 2990 5610 niveus,
3050 5548 3225 5615 plenis
3273 5549 3447 5601 oculis

1875 5634 2152 5704 gratisque
2190 5635 2516 5694 luminibus,
2558 5650 2688 5689 naso
2727 5638 2991 5706 aquilino,
3027 5639 3264 5707 oblonga
3292 5639 3443 5692 vultu

1875 5744 1937 5781 ac
1971 5726 2132 5785 collo,
2181 5727 2305 5781 latis
2337 5727 2602 5790 humeris,
2642 5744 2954 5781 mensarum
2987 5745 3175 5781 amans
3218 5744 3279 5781 ac
3310 5729 3444 5786 vini.

1876 5818 2093 5888 eloquio
2124 5819 2317 5873 dulcis.
2351 5818 2491 5873 Vixit
2522 5835 2693 5873 annos
2720 5819 2961 5889 quinque
2988 5836 3150 5889 supra
3181 5819 3447 5888 quinqua—
