4158 6438
174 420 277 483 821

914 416 1375 479 .‘VNALES.--
1408 418 1779 479 ROMANUS
1816 416 2229 483 CONSTANT.
2271 423 2648 482 PORPIIYR.
2689 424 2754 481 F.

3327 419 3433 481 8'22

181 534 402 601 ραννίδα
416 533 511 584 καὶ
533 528 823 585 στάσιντοῦ
853 530 1120 599 ἀντάρτου
1154 530 1483 600 Μωροθωμᾶ
1498 530 1582 600 [Ρ.
1618 526 1742 599 498]
1775 568 1783 587 ι

1886 531 2155 585 xstiterat.
2202 533 2501 586 Fluxerant
2547 530 2677 584 anni
2728 546 2790 584 ex
2832 545 2943 599 quo
2975 531 3093 599 ejus
3147 530 3223 583 illi
3272 530 3436 597 potiti

177 624 273 676 τοῦ
314 622 612 692 συντρόφου
654 622 894 692 Μιχαὴλ,
945 621 1020 683 ὡς
1078 621 1328 688 γενέσθαι
1393 622 1495 692 τὴν
1556 621 1756 687 ταύτης

201 715 365 781 νήσου
396 714 684 781 κράτησιν,
712 712 814 775 ἕως
854 712 1180 781 τῆςήμέρας
1203 706 1269 782 ἧς
1300 712 1460 765 πάλιν
1482 710 1754 779 ὲπορθήθη

180 805 336 870 παρὰ
360 804 672 872 Νικηφόρου
724 802 1024 872 μαγίστρου
1064 802 1155 855 καὶ
1194 802 1512 867 δομεστίκου
1535 801 1757 854 thema”

180 896 277 964 ἔτη
338 900 472 963 ρνη’.
532 895 808 963 ’Υπῆρχον
861 894 916 945 δὲ
949 893 1197 963 χελάνδια
1264 894 1402 961 μετὰ
1439 893 1532 945 τοῦ
1590 891 1758 962 ὑγροῦ

185 989 364 1057 πυρὸς
428 986 495 1056 ,β,
558 986 833 1057 δρόμωνες
884 1005 951 1051 .α,
1013 985 1255 1056 καράβια
1325 987 1620 1057 καματηρὰ
1678 1003 1761 1037 σι-

182 1081 345 1149 τάριν
376 1080 574 1148 ἔχοντα
604 1079 698 1132 καὶ
728 1080 868 1133 ὅπλα
892 1078 1161 1148 πολεμικά
1220 1077 1317 1143 τε.
1386 1078 1626 1147 Ἀπάρας
1673 1073 1763 1129 οὖν

181 1171 285 1238 τῆς
318 1171 585 1239 βασιλίδος
609 1171 963 1241 Νικηφόροςὸ
990 1172 1325 1239 δομέστικος,
1358 1169 1454 1221 καὶ
1472 1167 1765 1234 τὰΦύγελα

184 1264 536 1327 καταλαὸὼν,
573 1264 885 1333 ἐφρόντιζεν
931 1265 1075 1326 ὅπως
1103 1266 1131 1317 ὁ
1161 1262 1381 1332 σύμπας
1412 1262 1595 1322 στόλος
1623 1260 1767 1329 αὑτῷ

185 1357 283 1408 ἐπὶ
308 1357 371 1409 τὸ
399 1356 532 1409 αὐτὸ
553 1357 638 1425 εἴη
665 1358 759 1409 καὶ
784 1355 1227 1427 προσορμίζοιτο.
1262 1354 1476 1424 Σπουδῇ
1527 1349 1620 1406 οὖν
1670 1352 1766 1420 τὴν

187 1447 358 1516 νῆσον
386 1447 901 1517 καταλαμϐάνουσιν
924 1465 939 1480 °
987 1451 1081 1501 καὶ
1130 1448 1448 1501 ἀποϐάντων
1481 1446 1588 1499 τῶν
1630 1446 1766 1497 νεῶν

187 1538 419 1607 χάρακα
452 1540 546 1591 καὶ
580 1539 789 1608 τάφρον
818 1538 1038 1607 βαθεῖαν
1087 1537 1517 1591 κατεσκεύασαν,
1556 1535 1770 1587 Τούτων

185 1629 367 1691 οὕτως
396 1629 928 1701 παρακαθεζομένων
943 1633 1008 1698 τῇ
1041 1629 1209 1699 νήσῳ,
1244 1629 1335 1681 καὶ
1390 1628 1617 1695 ἀπείρου
1669 1643 1773 1695 χει-

193 1720 379 1789 μῶνος
414 1721 505 1773 καὶ
527 1721 686 1773 ὑετοῦ
710 1721 804 1774 καὶ
832 1720 1032 1790 κρύους
1066 1720 1383 1788 γενομένου,
1426 1720 1518 1770 καὶ
1553 1717 1660 1769 τῶν
1689 1734 1772 1767 σι-

188 1812 327 1865 τίων
352 1812 789 1881 δαπανηθέντων,
824 1812 1339 1882 καταναρκήσαντες
1385 1810 1434 1861 οἱ
1488 1808 1579 1861 τοῧ
1608 1824 1771 1875 στρα-

190 1901 290 1954 τοῦ
323 1902 506 1955 οἴκαδε
534 1902 917 1971 ἠϐουλήθησαν
963 1901 1321 1970 ἀναστρέψαι.
1353 1900 1411 1951 Ὀ
1447 1900 1503 1951 δὲ
1549 1896 1775 1950 nemo.

190 2011 362 2057 τατος
391 1995 705 2065 Νικηφόρος
749 1998 843 2049 καὶ
885 1995 1011 2059 δοὺξ
1059 1996 1126 2064 τῇ
1172 1994 1281 2048 τῶν
1331 1993 1504 2061 λόγων
1554 1991 1773 2060 ἡδύτητι

192 2084 429 2147 τούτους
458 2085 743 2156 κατέσχεν.
759 2085 964 2140 Μαθὼν
990 2081 1083 2139 οὖν
1111 2087 1139 2137 ὁ
1166 2084 1415 2153 βασιλεὺς
1438 2084 1535 2152 τήν
1572 2082 1777 2134 ἔνδειαν

194 2175 296 2229 τοῦ
330 2178 562 2245 στρατοῦ
598 2178 943 2247 ἐπισιτισμὸν
1001 2178 1267 2231 παντοίων
1331 2176 1547 2245 τροφῶν
1598 2175 1778 2236 αὐτοῖς

194 2266 727 2323 ἁπέστειλεν.Κατά
758 2268 814 2321 δὲ
871 2268 962 2321 τὸν
1019 2269 1260 2338 Μάρτιον
1322 2267 1467 2335 μῆνα
1532 2264 1769 2333 πολέμου

198 2358 565 2429 κροτηθὺιτος
599 2360 827 2429 σφοδροῦ
860 2362 952 2412 καὶ
1007 2359 1280 2429 καρτερᾶς
1339 2358 1522 2429 μάχης
1555 2357 1784 2426 γενομέ-

199 2468 303 2518 νης
348 2450 655 2520 παρέλαϐον
678 2452 727 2504 οἱ
774 2452 1027 2521 Ῥωμαῖοι
1057 2451 1115 2503 τὸ
1144 2451 1401 2519 κάστρον.

278 2542 353 2609 γ’.
392 2542 481 2595 Ἐν
504 2543 562 2596 δὲ
585 2542 664 2613 τῷ
702 2542 1017 2613 Ὀκτωϐρίῳ
1048 2542 1178 2613 μηνὶ
1230 2542 1325 2594 τοῦ
1382 2541 1425 2612 β’
1481 2540 1632 2603 ἔτους
1687 2541 1784 2609 τῆς

206 2634 491 2703 βασιλείας
534 2634 818 2704 Ῥωμανοιῖ
847 2636 1064 2701 ἐγένετο
1088 2635 1264 2703 σπάνη
1324 2634 1474 2686 σίτου
1522 2635 1616 2685 καὶ
1665 2649 1786 2701 κρι-

203 2728 312 2795 Θῆς
337 2727 395 2778 ὲν
414 2729 484 2793 τῇ
521 2726 708 2779 πόλει·
738 2727 952 2797 ἐπράθη
982 2726 1093 2796 γὰρ
1122 2728 1151 2779 ὁ
1179 2728 1321 2787 σῖτος
1381 2724 1459 2794 τῷ
1497 2724 1787 2792 νομίσματι

208 2818 390 2887 μόδιοι
418 2818 480 2885 δ’,
512 2820 545 2889 ὴ
570 2818 626 2872 δὲ
649 2818 811 2888 κριθὴ
867 2817 1036 2887 μόδιοι
1058 2816 1133 2882 ς’.
1168 2818 1241 2871 Οὐ
1290 2817 1455 2880 πολὺς
1478 2816 1573 2869 οὖν
1603 2815 1789 2885 χρόνος

206 2910 485 2981 παρῆλθε,
513 2911 608 2965 καὶ
637 2912 794 2974 εὐθὺς
821 2910 1052 2979 γέγονεν
1101 2912 1129 2963 ὁ
1181 2911 1325 2973 σῖτος
1376 2909 1549 2979 μόδιοι
1570 2906 1641 2976 η’,
1675 2908 1709 2974 ἡ
1736 2907 1791 2959 δὲ

208 3002 379 3072 κριθὴ
415 3002 588 3072 μόδιοι
620 3002 706 3072 ιβ’.

284 3089 328 3142 δ’
335 3133 352 3146 .
388 3091 477 3161 Τῷ
507 3093 566 3145 δὲ
614 3090 847 3162 Μαρτίῳ
888 3091 1025 3162 μηνὶ·
1051 3089 1403 3162 κατηγορήθη
1442 3090 1721 3152 Βασίλειος
1768 3090 1794 3140 ὁ

1860 631 2043 683 erant,
2074 637 2247 690 usque
2286 621 2414 675 dum
2444 623 2644 675 iterum
2674 636 2704 673 a
2739 620 3048 689 Nicephoro
3086 621 3347 687 magistro
3377 636 3441 672 ac

1861 709 2163 765 domestico
2181 724 2486 780 expugnata
2503 725 2605 776 est,
2630 720 2850 767 centum
2874 713 3266 782 quinquaginta
3291 721 3439 766 octo.

1864 801 2033 855 Erant
2064 804 2352 858 chelandia
2377 805 2397 875 (
2422 806 2503 859 sic
2545 805 2688 858 dicta
2722 804 2925 859 Graecis
2959 804 3216 873 navigia)
3251 804 3440 857 Grmco

1866 892 1990 960 igne
2029 892 2297 947 instructa
2328 894 2439 947 duo
2486 894 2676 957 millia,
2721 893 2938 947 celoces
2965 894 3136 955 mille,
3172 893 3441 945 onerariae

1866 998 2138 1037 annonam
2197 986 2571 1039 convehentes
2618 994 2674 1037 et
2723 1000 2873 1039 arma
2930 984 3127 1038 bellica
3158 992 3443 1037 trecenta-

1867 1074 2169 1143 scxaginta.
2197 1074 2425 1128 Solvens
2467 1076 2652 1143 itaque
2691 1074 2949 1143 Byzantio
2980 1074 3323 1142 Nicephorus
3348 1075 3444 1127 do-

1868 1168 2131 1221 mesticus
2172 1176 2227 1220 et
2261 1168 2492 1238 Phygela
2544 1167 2772 1222 veniens
2815 1167 2919 1221 hoc
2956 1168 3189 1222 maxime
3232 1167 3449 1221 studuit

1868 1260 2127 1326 omnique
2159 1276 2292 1313 cura
2319 1260 2514 1312 enixus
2540 1269 2650 1323 est,
2686 1270 2744 1313 ut
2783 1259 2962 1313 omnis
2986 1259 3148 1329 759
3176 1260 3227 1314 ei
3256 1259 3447 1313 classis

1872 1362 1981 1401 uno
2005 1348 2220 1417 agmine
2253 1358 2508 1403 conserta
2541 1358 2685 1403 esset
2724 1364 2786 1404 ac
2814 1350 3135 1419 appelleret.
3169 1344 3447 1403 Festinato

1873 1440 2054 1507 itaque
2083 1440 2289 1508 impetu
2319 1439 2586 1495 invadunt
2614 1441 2867 1504 insulam,
2905 1442 3247 1509 navibusque
3286 1441 3446 1494 etlusi

1872 1532 2073 1584 vallum
2129 1542 2379 1588 statuunt
2421 1534 2704 1603 altumque
2747 1549 3019 1602 aggerem.
3071 1534 3319 1602 Cumque
3370 1534 3449 1586 sie

1874 1624 2065 1678 insulae
2110 1624 2443 1688 assiderent,
2502 1627 2879 1694 immensaque
2930 1625 3124 1679 hiemis
3173 1626 3254 1679 vis
3286 1634 3449 1698 atque

1875 1716 2072 1784 pluvia:
2101 1718 2336 1787 geluque
2365 1718 2668 1787 ingrueret,
2693 1733 2756 1771 ac
2795 1717 2901 1770 cibi
2937 1717 3211 1785 absumpti
3244 1727 3449 1779 essent,

1875 1809 2229 1877 obtorpenlcs
2253 1810 2456 1864 milites
2469 1809 2691 1863 domum
2713 1809 2893 1863 redire
2916 1809 3246 1878 cogitabant.
3264 1810 3452 1862 Enim-

1878 1914 2008 1951 vero
2048 1899 2445 1954 solertissimus
2484 1901 2569 1953 vir
2608 1900 2951 1967 Nicephorus
2995 1910 3157 1968 atque
3187 1900 3297 1952 dux
3328 1916 3452 1953 ver-

1876 1990 2073 2043 borum
2104 1991 2381 2045 lenocinio
2416 1992 2470 2046 in
2506 1991 2706 2045 castris
2735 1991 2991 2045 detinuit.
3020 1992 3191 2045 Porro
3223 1990 3457 2058 impera—

1878 2084 1985 2146 lor,
2016 2084 2230 2151 cognita
2262 2100 2367 2151 qua
2399 2083 2672 2137 laboraret
2696 2082 2973 2136 exercitus
3002 2081 3252 2150 penuria,
3277 2080 3457 2133 omnis

1879 2174 2094 2242 generis
2122 2175 2399 2243 copiosam
2430 2189 2701 2227 annonam
2735 2173 2999 2241 cibosque
3022 2173 3103 2226 eis
3137 2171 3454 2224 destinavit.

1880 2266 2063 2320 Mense
2108 2277 2291 2320 autem
2327 2267 2541 2331 Martio,
2574 2266 2685 2319 acri
2728 2274 2977 2319 conserta
3013 2280 3189 2334 pugna
3221 2262 3457 2329 bellique

1884 2357 2165 2422 instantia,
2191 2369 2346 2429 capta
2380 2375 2408 2411 a
2452 2358 2713 2412 Romanis
2745 2358 2976 2410 munitio
3002 2366 3106 2410 cst.

1957 2560 2009 2612 3.
2044 2557 2225 2611 Mense
2273 2557 2498 2611 Octobri
2541 2555 2882 2627 insequentis
2919 2556 3046 2609 anni
3084 2552 3310 2608 secundi
3359 2552 3460 2605 im-

1887 2649 2025 2720 perii
2047 2649 2276 2704 Romani
2304 2650 2535 2719 penuria
2559 2650 2729 2704 tritici
2758 2660 2923 2718 atque
2941 2647 3133 2701 hordei
3167 2647 3220 2700 in
3241 2646 3464 2700 civitate

1888 2741 2012 2804 fuit,
2068 2740 2205 2795 adeo
2248 2750 2310 2794 ut
2354 2740 2571 2795 veniret
2615 2740 2861 2793 triticum
2915 2739 3245 2792 numismate
3293 2735 3475 2788 modii.

1889 2840 2143 2899 quatuor,
2178 2830 2448 2886 hordeum
2483 2846 2613 2885 vero
2642 2829 2813 2884 modii
2853 2844 2969 2885 sex.
2999 2827 3154 2881 Haud
3184 2842 3312 2882 vero
3343 2826 3463 2880 Ion-

1891 2937 2019 2991 gum
2050 2923 2360 2976 intercessit
2390 2932 2791 2991 tempus,-cum
2822 2920 3007 2975 statim
3039 2921 3252 2973 minuto
3289 2918 3465 2987 pretio

1895 3012 2137 3083 triticum
2163 3013 2330 3067 modii
2363 3021 2511 3079 octo,
2546 3012 2813 3066 hordeum
2846 3010 3137 3065 duodecim
3164 3009 3356 3063 veniit.

1962 3106 2017 3158 4.
2062 3104 2240 3159 Mense
2272 3105 2465 3159 Martio
2498 3104 2711 3158 delatus
2746 3112 2832 3157 est
2871 3101 3105 3156 Basilius
3136 3102 3364 3156 Petinus
3407 3108 3467 3153 ut

211 3186 472 3248 Πετεινὸς
530 3186 812 3239 ὑπότινων
855 3186 930 3249 ὡς
981 3186 1079 3256 τῆς
1132 3184 1407 3255 βασιλείας
1459 3183 1783 3252 ἐφιέμενος·

1891 3196 1985 3264 qui
2015 3195 2302 3263 imperium
2336 3194 2571 3249 ambiret
2608 3212 2621 3259 ;
2672 3194 2981 3262 missusque
3015 3192 3069 3246 in
3105 3191 3359 3246 exsilium
3391 3188 3465 3243 ibi

213 3280 371 3341 ὅστις
396 3281 454 3331 ὲν
479 3278 662 3349 ἐξορίᾳ
713 3276 1179 3349 παρεπέμφθη,ὲν
1311 3277 1404 3329 καὶ
1450 3274 1696 3343 τελευτᾷ.
1740 3274 1796 3325 Ὀ

214 3372 276 3425 δὲ
304 3372 557 3442 βασιλεὺς
593 3369 779 3440 μαθὼν
798 3370 897 3440 τὴν
941 3372 1041 3439 τῆς
1077 3369 1301 3441 Κρήτης
1350 3368 1796 3433 ἆλωσινὲδὸξασε

214 3467 311 3518 τὸν
341 3465 497 3518 Θεὸν.
520 3462 653 3519 Μετ’
674 3452 746 3516 οὐ
777 3461 912 3516 πολὺ
950 3462 1007 3516 δὲ
1034 3462 1129 3515 καὶ
1149 3462 1179 3513 ὁ
1205 3462 1523 3532 δομέστικος
1545 3460 1654 3513 τῶν
1681 3477 1799 3527 σχο-

214 3556 327 3610 λῶν
356 3556 669 3626 Νικηφόρος
685 3553 931 3607 κελεύσει
951 3552 1043 3607 τοῦ
1068 3552 1328 3621 βασιλέως
1361 3554 1495 3623 πρὸς
1512 3553 1611 3622 τὴν
1639 3552 1796 3605 πόλιν

217 3647 496 3718 εἰσῆλθεν,
518 3646 614 3699 καὶ
634 3644 772 3716 μετὰ
787 3644 897 3700 τῶν
925 3644 1182 3715 λαφύρων
1201 3645 1295 3696 καὶ
1311 3644 1407 3711 τῆς
1426 3642 1799 3713 αἰχμαλωσίας

215 3736 353 3809 ἦλθε
384 3738 527 3809 πεζῇ
552 3738 659 3791 ἀπὸ
705 3735 801 3790 τοῦ
862 3737 1015 3790 οἴκου
1059 3737 1224 3789 αὐτοῦ
1267 3738 1345 3800 εἰς
1401 3736 1460 3789 τὸ
1543 3736 1798 3804 ἱπποδρό-

221 3849 375 3901 μιον,
403 3830 520 3900 ἅμα
541 3828 616 3899 τῷ
658 3829 852 3900 ἀμηρᾷ
877 3828 1099 3899 Κρήτης
1134 3827 1228 3880 τοῦ
1277 3827 1566 3897 λεγομένου
1615 3844 1801 3896 κουρο-

221 3924 468 3977 παλάτου
496 3921 591 3975 καί
641 3921 859 3974 πάντων
894 3919 1005 3972 τῶν
1046 3919 1326 3987 συγγενῶν
1378 3918 1562 3982 αὐτοῦ,
1610 3918 1800 3978 στολάς

218 4017 425 4078 λευκὰς
478 4010 957 4083 περιβεϐλημένων
1034 4009 1254 4063 πάντων
1294 4009 1400 4061 τῶν
1451 4008 1799 4077 Σαρακηνῶν.

222 4107 397 4161 Καὶό
443 4104 542 4172 μὲν
584 4103 883 4173 μάγιστρος
930 4102 1108 4169 τιμῶν
1153 4100 1247 4152 καὶ
1315 4098 1495 4169 γερῶν
1554 4098 1804 4167 μεγάλων

222 4194 438 4267 ἠξιώθη
466 4194 619 4263 παρὰ
666 4191 762 4245 τοῦ
789 4191 1216 4261 αὐτοκράτορος,
1241 4192 1268 4242 ὁ
1296 4190 1516 4261 άμηρᾶς
1565 4190 1621 4241 δὲ
1655 4189 1716 4240 π)
1729 4192 1803 4241 εῖ-

227 4305 333 4340 eta
366 4287 514 4355 δῶρα
542 4286 638 4339 καὶ
669 4285 871 4356 χρυσὸν
902 4284 997 4336 καὶ
1026 4283 1264 4352 ἄργυρον
1326 4282 1480 4352 παρὰ
1510 4280 1602 4335 τοῦ
1649 4280 1805 4352 βασι-

225 4378 371 4443 λέως
397 4377 574 4429 λαεὼν
611 4378 708 4429 σὺν
741 4380 850 4439 τοῖς
880 4376 1089 4435 τέκνοις
1114 4374 1281 4427 αὐτοῦ
1316 4376 1394 4436 εἰς
1430 4374 1609 4443 χωρία
1635 4375 1804 4425 οἰκεῖν

1898 3286 2010 3339 fato
2046 3285 2267 3338 functus
2310 3294 2415 3339 est.
2455 3286 2760 3354 imperator
2817 3286 2910 3338 ubi
2941 3294 3155 3351 captam
3185 3298 3307 3338 esse
3340 3282 3467 3336 Cre-

1899 3386 2007 3433 tam
2066 3379 2339 3449 cognovit,
2406 3379 2516 3432 Deo
2576 3378 2767 3432 laudes
2808 3378 3120 3447 gratiasque
3185 3375 3466 3446 persolvit.

1898 3470 2036 3525 Tum
2060 3472 2207 3525 brevi
2229 3471 2751 3539 etiamNieephorus
2773 3470 3086 3525 scholarum
3106 3468 3462 3531 domesticus,

1901 3562 2246 3632 imperatoris
2295 3564 2450 3631 jussu
2494 3561 2689 3615 urbem
2746 3562 3046 3630 ingressus.
3101 3576 3226 3614 cum
3285 3560 3471 3613 multis

1901 3654 2087 3723 spoliis
2114 3664 2276 3722 atque
2297 3653 2529 3722 captivis
2549 3667 2577 3705 a
2602 3652 2717 3705 suis
2736 3652 2948 3706 aedibus
2966 3652 3033 3704 ad
3057 3650 3277 3705 Circum
3305 3651 3474 3719 pedes

1901 3744 2069 3808 venit,
2110 3760 2217 3797 una
2248 3760 2373 3799 cum
2400 3744 2573 3798 Creta:
2602 3747 2799 3797 Amera
2830 3742 3048 3811 Curope
3080 3745 3301 3796 nomine
3322 3744 3471 3812 ejus-

1902 3850 2008 3903 que
2030 3834 2353 3903 propinquis
2374 3834 2650 3898 omnibus,
2672 3848 2794 3887 cum
2813 3832 2975 3903 760
3002 3831 3257 3886 Saraceni
3285 3847 3474 3886 omnes

1903 3923 2041 3975 albis
2076 3922 2323 3976 vestibus
2368 3922 2543 3976 induti
2589 3932 2795 3976 essent.
2832 3921 2909 3975 Ac
2948 3921 3171 3990 quidem
3214 3921 3475 3987 magister

1904 4015 2141 4068 honores
2163 4029 2467 4083 magnaque
2502 4013 2722 4081 prremia
2757 4012 3104 4081 imperatoris
3146 4010 3474 4065 liberalitate

1903 4115 2232 4161 consecutus
2270 4114 2375 4159 est.
2412 4105 2639 4158 Ameras
2663 4119 2794 4158 vero
2830 4103 2990 4157 donis
3032 4102 3287 4172 plurimis
3316 4118 3476 4156 auro-

1904 4213 2010 4265 que
2060 4207 2225 4266 atque
2276 4205 2503 4265 argento
2533 4195 2603 4248 ab
2648 4197 2977 4265 imperatore
3009 4195 3247 4248 donatus
3271 4194 3475 4263 praedia

1906 4291 2018 4343 ruri
2044 4289 2223 4344 colere
2249 4305 2311 4343 ac
2342 4288 2585 4341 habitare
2615 4287 2913 4355 permissus
2940 4295 3023 4339 est
3056 4303 3068 4337 ι
3120 4286 3264 4353 quod
3302 4295 3475 4336 tamen

1906 4381 2175 4450 baptismo
2202 4380 2403 4433 initiari
2424 4380 2618 4443 noluit,
2650 4379 2701 4431 in
2727 4387 2974 4433 senatum
3009 4378 3232 4429 minime
3258 4385 3477 4442 coopta-

223 4468 735 4539 ιτυνεχωρήθηιείς
764 4466 833 4518 δὲ.
849 4466 948 4536 τὴν
976 4465 1275 4535 σύγκλητον
1323 4465 1423 4517 οὐκ
1477 4464 1783 4517 ἀνεϐιϐάσθη

1912 4482 1997 4524 tus
2030 4480 2131 4524 est.
2175 4472 2340 4524 Porro
2376 4471 2654 4522 Romanus
2702 4469 2997 4535 imperator
3032 4466 3351 4535 magistrum
3382 4464 3477 4516 Ni-

228 4559 321 4618 Ξιᾶ
342 4560 405 4613 τὸ
427 4559 503 4629 μὴ
537 4557 822 4628 βούλεσθαι
847 4557 1043 4618 αὐτοὺς
1070 4555 1453 4624 βαπτισθῆναι.
1491 4556 1549 4608 Ὀ
1569 4556 1623 4608 δὲ
1652 4555 1804 4624 βασι-

220 4650 362 4717 λεὺς
397 4650 676 4721 Ῥωμανὸς
702 4648 1014 4719 Νικηφόρον
1038 4648 1127 4701 τὸν
1156 4648 1453 4717 μάγιστρον
1481 4643 1635 4707 αὖθις
1666 4648 1807 4699 κατὰ

226 4747 337 4817 ,τὴν
384 4742 556 4814 Ἐῴαν
587 4741 965 4806 ἐξαπέστειλεν
994 4738 1135 4793 κατά
1155 4739 1249 4791 τοῦ
1277 4738 1531 4801 ἀλαζόνος
1557 4740 1786 4808 Χαμϐὃᾶ

318 4835 383 4888 Ὀ
407 4834 463 4887 δὲ
485 4832 733 4885 ἀπελθὼν
765 4832 983 4899 πρῶτον
1037 4831 1134 4899 μὲν
1191 4830 1249 4883 τὸ
1309 4831 1515 4882 Χέλεπε
1581 4832 1810 4901 κάστρνιν

236 4926 539 4998 παρέλαϐε,
573 4925 632 4991 ἐξ
660 4916 719 4977 οὗ
754 4924 847 4976 καὶ
886 4923 1139 4993 λαφύρων
1193 4923 1359 4992 πολλὴ
1414 4923 1619 4990 γίνεται
1685 4940 1808 4974 συν-

236 5036 433 5088 αγωγῇ
440 5056 459 5073 .

1915 4564 2213 4631 ecphornm
2247 4563 2441 4613 iterum
2482 4562 2536 4613 in
2566 4560 2846 4613 Orientem
2888 4559 3055 4621 misit,
3100 4566 3157 4609 ut
3188 4554 3478 4608 Chambda-

1915 4654 2282 4722 arrogantiam
2348 4653 2641 4721 frangeret.
2696 4651 3071 4719 Susceptaque
3130 4647 3478 4715 expeditione

1919 4746 2153 4814 primum
2173 4745 2401 4813 Alepum
2430 4743 2622 4797 urbem
2656 4743 2919 4795 munitam
2948 4741 3112 4809 cepit,
3144 4738 3287 4793 unde
3318 4738 3479 4791 etiam

1918 4839 2217 4906 spoliarunt
2249 4838 2358 4891 vim
2391 4851 2644 4906 magnam
2675 4833 2913 4904 collegit.

1550 5126 1779 5181 VARH‘J
1819 5126 2222 5181 LECTIUNES.

314 5250 359 5280 ι’
380 5247 702 5317 δομεστίκου
730 5247 822 5299 τοῦ
861 5247 1023 5302 ίιιωκᾶ
1048 5246 1071 5297 ?
