4158 6438
173 390 283 459 825

1281 394 1477 457 νιτλξ
1517 393 2078 457 RECENTIORUM
2109 397 2316 461 IMPP.

3350 399 3456 466 8‘26

170 506 440 562 δεικνύων
457 507 554 580 τὴν
586 508 711 579 περί
733 506 894 564 αὐτὸν
922 507 1176 578 δύναμιν.
1219 508 1572 574 Ἐπιτελίσας
1604 510 1699 563 καὶ
1719 510 1749 540 “

1872 520 2043 580 porte
2084 526 2304 568 amoeno
2348 512 2469 569 loco
2508 520 2564 568 et
2608 512 2814 584 irriguo
2855 512 3090 585 impuris
3143 513 3453 583 sacriﬁciis,

176 599 386 670 μιαρᾶς
443 600 637 663 Θυσίας
671 602 729 653 ἐν
752 599 830 670 τῷ
861 600 1086 671 λιϐαδίῳ
1121 600 1223 670 τῆς
1277 601 1503 671 Χρυσῆς
1560 602 1770 673 πόρτης

170 694 419 764 ᾐτήσατο
450 692 541 746 καὶ
572 692 663 745 τὸν
690 692 918 762 βασιλέα
947 692 1170 762 εἰρήνην
1199 694 1443 761 ποιῆσαι,
1481 694 1527 746 εί
1559 694 1618 747 τὸ
1640 693 1767 762 δόρυ

169 785 343 838 αὖτοῦ
373 785 535 855 πήξει
559 787 617 837 ἐν
655 787 720 854 τῇ
754 785 945 856 Χρυσῇ
1006 786 1201 854 πόρτῃ.
1239 784 1346 837 Τοῦ
1391 785 1448 839 δέ
1506 783 1767 854 βασιλέως

172 876 250 945 μὴ
274 876 721 946 καταδεξάμενον
754 876 1100 947 ὑπέστρεψεν
1135 878 1215 940 εἰς
1246 878 1346 946 τὴν
1370 878 1506 930 ίδίαν
1536 879 1764 949 σκηνὴν,

171 968 614 1039 ὑπερθαυμάσας
640 970 710 1022 τά
731 968 849 1039 τῆς
880 970 1091 1031 πόλεως
1129 969 1283 1041 τείχη
1320 972 1414 1023 καὶ
1450 970 1550 1042 τὴν
1603 971 1763 1025 εὔτα-

177 1080 311 1116 κτον
357 1062 452 1117 τοῦ
511 1063 776 1133 βασιλέως
822 1063 1151 1133 παράταξιν.
1194 1064 1317 1116 Ἐπὶ
1370 1064 1643 1134 σύμϐασιν
1670 1060 1763 1118 οὖν

171 1156 406 1224 εἰρήνης
436 1155 725 1226 τρέπεται,
771 1158 1158 1225 πειραστικοὺς
1190 1156 1380 1224 λόγους
1416 1158 1757 1228 ποιούμενος.

247 1245 315 1301 δ’.
355 1248 416 1300 ὐ
446 1247 501 1301 δέ
553 1265 617 1315 γε
652 1247 906 1317 βασιλεὺς
959 1250 1215 1319 ἀφορμῆς
1252 1248 1588 1320 δραξάμενος
1614 1253 1761 1303 ἐπει-

172 1338 317 1408 ράθη
351 1338 541 1391 τοῦτον
598 1339 868 1410 λογχῆσαι
905 1340 947 1373 ¹³
970 1354 987 1371 ⁶
1035 1340 1154 1393 ἀλλ’
1184 1342 1263 1405 είς
1320 1342 1494 1414 πέρας
1531 1344 1760 1411 ἀγαγεῖν

170 1427 336 1481 τοῦτο
360 1428 611 1500 ἐκωλύθη
645 1434 712 1499 τῇ
741 1431 855 1481 τῶν
890 1431 1361 1501 ὑπουργησάντων
1394 1434 1589 1503 ὰφυῖᾳ,
1630 1435 1761 1503 πλη-

171 1521 384 1586 ξάντων
414 1522 515 1591 μὲν
542 1522 751 1584 τοῦτον,
781 1523 998 1593 καιρίαν
1022 1523 1077 1576 δὲ
1101 1524 1175 1593 μὴ
1204 1526 1593 1592 ἐπαγαγόντων
1623 1526 1761 1596 πλη-

167 1616 291 1682 γήν.
343 1614 464 1665 Ἐπὶ
496 1615 675 1685 τούτῳ
714 1617 903 1685 μανεὶς
934 1618 964 1670 ό
986 1616 1264 1688 ἀλάστωρ,
1315 1619 1640 1682 ἀποστείλας
1666 1622 1759 1672 l1:-

169 1705 295 1767 πεῐς
329 1706 388 1756 ἐν
414 1705 492 1775 τῷ
532 1704 698 1774 ’Λγίῳ
728 1706 1010 1774 Μάμαντι,
1070 1708 1248 1761 ἐκεῖσε
1280 1707 1340 1760 δν
1371 1710 1634 1763 παλάτιον
1663 1713 1756 1763 ὲν-

169 1796 435 1865 έπρησεν,
469 1797 565 1850 καὶ
602 1798 695 1850 τὸν
726 1797 962 1867 χαλκοῦν
997 1798 1186 1854 λέοντα
1235 1800 1329 1853 τοῦ
1378 1801 1605 1854 ἱππικοῦ
1660 1805 1755 1855 σὺν

165 1890 233 1957 τῇ
264 1890 456 1959 ἄρκτῳ
480 1890 574 1943 καὶ
599 1889 678 1958 τῷ
708 1890 963 1957 δράκοντι
988 1891 1083 1944 τοῦ
1106 1892 1292 1962 ὐδρίου
1322 1894 1418 1947 καὶ
1448 1895 1755 1964 μαρμάρων

168 1980 478 2034 καλλίστων
508 1983 564 2033 ὲν
596 1981 836 2051 ἁμάξαις
866 1981 1153 2053 φορτώσας
1185 1985 1543 2055 ὑπέστρεψεν,
1576 2004 1753 2057 παρα-

172 2075 410 2138 καθίσας
456 2076 555 2145 τὴν
582 2075 1008 2144 Αδριανούπολιν
1048 2078 1142 2130 καὶ
1198 2078 1403 2148 ταύτην
1457 2080 1625 2133 ἑλών·
1662 2084 1755 2133 καὶ

168 2169 311 2237 μετά
336 2168 470 2220 λαοῦ
500 2168 755 2222 πλείστου
780 2170 1120 2239 διαπεράσας
1146 2172 1255 2223 τῶν
1280 2190 1337 2225 τε
1363 2173 1605 2239 εὐγενῶν
1631 2175 1754 2227 Μα-

167 2258 427 2323 κεδόνων,
455 2262 872 2330 κατεσκήνωσεν
899 2263 957 2314 ἐν
987 2261 1065 2331 τῷ
1099 2262 1376 2332 Δανουϐίῳ
1410 2264 1659 2332 ποταμῷ.
1697 2265 1753 2317 '0

167 2350 226 2402 δὲ
261 2352 419 2403 Λέων
451 2353 518 2403 τά
547 2353 646 2421 τῆς
702 2352 959 2413 ἀσεϐείας
990 2352 1129 2423 ἔργα
1180 2354 1534 2423 διεπράττετο
1580 2357 1638 2406 ἐν
1684 2359 1750 2425 τῇ

164 2446 347 2500 πόλει.

235 2538 298 2590 ε’.
351 2532 553 2606 Ἐερόὗ
583 2540 755 2608 ἐφάνη
811 2541 994 2611 ἀστὴρ
1041 2543 1291 2610 κομήτης
1331 2544 1373 2574 ¹⁹
1406 2544 1463 2595 ἐν
1512 2546 1749 2614 σχήματι

160 2630 257 2683 δύο
282 2630 552 2699 λαμπρῶν
587 2632 825 2697 σεληνῶν
882 2634 1187 2701 ἑνουμένων
1217 2635 1263 2665 ¹⁶
1288 2635 1382 2688 καὶ
1409 2638 1571 2689 πάλιν
1604 2638 1747 2689 διαι-

166 2723 452 2791 ρουμένων
482 2723 524 2752 ’⁸
561 2725 639 2784 εἰς
662 2721 896 2791 διάφορα
939 2722 1217 2791 σχήματα,
1262 2723 1339 2778 ὡς
1369 2726 1461 2776 καὶ
1489 2728 1568 2787 εἰς
1616 2727 1750 2777 ἀκε-

162 2813 340 2882 φάλου
364 2812 655 2866 διάπλασιν
688 2814 881 2883 ἀνδρδς
908 2814 1258 2885 τυπωθῆναι·
1307 2818 1445 2887 ὅπερ
1492 2818 1590 2885 τὴν
1624 2820 1750 2871 ἀκέ-

162 2904 337 2962 φαλον
401 2904 645 2973 κεφαλὴν
689 2907 734 2937 ’⁸
763 2906 873 2957 τῶν
930 2906 1069 2974 μετά
1123 2905 1297 2958 ταῦτα
1339 2908 1748 2960 στασιασάντων

161 2993 251 3068 [Ρ.
291 2994 421 3067 SOI]
456 2996 599 3049 κατά
653 2996 761 3049 τῶν
792 2998 839 3027 ’³
868 2996 1213 3067 Χριστιανῶν
1248 2998 1342 3053 καὶ
1399 3000 1489 3050 τὸν
1522 2999 1748 3068 μάταιον

160 3090 368 3157 θωμάν
397 3089 640 3159 κεφαλὴν
671 3091 764 3141 καὶ
794 3091 1037 3159 ἀρχηγὸν
1065 3089 1167 3158 τῆς
1197 3091 1260 3142 ἐκ
1282 3091 1389 3143 τῶν
1416 3091 1590 3144 ἄλλων
1615 3092 1748 3158 Χρι-

1873 602 2038 657 etiam
2093 618 2284 673 pacem
2334 604 2402 659 ab
2454 605 2786 675 imperatore
2811 606 3060 676 expetiit,
3105 606 3265 678 765
3295 608 3458 663 modo

1872 706 1972 761 per
2016 692 2194 760 ipsum
2233 692 2287 747 in
2331 694 2564 749 Auream
2601 703 2813 765 portam
2859 697 3101 767 jaculum
3141 698 3191 753 ei
3229 698 3456 769 inﬁgere

1871 783 2085 839 liceret.
2118 784 2238 849 Quo
2268 785 2544 841 abnuente
2577 787 2630 840 in
2661 789 2961 842 tentorium
2992 805 3151 844 suum
3196 806 3457 845 reversus

1868 886 1972 940 cst,
2032 878 2295 947 majorem
2344 878 2397 931 in
2453 878 2675 932 modum
2732 879 3037 935 admiratus
3078 882 3229 935 urbis
3268 898 3455 938 muros

1868 968 2341 1039 compositamque
2388 970 2736 1039 imperatoris
2785 973 2958 1025 aciem
2996 981 3161 1041 atque
3205 975 3449 1029 ordines.

1866 1060 1947 1116 Ad
1979 1062 2129 1130 pacis
2162 1062 2346 1131 itaque
2376 1062 2582 1118 faedera
2618 1064 2866 1128 vertitur.
2897 1065 3172 1120 tentanda:
3212 1067 3289 1121 rei
3320 1082 3453 1121 cauo

1864 1170 1924 1209 sa
1956 1169 2239 1209 sermones
2261 1156 2573 1210 conferens.

1933 1246 1988 1300 ι.
2022 1247 2193 1301 Porro
2218 1248 2520 1316 imperator
2541 1256 2769 1317 arrepta
2794 1250 3083 1305 occasione
3104 1250 3291 1305 lancea
3318 1264 3449 1306 eum

1863 1338 2182 1407 transﬁgere
2206 1348 2435 1392 conatus
2477 1350 2595 1399 cst:
2632 1353 2702 1392 ne
2733 1356 2847 1393 rem
2880 1352 3063 1397 tamen
3099 1358 3269 1410 opere
3297 1357 3452 1397 com-

1861 1429 2056 1497 pleret,
2088 1429 2303 1483 obstitit
2341 1445 2537 1483 eorum
2591 1432 2805 1499 ignavia
2856 1449 2998 1501 quos
3042 1433 3097 1487 in
3138 1434 3311 1501 ipsam
3344 1433 3451 1487 mi-

1860 1506 2067 1575 nistros
2128 1522 2439 1590 delegerat;
2488 1525 2581 1592 qui
2646 1534 3037 1591 percusserunt
3101 1524 3349 1594 quidem.
3393 1531 3451 1578 at

1859 1615 2017 1669 letale
2042 1616 2240 1669 vulnus
2268 1616 2495 1670 minime
2525 1618 2851 1671 intulerunt.
2882 1615 2998 1682 Qua
3023 1633 3082 1670 re
3117 1618 3170 1670 in
3204 1616 3448 1670 furorem

1858 1716 2014 1760 actus
2066 1707 2555 1775 pestilentissimus
2605 1709 2792 1770 homo,
2845 1709 3028 1763 missis
3068 1710 3350 1777 equitibus
3378 1708 3446 1761 ad

1859 1794 1916 1847 S.
1950 1794 2298 1860 Mamantem,
2329 1797 2478 1865 quod
2525 1798 2635 1852 illic
2683 1799 2946 1868 palatium
2996 1806 3082 1853 est
3118 1799 3444 1863 succendit;

1856 1886 2112 1957 Circique
2171 1904 2389 1942 a-neum
2460 1890 2676 1944 leonem
2733 1904 2858 1943 cum
2927 1906 3052 1945 ursa
3117 1900 3174 1945 et
3234 1889 3449 1958 aqualis

1856 1980 2125 2038 dracone.
2163 1996 2266 2035 nec
2296 1997 2405 2035 non
2434 1982 2803 2051 pulcherrima
2832 1997 3129 2045 marmora,
3158 1982 3211 2035 in
3246 1997 3448 2035 currus

1856 2083 2117 2143 congesta
2190 2076 2525 2143 asportavit;
2578 2075 2971 2143 obsessamque
3029 2075 3445 2144 Adrianupolim

1852 2175 1908 2219 et
1940 2167 2111 2235 ipsam
2141 2168 2327 2236 cepit;
2367 2170 2601 2238 traiecto
2639 2169 2878 2238 denique
2905 2185 3029 2223 cum
3067 2169 3274 2237 ingenti
3306 2168 3447 2222 mul-

1855 2257 2092 2311 titudine
2150 2273 2214 2311 ac
2263 2258 2621 2314 Macedonum
2662 2260 2898 2329 ingenua
2930 2260 3075 2329 pube
3118 2259 3346 2315 ﬂumine
3388 2259 3444 2313 in

1854 2351 2105 2405 Danubio
2142 2353 2415 2414 consedit,
2444 2369 2570 2407 cum
2612 2355 2833 2408 interim
2883 2354 3181 2424 impietatis
3208 2355 3261 2409 in
3309 2353 3443 2410 urbe

1852 2459 2019 2511 opera
2066 2443 2176 2497 Leo
2223 2459 2437 2513 pronus
2480 2455 2897 2515 exsequeretur.

2008 2534 2087 2586 Eo
2142 2542 2388 2602 tempore
2435 2544 2649 2589 cometa
2710 2546 3042 2605 conspectus
3090 2546 3199 2603 est,
3254 2537 3440 2607 splen»

1851 2624 2034 2677 dentis
2088 2625 2233 2679 luna:
2291 2626 2531 2695 duplicis
2581 2629 2774 2697 ﬁgura.
2816 2644 2939 2697 quae
2984 2644 3092 2683 una
3132 2630 3347 2683 coirent
3378 2644 3443 2684 ac

1851 2716 1906 2769 in
1952 2716 2200 2770 diversas
2234 2732 2453 2771 rursum
2486 2717 2689 2788 ﬁguras
2718 2719 2907 2773 divisae
2936 2720 3173 2783 abirent,
3210 2728 3351 2775 utet
3382 2720 3438 2775 in

1849 2806 1956 2863 viri
2008 2808 2250 2876 speciem
2302 2809 2482 2878 capite
2545 2810 2725 2864 mutili
2780 2811 3243 2877 eﬁ‘ormarentur;
3289 2812 3438 2882 quod

1850 2900 2040 2969 utique
2076 2900 2282 2956 indicio
2302 2901 2408 2956 fuit
2440 2903 2688 2971 acephali
2721 2918 2916 2957 eorum
2933 2901 3137 2973 capitis
3160 2905 3254 2975 qui
3287 2914 3438 2974 post-

1848 3008 1913 3048 ea
1943 2994 2211 3049 adversus
2252 2994 2597 3050 Christianos
2651 2996 2974 3051 tumultuati
3040 3006 3190 3059 sunt.
3216 3013 3281 3051 ac
3308 2997 3437 3066 qui-

1850 3085 1955 3141 bus
1982 3103 2157 3141 vanus
2198 3088 2362 3141 homo
2389 3102 2452 3141 ac
2486 3086 2724 3142 demens
2769 3088 3009 3145 Thomas
3038 3098 3201 3158 caput
3236 3106 3299 3145 ac
3332 3092 3437 3144 du-

162 3181 406 3234 στιανῶν
430 3182 747 3246 διαιρέσεως
781 3182 1091 3251 ἐσχηκότων
1116 3184 1497 3253 προεμήνυσεν
1532 3184 1601 3236 ³⁸.
1638 3184 1748 3237 Καὶ

1852 3186 1990 3243 ctor,
2041 3188 2168 3233 uta
2226 3179 2458 3249 reliquis
2499 3180 2830 3234 Christianis
2880 3196 3001 3235 sese
3051 3182 3436 3251 abjungerent.

162 3275 352 3344 μέντοι
378 3276 473 3326 καὶ
499 3275 711 3341 σεισμοὶ
738 3273 958 3343 φοϐεροί
986 3291 1045 3326 τε
1091 3276 1185 3327 καλ⁸
1220 3273 1514 3343 ἐπάλληλοι
1540 3274 1635 3327 καὶ
1665 3276 1745 3326 λι-

161 3369 256 3437 μοὶ
289 3366 386 3419 καὶ
416 3366 618 3435 αὐχμοὶ
647 3366 740 3417 καὶ
788 3366 951 3437 ἀέρος
1004 3366 1306 3436 φλογώσεις
1361 3370 1621 3435 γεγόνασι
1655 3370 1745 3420 καὶ

158 3460 383 3521 στάσεις
418 3458 670 3527 ἐμφύλιοι
690 3460 735 3491 ’⁸
763 3459 903 3511 κατά
935 3461 1118 3511 πᾶσαν
1152 3461 1307 3513 πόλιν
1334 3462 1427 3513 καὶ
1456 3459 1658 3531 χώραν,
1683 3463 1746 3514 ἐκ

154 3551 267 3603 τῶν
293 3551 520 3619 ἡμερῶν
546 3550 852 3622 ἀρξάμεναι
890 3551 936 3582 ’⁸
975 3551 1071 3603 τοῦ
1117 3552 1444 3620 θεοπυγοῦς
1479 3552 1575 3606 καὶ
1617 3552 1747 3605 ἀλά-

158 3657 353 3711 στορος
377 3656 393 3672 ο
424 3642 516 3693 καὶ⁵
543 3643 586 3673 ⁸⁷
622 3641 784 3711 μέχρι
818 3641 1015 3695 πολλοῦ
1055 3641 1117 3695 τὺ
1163 3642 1335 3695 δεινὸν
1367 3644 1413 3675 ³⁸
1442 3642 1542 3713 τῆς
1574 3646 1746 3714 ἐμφυ-

154 3736 276 3798 λίας
304 3736 593 3804 συμτορᾶς
618 3737 987 3806 ἐπικρατῆσαι
1020 3735 1389 3806 συμϐέϐηκεν.

229 3920 306 3987 ς’.
350 3919 789 3991 Ἐκμιμούμενος
822 3920 1001 3974 τοίνυν
1046 3920 1138 3972 τὸν
1173 3919 1273 3989 τῆς
1312 3920 1565 3990 μυσαρᾶς
1608 3920 1741 3972 ταύ-

151 4032 255 4084 της
281 4014 550 4083 αἱρέσεως
582 4014 826 4083 άρχηγδν
856 4014 1146 4083 ὁμώνυμον
1192 4013 1355 4067 αὑτοῦ
1385 4015 1479 4067 καὶ
1506 4014 1739 4083 ὁμότρο-

155 4125 258 4160 πον
299 4105 504 4175 ἤρξατο
526 4106 623 4173 τῆς
642 4105 928 4174 αἱρέσεως.
968 4102 1099 4156 Εἶτα
1132 4104 1457 4175 συμμάχους
1481 4108 1573 4157 καὶ
1604 4123 1742 4173 συμ-

156 4198 372 4267 μύστκς
410 4197 715 4265 ἐκζητήσας
768 4189 926 4265 εὗρεν
993 4196 1249 4266 Ἰωάννην
1303 4198 1397 4248 τὸν
1453 4197 1742 4264 λεγόμενον

153 4290 568 4359 γραμματικὸν,
621 4288 822 4357 μᾶλλον
870 4288 926 4340 δὲ
993 4287 1201 4357 Ἰαννὴν
1228 4286 1388 4342 ἄλλον
1432 4287 1739 4358 ἢΣίμωνα.

151 4382 245 4433 ἐπί
302 4399 360 4432 τε
414 4380 893 4450 λεκανομαντείαις
950 4382 1043 4433 καὶ
1100 4379 1472 4450 φαρμακείαις
1522 4380 1614 4432 καὶ
1654 4383 1741 4432 αξο

154 4473 513 4541 σχρουργίαις
541 4471 699 4541 βεϐοη
711 4472 887 4540 μένον,
916 4472 1008 4523 καὶ
1039 4472 1257 4541 ἐτέρους
1274 4472 1421 4533 τινὰς
1440 4472 1743 4540 ὁμόφρονας

1852 3270 2083 3324 exstitit.
2138 3270 2279 3337 Quin
2342 3272 2613 3327 tremendi
2660 3288 2880 3342 quoque
2930 3274 3093 3343 766
3145 3274 3437 3342 crebrique

1847 3362 2001 3415 fuere
2049 3371 2210 3417 terra:
2264 3374 2468 3427 motus,
2508 3364 2788 3433 famesque
2839 3374 2895 3419 et
2946 3368 3225 3419 siccitates
3268 3373 3437 3431 atque

1848 3454 1994 3508 aeris
2030 3454 2527 3521 inﬂammationes;
2558 3457 2862 3511 seditiones
2899 3473 3119 3527 quoque
3145 3472 3210 3513 ac
3248 3458 3440 3512 civiles

1848 3545 2124 3600 tumultus
2180 3561 2278 3615 per
2330 3561 2525 3602 omnes
2570 3547 2736 3602 urbes
2784 3556 2950 3616 atque
2977 3548 3199 3617 oppida,
3229 3562 3339 3616 quo
3372 3562 3440 3601 ex

1846 3648 2094 3707 tempore
2123 3638 2207 3692 vir
2236 3639 2348 3693 Deo
2374 3654 2574 3694 exosus
2604 3639 2858 3708 iurisque
2891 3639 3321 3709 imperiuminiit
3343 3655 3357 3701 ;
3376 3653 3441 3693 ac

1847 3731 1940 3785 diu
1968 3732 2316 3801 multumque
2340 3730 2575 3801 publica
2602 3732 2929 3786 calamitatis
2955 3732 3155 3785 malum
3183 3731 3441 3800 Iabesque

1846 3822 2104 3879 invaluit.

1918 3913 1973 3970 6.
2006 3914 2241 3985 Impune
2273 3913 2459 3984 itaque
2500 3914 2651 3969 illius
2695 3914 2921 3970 haeresis
2950 3924 3231 3969 auctorem
3264 3914 3441 3970 imita-

1845 4016 1953 4070 tus,
1983 4023 2223 4076 quocum
2254 4007 2331 4061 illi
2363 4006 2587 4061 nomine
2619 4016 2783 4077 atque
2807 4007 3060 4061 moribus
3093 4008 3437 4071 conveniret,

1846 4100 2095 4154 haeresim
2148 4103 2479 4170 occeptavit.
2514 4100 2728 4155 Exinde
2772 4101 2956 4168 operis
2992 4101 3172 4155 socios
3203 4108 3258 4155 et
3287 4100 3443 4169 adju-

1845 4198 1994 4243 tores
2041 4200 2481 4261 symmystasque
2534 4190 2854 4258 quaeritans,
2890 4188 3155 4243 Joannem
3205 4189 3437 4251 invenit,

1846 4297 2009 4349 quem
2064 4282 2484 4351 grammaticum
2538 4291 2758 4345 vocant,
2826 4282 3001 4351 magis
3048 4295 3181 4335 vero
3208 4280 3439 4335 Jannem

1846 4373 2078 4426 alterum
2131 4382 2225 4427 aut
2292 4373 2597 4439 Simonem,
2656 4374 2933 4428 hominem
3002 4372 3440 4427 divinationibus

1844 4482 1910 4519 ex
1971 4466 2115 4533 pelvi
2161 4476 2217 4519 et
2256 4466 2549 4535 praestigiis
2602 4466 2968 4535 turpibusque
3008 4464 3225 4519 actibus
3277 4464 3439 4533 longe

154 4562 325 4617 αὑτοῦ
368 4563 631 4625 Ἰαννίτας
666 4562 763 4615 καὶ
804 4563 1117 4633 Ἰαμϐρίτας
1152 4565 1246 4616 καὶ
1278 4564 1579 4633 Σιμωνίτας
1603 4581 1615 4593 ·
1646 4564 1739 4625 οὓς

1852 4556 2367 4620 celebratissimum,
2404 4559 2654 4627 aliosque
2686 4548 2983 4612 nonnullos
3017 4558 3212 4612 eodem
3245 4571 3309 4610 ac
3346 4555 3438 4609 ille

149 4658 215 4725 δὴ
251 4656 349 4708 καὶ
384 4654 514 4725 παρ’
568 4655 747 4723 ἐαυτῷ
778 4655 1027 4724 κατέχων
1059 4655 1118 4706 ὲν
1169 4655 1247 4724 τῷ
1289 4654 1539 4725 παλατίῳ
1568 4674 1735 4724 προσ-

150 4750 403 4802 καλεῖται
439 4746 756 4815 Νικηφόρον
786 4746 876 4799 τὸν
939 4746 1185 4815 ἀοίδιμον
1237 4748 1588 4817 πατριάρχην
1642 4752 1736 4801 καὶ

149 4842 277 4903 τοὺς
308 4842 407 4893 σὺν
440 4840 588 4910 αὐτῷ
616 4838 954 4908 προῦχοντας
983 4838 1317 4903 ἐπισκόπους
1356 4857 1414 4892 τε
1442 4840 1537 4893 καὶ
1568 4842 1735 4911 ἱερεῖς

147 4932 385 4984 ἐνιὶιπιον
416 4932 513 5000 τῆς
549 4931 878 5000 συγκλήτου,
909 4930 1002 4983 καί
1055 4948 1252 5002 φησιν·
1321 4932 1474 4985 Ἵστε
1525 4931 1735 5001 σαφῶς

145 5027 228 5090 ὡς
253 5023 611 5087 ἀνέστησάν
639 5040 799 5087 τινες
826 5023 1107 5091 λέγοντες
1143 5022 1229 5089 μὴ
1286 5021 1416 5075 δεῖν
1469 5038 1733 5089 προσκυ-

146 5120 382 5173 νεῖσθαι
402 5116 507 5182 τὰς
530 5118 794 5180 εικόγας.
827 5116 934 5180 οὓς
957 5115 1323 5179 είβούλεσϐε
1353 5113 1731 5181 παραστῆναι

146 5213 243 5265 καὶ
274 5208 663 5279 διαλεχθῆναι
719 5209 851 5277 περὶ
898 5210 1135 5273 τούτου,
1177 5208 1275 5263 καὶ
1331 5208 1731 5276 ἐκδηλότερον

140 5303 210 5357 τὸ
239 5300 467 5367 ἀληθὲς
502 5300 855 5371 φανήσεται.

216 5392 286 5458 ζ’.
323 5393 467 5463 Πρὸς
496 5394 555 5447 ὃν
604 5395 631 5445 ὀ
660 5392 801 5454 θεῖος
830 5392 1144 5462 Νικηφόρος
1183 5391 1333 5446 οὐδὲν
1366 5390 1719 5461 ἀπεκρίνατο.

1844 4664 2031 4711 sensu,
2062 4650 2310 4704 Jannitas
2339 4660 2395 4703 et
2428 4649 2727 4704 Jambritas
2751 4666 2815 4704 ac
2835 4649 3165 4713 Simonitas;
3197 4662 3432 4717 quorum

1844 4741 2035 4806 utique
2085 4741 2319 4808 stipatus
2365 4750 2605 4803 caterva,
2648 4757 2854 4810 eosque
2895 4740 2949 4794 in
2996 4740 3199 4809 palatio
3246 4752 3432 4791 secum

1840 4832 2116 4896 detinens,
2167 4832 2539 4901 Nicephorum
2574 4834 2823 4887 inclitum
2862 4832 3233 4902 patriarcham
3274 4829 3436 4883 soda-

1840 4923 2028 4992 lesque
2081 4923 2391 4993 przecipuos
2437 4924 2727 4993 episcopos
2773 4940 2837 4978 ac
2889 4924 3205 4978 sacerdotes
3246 4937 3431 4976 coram

1840 5026 2033 5070 senatu
2076 5027 2254 5080 vocat,
2294 5019 2481 5085 aitque
2507 5037 2519 5071 :
2558 5017 2712 5070 Scitis
2739 5016 2922 5086 palam
2954 5017 3245 5070 surrexisse
3274 5030 3431 5084 quos-

1838 5108 1984 5170 dam,
2016 5110 2105 5177 qui
2143 5126 2246 5163 non
2291 5111 2597 5164 adorandas
2620 5126 2739 5163 esse
2771 5112 3030 5180 imagines
3057 5110 3272 5171 dicunt;
3300 5124 3429 5177 quo:

1833 5202 1879 5253 si
1913 5202 2072 5255 vultis
2104 5203 2306 5268 adesse,
2358 5206 2523 5272 deque
2560 5220 2620 5256 ea
2662 5220 2718 5257 re
2753 5202 3048 5272 disputare,
3093 5202 3283 5255 veritas
3316 5198 3428 5251 cla-

1833 5290 1946 5344 rius
1989 5291 2259 5348 elucescet.

1905 5384 1957 5437 7.
2003 5385 2083 5439 Ad
2127 5402 2291 5455 quem
2334 5387 2416 5440 vir
2470 5386 2691 5440 divinus
2739 5384 3083 5453 Nicephoras
3146 5381 3280 5437 nihil
3342 5396 3429 5433 re-

1438 5552 1674 5608 VARI/E
1711 5548 2112 5609 LECTIONES.

215 5722 258 5755 ¹“¹
284 5719 404 5791 καῖ]
430 5721 486 5773 δὲ
513 5721 536 5774 ?
610 5721 652 5751 "
681 5722 950 5798 λοχῆσαιῖ
1025 5722 1064 5798 ξθ
1107 5723 1200 5771 καὶ
1256 5719 1385 5798 γοςιν
1426 5714 1905 5798 ῶιρθητηνικαῦτα
1927 5713 2180 5798 nauigante
2202 5713 2278 5798 C.1
2302 5712 2345 5742 ²⁰
2382 5708 2693 5798 ἐνωίξέντωχ
2720 5706 2800 5798 (Ξ...
2839 5700 3315 5798 ἓᾼοιαιρεδένχτιων
3485 5764 3490 5769 ἱ

142 5797 185 5823 ⁷¹
214 5770 989 5861 alapas-331455131»
1025 5792 1060 5841 Ιὶ
1092 5770 1282 5843 {emi
1306 5770 1377 5843 VC.
1455 5770 1499 5818 ’ί
1526 5770 1633 5839 τῶν
1659 5770 1784 5854 post
1811 5783 1952 5861 acati
1982 5770 2211 5861 addi...
2235 5783 2287 5861 ’⁵.
2312 5784 2621 5861 reos-phus
2650 5777 2719 5861 Cl.‘
2756 5776 2800 5861 ξ’
2820 5776 3022 5861 ¹στάσις
3045 5770 3306 5852 ἐμφύλιος
3344 5770 3386 5822 C.

144 5867 186 5893 ”
218 5864 520 5934 ἀρξάμενοι
549 5859 609 5926 C,
640 5862 945 5933 ἀρξαμένου
969 5860 1026 5914 1³.
1089 5864 1129 5891 ’⁷
1168 5862 1250 5913 καῖ
1285 5876 1391 5914 um.
1426 5859 1485 5912 C.

1569 5857 1611 5889 ³⁸
1638 5844 1696 5909 τί)
1728 5855 1896 5910 δεινὸν
1932 5886 1976 5895 -
2024 5868 2073 5922 p.
2109 5852 2215 5906 768
2240 5844 2524 5914 εὐσεϐείας
2549 5866 2657 5903 om.
2682 5848 2722 5901 C
2761 5846 2889 5901 folio
2920 5844 3188 5900 abscisso.
