4158 6438
735 401 836 469 831

1982 404 2310 466 GEORGII
2348 401 2695 465 MONACHI

3913 401 4012 463 832

735 514 934 570 nifesta
963 512 1140 570 ﬂeret.
1186 512 1447 581 Quinimo
1476 514 1573 571 Dei
1600 515 1941 585 indulgentia
1974 515 2319 585 tyrannidem

2439 513 2661 583 jtovubarj
2695 510 2926 582 γνώμην
2960 510 3055 563 καὶ
3080 508 3347 579 πονηρίαν
3372 510 3485 573 τοῖς
3508 510 3553 542 ⁸⁸
3583 511 3716 564 πᾶσι
3748 512 4011 579 γενέσθαι

734 608 903 660 s-nnel
933 607 1187 676 adeptus,
1225 608 1471 662 furorem
1521 622 1741 661 omnem
1767 606 2065 676 dolumque
2090 606 2325 661 aﬂundit

736 698 1002 752 adversus
1032 698 1439 753 immaculatam
1481 698 1668 760 fidem,
1697 706 2109 769 certatqueper
2138 699 2321 752 omnia

739 791 942 844 imitari
1003 790 1232 859 impium
1304 790 1713 862 Copronymum
1787 792 1882 846 illo
1942 790 2320 861 superiorem;

739 884 968 951 parique
999 883 1072 936 illi
1102 883 1365 948 facinore,
1418 884 1651 954 impuris
1688 884 2017 954 quibusdam
2049 883 2326 938 scelestis-

740 975 1004 1044 simisque
1038 976 1359 1030 hominibus
1383 976 1509 1031 vita:
1537 992 1729 1031 omnes
1752 976 1996 1031 rationes
2017 975 2323 1039 concredit,

744 1066 963 1119 lascivis
990 1084 1051 1122 ac
1077 1068 1223 1136 turpi
1251 1068 1359 1123 vita
1400 1070 1715 1131 celebratis,
1752 1069 1938 1122 animo
1981 1083 2325 1138 corporeque

740 1158 1035 1225 corruptis.
1068 1157 1579 1226 prastigiatorihus,
1604 1157 1888 1222 veneficis,
1918 1156 2324 1219 seductorihus,

743 1247 1005 1316 nulloque
1041 1264 1149 1302 non
1194 1249 1313 1303 vitii
1365 1250 1521 1319 771
1558 1265 1758 1320 genere
1791 1264 1855 1302 ac
1904 1249 2107 1302 malitia
2142 1250 2328 1304 excul-

745 1340 835 1402 tis,
866 1349 1031 1409 atqne
1070 1350 1129 1395 ut
1155 1342 1321 1396 semel
1371 1342 1572 1408 dicam,
1606 1341 1700 1412 qui
1747 1340 2121 1396 Christianam
2153 1342 2327 1413 pieta-

746 1442 855 1487 tem
909 1434 1180 1489 fidemnue
1210 1434 1550 1503 negaverint.

821 1609 904 1661 l5.
950 1608 1028 1662 Ac
1055 1624 1187 1664 sane
1217 1625 1314 1664 eos
1359 1610 1559 1664 lubens
1604 1610 1947 1664 necessarios
1993 1609 2215 1666 asciscit
2263 1626 2329 1666 ac

746 1700 1112 1767 amplexatur,
1158 1717 1462 1771 eorumque
1508 1702 1759 1755 exitiosis
1818 1702 2092 1757 doctrinis
2122 1718 2187 1757 ac
2218 1704 2325 1757 ini-

750 1792 1070 1847 tiationibus
1098 1794 1339 1849 animum
1372 1795 1683 1859 submittit;
1716 1804 1773 1848 et
1797 1795 1948 1850 velut
1974 1797 2181 1864 peccati
2212 1812 2327 1851 ser-

748 1897 874 1944 vus,
910 1883 975 1935 iis
1010 1885 1378 1953 mancipatur,
1417 1901 1669 1955 uncoque
1721 1886 2063 1941 seductionis
2108 1903 2173 1942 ac
2222 1888 2325 1943 imo

748 1975 1041 2042 probitatis
1069 1987 1262 2046 captus
1308 1979 1394 2032 vir
1440 1980 1799 2033 exsecrabilis
1828 1979 1949 2034 dire
1981 1982 2323 2051 transigitur.

751 2066 877 2121 Tria
908 2070 1055 2121 enim
1100 2070 1399 2139 proposita,
1430 2072 1635 2141 quibus
1683 2073 2068 2141 promissionis
2101 2088 2327 2144 compos

750 2157 1080 2223 elliceretur,
1115 2170 1175 2215 ut
1223 2177 1421 2230 nempe
1464 2172 1712 2216 exactam
1753 2162 1915 2217 fidem
1968 2174 2211 2219 nostram
2264 2182 2327 2221 ac

750 2253 1111 2306 orthodoxam
1143 2264 1386 2323 negaret,
1404 2254 1619 2308 divinas
1646 2256 1891 2309 aboleret
1911 2256 2195 2325 imagines,
2220 2258 2328 2325 piis

750 2346 1189 2411 persecutionem
1222 2356 1505 2411 moveret;
1533 2363 1655 2416 qua:
1690 2348 1733 2401 si
1768 2349 1818 2402 ei
1844 2350 2087 2416 praestita
2116 2358 2324 2414 essent,

754 2435 820 2487 ad
856 2436 1133 2491 felicitatis
1160 2454 1433 2492 summum
1462 2439 1675 2508 apicem
1706 2439 1983 2504 evaderet,
2016 2456 2079 2494 ac
2128 2442 2172 2493 si
2205 2440 2328 2510 quis

755 2529 917 2589 alius.
950 2531 1004 2583 in
1047 2531 1326 2601 longiores
1385 2549 1560 2588 annos
1590 2535 1820 2605 hujusce
1860 2536 2127 2605 temporis
2157 2537 2326 2591 vitam

752 2621 1107 2688 produceret.

825 2715 912 2767 14.
956 2715 1117 2769 lliscc
1146 2716 1331 2785 itaque
1362 2717 1595 2786 ejusque
1628 2718 1845 2787 generis
1875 2718 2125 2773 exitiosis
2163 2719 2330 2774 sedu-

753 2806 1030 2860 ctionibus
1061 2808 1328 2876 deceptus
1352 2808 1626 2864 dementis
1646 2810 1730 2863 vir
1756 2810 1923 2863 animi
1948 2826 2012 2864 ac
2040 2811 2331 2880 pecuinus,

754 2908 918 2967 atque
953 2908 1013 2953 ut
1055 2898 1202 2953 foedo
1245 2909 1472 2969 aspectu
1516 2910 1658 2965 erat,
1708 2902 2043 2955 adeuntibus
2074 2902 2331 2968 difﬁcilis,

754 2992 976 3056 orisque
1002 2990 1183 3058 specie
1217 2991 1451 3059 turpior.
1486 2991 1600 3046 Etsi
1625 2992 1772 3045 enim
1798 2992 1848 3047 ei
1897 2992 2074 3047 leonis
2105 3009 2330 3059 nomen,

756 3082 914 3134 simia
945 3090 1063 3134 erat
1089 3082 1236 3151 quod
1261 3083 1540 3153 objectum
1576 3084 1753 3138 oculis
1776 3094 1934 3138 erat:
1967 3086 2163 3155 majori
2206 3101 2335 3156 pra-

756 3172 925 3226 vitate
955 3189 1159 3238 mores,
1192 3174 1521 3229 insolentior
1551 3176 1790 3238 animus,
1823 3185 2004 3231 mente
2035 3178 2333 3246 plurimum

758 3266 953 3329 ferina,
986 3267 1323 3321 intractabili
1355 3268 1589 3337 impetu,
1629 3268 1967 3330 immundus.
2010 3270 2334 3338 importabi-

758 3356 847 3419 lis,
881 3357 1265 3423 inconsultior,
1290 3360 1585 3414 severitate
1615 3361 1883 3429 asperior,
1918 3364 2134 3432 tyranni
2166 3363 2339 3418 mori-

759 3448 864 3502 bus
894 3450 1278 3504 truculentior.

833 3540 919 3593 15.
962 3541 1152 3596 Elatus
1209 3543 1394 3613 itaque
1443 3544 1612 3599 miser
1663 3560 1727 3599 ac
1779 3546 2136 3601 calamitosus
2188 3546 2341 3602 falsis

761 3632 1277 3689 scelestissimorum
1308 3635 1529 3689 illorum
1578 3637 1859 3691 vaticiniis
1890 3654 1953 3691 ac
1990 3638 2228 3701 insidiis,
2262 3639 2342 3694 sic

762 3723 965 3777 bellum
990 3724 1100 3778 cito
1127 3726 1462 3796 aggreditur.
1482 3726 1561 3781 Ac
1585 3729 1822 3797 primum
1847 3730 2068 3799 quidem
2101 3731 2341 3801 linguam

762 3816 874 3870 Deo
904 3817 1065 3887 772
1100 3828 1434 3890 pugnantem
1464 3820 1730 3876 adversus
1769 3822 1953 3877 divina
1986 3834 2173 3877 nostra
2204 3825 2340 3896 dog-

766 3919 910 3962 mata
962 3918 1187 3983 movet;
1232 3926 1296 3965 ac
1356 3921 1470 3965 tum
1526 3911 1619 3969 hic
1676 3929 1897 3983 quoque
1957 3914 2341 3984 impiissimum

762 4000 1169 4073 Copronymum
1220 4002 1502 4058 Cononem
1534 4005 1829 4058 aemulatur
1860 4047 1874 4069 ,
1920 4007 2200 4075 similique
2264 4008 2342 4062 illi

767 4093 981 4147 ratione
1026 4094 1529 4149 circumforaneum
1560 4097 1706 4165 cogit
1741 4106 2074 4151 conventum
2119 4115 2217 4154 seu
2249 4116 2345 4169 po-

766 4186 874 4239 tius
908 4185 1197 4241 Judaicum
1240 4187 1533 4242 concilium
1556 4203 1571 4252 ;
1597 4188 1686 4242 cui
1735 4190 1902 4243 etiam
1936 4190 2346 4245 funestissimus

767 4278 932 4332 homo
969 4294 1261 4333 consessor
1289 4296 1698 4351 praesessorque
1744 4298 1808 4336 ac
1859 4298 2061 4351 pmses
2112 4282 2346 4338 effectus

766 4369 1105 4422 abominatio
1143 4368 1503 4425 desolationis
1535 4370 1591 4425 in
1647 4372 1853 4441 templo
1899 4372 2115 4425 Domini
2163 4372 2347 4427 denuo

768 4460 1128 4529 conspicitur,
1166 4463 1520 4531 aperiturque
1551 4478 1614 4517 os
1649 4478 1845 4533 magna
1877 4463 2112 4532 loquens
2146 4464 2345 4517 adver-

2427 605 2729 674 κατάδηλον
2753 604 2821 658 ⁸⁸.
2862 604 3014 656 Ἐπεὶ
3042 602 3087 634 ⁸⁸
3107 601 3201 656 οὖν
3224 602 3323 671 τῆς
3354 602 3627 672 βασιλείου
3648 606 3855 675 ἀρχῆς,
3895 609 4015 673 μᾶλ-

2425 696 2516 749 λον
2544 697 2601 749 δέ
2634 695 2970 766 τυραννίδος,
3000 695 3135 749 Θεοῦ
3168 696 3517 765 συγχωρήσει
3545 695 3854 766 λαϐόμενος
3878 702 4011 749 κατα

2423 790 2525 858 τῆς
2555 791 2857 860 ἀμωμήτου
2886 790 3121 851 πίστεως
3145 789 3266 842 ὅλον
3288 789 3469 857 ἐκχέει
3490 790 3582 841 τὸν
3612 789 3785 858 θυμὸν
3810 791 3905 840 καὶ
3930 791 4011 840 τὸν

2424 882 2596 947 δόλον,
2625 884 2717 935 καὶ
2736 881 3028 949 ἁμιλλᾶται
3060 882 3201 935 κατά
3235 882 3413 934 πάντα
3438 881 3531 933 τὸν
3560 881 3667 950 πρὸ
3695 881 3870 933 αὐτοῦ
3892 881 4010 933 δυσ-

2428 973 2561 1042 σεϐῆ
2596 974 2992 1043 Κοπρώνυμον,
3046 975 3139 1025 καὶ
3168 974 3431 1034 ὡσαύτως
3488 974 3705 1040 μιαροῖς
3759 988 3881 1025 τισι
3929 974 4012 1023 καὶ

2428 1068 2812 1136 παμπονήροις
2853 1066 3161 1135 ἀνθρώποις
3193 1066 3254 1117 τὸ
3304 1066 3411 1117 πᾶν
3467 1065 3568 1131 τῆς
3597 1065 3743 1133 ζωῆς
3779 1080 4011 1117 καταπι-

2430 1159 2629 1218 στεύει,
2661 1158 2915 1225 ἀσελγὲσι
2940 1175 2999 1210 τε
3026 1158 3121 1210 καὶ
3144 1159 3237 1209 ἐπὶ
3269 1157 3385 1215 βίου
3405 1158 3721 1226 αἱσχρότητι
3746 1156 4012 1225 3:601;th-

2428 1269 2540 1315 νοις
2570 1253 2665 1306 καὶ
2700 1251 2742 1281 ⁶⁷
2774 1251 3252 1317 κατεφθαρμένοις
3274 1248 3374 1318 τὴν
3398 1248 3577 1318 ψυχὴν
3602 1248 3695 1300 καὶ
3730 1248 3791 1299 τὸ
3833 1248 4010 1312 σῶμα,

2430 1343 2589 1411 γόησι
2625 1342 2719 1395 καὶ
2753 1342 3066 1411 φαρμακοῖς
3099 1342 3191 1393 καὶ
3222 1339 3562 1401 λαοπλάνοις,
3596 1340 3691 1391 καὶ
3723 1339 3841 1390 πᾶν
3881 1331 4013 1398 εἶδος

2430 1437 2627 1497 κακίας
2686 1434 2962 1503 ἀσκήσασι
3022 1434 3115 1485 καὶ
3153 1431 3489 1496 ἁπαξαπλῶς
3533 1431 3632 1501 τὴν
3666 1428 4012 1501 Χριστιανῶν

2430 1526 2757 1597 ἠρνημένοις
2789 1524 3123 1577 θεοσέϐειαν.

2505 1624 2590 1685 ιγ’.
2632 1619 2743 1670 Καὶ
2799 1615 2863 1686 δὴ
2892 1615 3116 1678 τούτους
3172 1613 3461 1673 ἀσπασίως
3509 1612 3871 1676 εἰσοικίζεται
3923 1613 4014 1665 καὶ

2430 1710 2879 1783 περιπτύσσεται,
2929 1707 3024 1760 καὶ
3060 1706 3363 1759 ύποκύπτει
3393 1708 3511 1767 ταῖς
3549 1706 3802 1772 ματαίοις
3834 1704 4015 1759 αὐτῶν

2432 1804 2527 1856 καὶ
2557 1803 2602 1833 ⁸⁸
2639 1802 2999 1871 ψυχοφθόροις
3031 1800 3278 1868 διδαχαῖς
3312 1800 3407 1851 καὶ
3435 1800 3722 1867 μυήσεσιν,
3747 1799 3849 1851 καὶ
3871 1792 4015 1849 οἶα⁶⁹

2433 1896 2529 1963 τῆς
2558 1893 2832 1963 ἁμαρτίας
2865 1892 3199 1961 ἀνδράποδον
3246 1889 3776 1961 ἐξανδραποδίζεται,
3813 1889 3912 1942 καὶ
3943 1888 4016 1957 τῷ

2431 1987 2715 2056 ἀγκίστρῳ
2747 1987 2847 2054 τῆς
2878 1986 3092 2050 ἀπάτης
3127 1984 3219 2037 καὶ
3267 1982 3613 2053 παρανομίας
3645 1982 3966 2044 δελεασθεὶς
3991 1984 4016 2035 6

2433 2078 2815 2148 παράπαιστος
2838 2079 2883 2109 ⁷⁸
2905 2077 3091 2138 δεινῶς
3128 2076 3532 2146 περιπείρεται.
3568 2075 3707 2143 Τρία
3735 2076 3853 2144 γάρ
3874 2075 4017 2142 αὑτῷ

2433 2171 2751 2242 προῦθηκαν
2784 2171 2852 2223 τὰ
2883 2170 3238 2237 ὑπεσχημένα
3261 2170 3327 2235 ⁷¹,
3358 2168 3444 2240 [Ρ.
3475 2166 3599 2237 504]
3623 2168 3718 2237 τῆς
3754 2166 4019 2236 ἀκριϐοῦς

2434 2262 2670 2324 πίστεως
2690 2262 2848 2330 ἡμῶν
2881 2260 2976 2313 καὶ
3002 2259 3283 2330 όρθοδόξου
3314 2259 3413 2327 τὴν
3439 2259 3688 2328 ἄρνησιν,
3716 2257 3830 2309 τῶν
3861 2257 4016 2308 θείων

2435 2355 2657 2407 είκόνων
2680 2355 2778 2423 τὴν
2804 2353 3144 2422 καθαίρεσιν,
3174 2351 3283 2403 τῶν
3305 2350 3671 2403 εὐσεϐούντων
3688 2352 3788 2416 τὴν
3812 2348 4017 2413 δίωξιν.

2435 2448 2545 2499 Καὶ
2574 2446 2744 2509 οὕτως
2770 2447 2850 2509 είς
2883 2445 3053 2515 ἀκρον
3085 2442 3385 2513 εὐημερίας
3416 2440 3648 2505 ἐλάσεις,
3703 2441 3903 2509 φησὶν,
3949 2438 4020 2500 ὡς

2436 2541 2531 2592 καὶ⁵
2564 2539 2656 2592 ἐπὶ
2686 2538 2939 2589 πλεῖστον
2959 2538 3050 2589 καὶ
3094 2537 3357 2604 μήκιστον
3386 2536 3431 2565 ⁷⁸
3458 2534 3649 2602 χρόνον
3672 2531 3775 2603 τὴν
3812 2530 4019 2601 παροῦο

2438 2648 2539 2685 σαν
2567 2630 2736 2699 ζωὴν,
2769 2631 2819 2682 εί
2846 2628 2940 2681 καί
2970 2645 3052 2689 τις
3083 2626 3260 2690 ἄλλος,
3288 2624 3537 2677 διανύσαι
3566 2624 3633 2679 ⁷³.

2510 2721 2592 2776 ιδ’.
2620 2722 2859 2784 Ταύταις
2888 2716 2982 2773 οὖν
3011 2721 3104 2772 καὶ
3136 2719 3259 2781 ταῖς
3308 2717 3585 2778 τοιαύταις
3622 2716 3897 2784 ὀλεθρίοις
3932 2731 4018 2780 φε-

2439 2812 2717 2873 νακισθεὶς
2740 2810 2789 2843 ⁷⁸
2821 2810 3057 2870 ἀπάταις
3097 2810 3126 2861 ό
3159 2807 3513 2877 ματαιὰρρων
3568 2808 3662 2859 καὶ
3712 2805 4020 2875 κτηνώδης,

2440 2905 2534 2957 καὶ
2563 2902 2817 2972 καθάπερ
2844 2898 2912 2971 ἦν
2948 2898 3196 2969 εἰδεχθὴς
3228 2899 3322 2950 καὶ
3371 2896 3762 2957 δυσέντευκτος
3816 2898 3917 2947 καὶ
3957 2897 4023 2963 τῇ

2444 2996 2559 3065 ίδέᾳ
2584 2996 2630 3027 ⁷⁵
2658 2993 3013 3064 αἰσχρότερος
3048 2992 3117 3060 (εἰ
3165 2988 3272 3057 γὰρ
3304 2989 3397 3041 καὶ
3443 2987 3711 3040 λεόντειον
3760 2986 4023 3056 τοῦνομα,

2443 3088 2728 3155 πιθήκειον
2750 3086 2812 3137 τὸ
2847 3082 3219 3152 βλεπόμενον),
3256 3079 3465 3147 γίνεται
3499 3078 3836 3148 φαυλότερος
3863 3079 3912 3109 ’⁸
3939 3078 4026 3128 τὸν

2442 3180 2663 3251 τρόπον,
2700 3175 3078 3244 σοϐαρώτερος
3130 3176 3189 3225 τὸ
3230 3168 3382 3241 ἦθος,
3433 3171 3876 3240 θηριωδέστερος
3936 3168 4028 3236 τὴν

2440 3273 2690 3342 γνώμην,
2751 3268 3044 3330 ἀτίθασσος
3098 3268 3195 3335 τὴν
3248 3264 3459 3334 ὁρμὴν,
3513 3263 3824 3325 ἀκάθεκτος
3852 3259 3903 3293 ’⁷
3938 3260 4027 3312 καὶ

2442 3367 2815 3426 ἀνυπόστατος
2878 3364 2972 3415 καὶ
3009 3359 3419 3429 ἀλογιστότερός
3446 3374 3504 3410 τε
3538 3356 3586 3389 ’⁸
3637 3356 3735 3411 καὶ
3770 3355 4029 3425 ἐμϐριθὲ-

2444 3474 2631 3527 στερος
2662 3456 2757 3507 καὶ⁵
2783 3452 3147 3524 τυραννικώτε
3158 3469 3267 3519 ρος.

2512 3556 2597 3602 ιε’.
2637 3547 3071 3616 ’Δναπτερωθεὶς
3095 3545 3203 3613 γὰρ
3234 3544 3262 3595 ό
3298 3542 3530 3604 δείλαιος
3556 3541 3651 3593 καὶ
3677 3542 4028 3611 ταλαίπωρος

2442 3642 2508 3711 τῇ
2547 3638 2941 3708 ψευδομαντείᾳ
2968 3638 3059 3689 καὶ
3088 3635 3347 3704 ἐπιϐουλῇ
3396 3635 3501 3685 τῶν
3552 3634 3857 3703 ἀλιτηρίων
3891 3635 4029 3687 ἐκεί-

2445 3750 2573 3795 νων,
2635 3730 2809 3792 οὕτως
2840 3730 3253 3781 ἐπανατείνεται
3284 3725 3423 3794 ταχὺ
3457 3725 3546 3777 τδν
3608 3727 3879 3795 πόλεμον.
3930 3726 4032 3779 Καὶ

2445 3826 2662 3896 πρῶτον
2691 3824 2789 3894 μὲν
2819 3826 2958 3876 κινεί
2979 3821 3120 3874 κατά
3152 3820 3260 3871 τῶν
3292 3820 3452 3888 ἱερῶν
3477 3818 3520 3849 ⁷⁹
3547 3817 3841 3885 δογμάτων
3882 3817 4031 3885 ἡμῶν

2442 3919 2541 3989 τὴν
2572 3916 2837 3985 θεομάχον
2869 3914 3035 3968 αὐτοῦ
3053 3914 3098 3945 ⁸⁸
3127 3913 3398 3978 γλῶσσαν,
3423 3910 3613 3962 ἔπειτα
3638 3910 3695 3962 δὲ
3728 3910 3891 3978 ζηλοῖ
3911 3914 4032 3963 κάν·

2444 4008 2618 4063 ταῦθα
2645 4008 2737 4060 τὸν
2789 4004 3215 4058 δυσσεΰέστατον
3250 4002 3625 4071 Κοπρὼνυμον
3686 4002 3925 4054 Κόνωνα
3957 4002 3996 4031 ³¹
4017 3997 4029 4010 ’

2445 4101 2540 4154 καὶ
2566 4097 2921 4168 συναθροίσας
2975 4096 3174 4165 ὁμοίως
3206 4095 3251 4126 ⁸³
3308 4093 3503 4162 ἐκείνῳ
3538 4094 3777 4162 πονηρόν
3825 4111 3890 4145 τε
3946 4093 4033 4146 καὶ

2446 4191 2757 4261 ἀγυρτὼδες
2786 4190 3144 4257 συνακτήριον
3172 4187 3239 4251 ⁸³,
3267 4187 3463 4254 μᾶλλον
3485 4186 3541 4237 δὲ
3584 4184 3888 4238 Ἰουδαϊκὸν
3919 4204 4034 4239 συν·

2448 4285 2640 4355 ἑδριον,
2673 4276 2718 4351 ᾧ
2752 4282 2798 4311 ⁸³
2834 4284 2927 4334 καὶ
2966 4280 3219 4351 σύνεδρος
3274 4280 3369 4332 καὶ
3396 4279 3659 4349 πρόεδρος
3685 4281 3713 4329 ό
3752 4278 4034 4345 ἐξάγιστος

2448 4376 2755 4444 γενόμενος,
2781 4375 2974 4443 ὁρᾶται
3005 4373 3170 4425 πάλιν
3195 4373 3251 4422 ἐν
3282 4369 3395 4441 ναῷ
3427 4370 3632 4439 Κυρίου
3667 4372 3729 4422 τὸ
3758 4372 4035 4439 βδέλυγμα

2447 4472 2543 4540 τῆς
2567 4467 2919 4539 ἐρημώσεως,
2955 4456 3049 4517 καὶ
3077 4464 3352 4529 ἀνοίγεται
3384 4463 3559 4531 στόμα
3588 4462 3787 4515 λαλοῦν
3829 4462 4037 4530 μεγάλα

770 4569 865 4607 sus
896 4553 1107 4606 Domini
1135 4554 1385 4624 gloriam,
1414 4555 1749 4625 grandiaque
1782 4571 2041 4625 promens
2070 4571 2133 4608 ac
2157 4571 2334 4625 super-

2454 4561 2595 4616 κατὰ
2638 4561 2733 4627 τῆς
2756 4557 2913 4625 δόξης
2965 4555 3169 4624 Κυρίου
3208 4555 3303 4607 καὶ
3338 4553 3480 4606 κατὰ
3506 4557 3605 4621 τῆς
3638 4554 3787 4614 θείας
3817 4555 3868 4585 ⁸⁸
3898 4557 4038 4606 οἱκο-

772 4644 929 4696 hiens
963 4642 1229 4698 adversus
1272 4644 1762 4714 dispensationem.
1810 4645 2009 4714 Sicque
2050 4647 2189 4699 alter
2219 4646 2347 4701 Cai-

774 4736 933 4804 pbas,
962 4750 1088 4790 cum
1139 4736 1362 4790 Christo
1410 4736 1623 4791 infensa
1658 4738 1885 4792 cohorte
1936 4738 2048 4801 illa,
2082 4739 2251 4791 multa
2285 4755 2350 4793 ac

773 4840 910 4881 vana
946 4829 1208 4882 adversus
1238 4829 1525 4883 veritatem
1550 4830 1907 4899 obganniens,
1940 4844 2122 4883 sacras
2158 4845 2351 4885 onmes

774 4918 829 4973 in
866 4919 1109 4973 Ecclesia
1162 4928 1380 4974 erectas
1426 4920 1693 4990 imagines
1746 4921 1949 4983 abolet,
2003 4920 2238 4990 odiaque
2292 4922 2347 4976 in

770 5010 1053 5066 Christum
1088 5015 1319 5083 ejusque
1353 5029 1542 5068 servos
1564 5013 1839 5081 exagitat;
1868 5013 2073 5083 quippe
2113 5014 2199 5067 cui
2231 5030 2352 5082 gra-

772 5105 857 5157 vis
884 5105 950 5158 ad
985 5105 1281 5160 videndum
1329 5107 1383 5160 in
1410 5107 1646 5176 imagine
1685 5105 1936 5159 Christus
1982 5120 2045 5157 ac
2086 5104 2349 5157 memoria

774 5199 1089 5264 ferendum,
1124 5202 1328 5271 quique
1355 5202 1475 5271 ejus
1504 5199 1668 5255 amici
1703 5216 1767 5253 ac
1798 5199 1943 5253 servi
1970 5206 2173 5251 essent.

2456 4651 2650 4720 νομίας
2681 4643 3197 4718 μεγαλοῤῥημονοῦν
3245 4643 3338 4695 καὶ
3392 4640 3879 4710 ἀλαζονευόμενον.
3937 4628 4039 4695 Ιιίιι.ὶ

2455 4741 2628 4804 οὕτως
2666 4743 2693 4791 ὁ
2723 4738 2973 4807 δεύτερος
3023 4736 3278 4802 Καϊάφας
3336 4736 3474 4803 μετά
3504 4735 3618 4803 τῆς·
3651 4735 4038 4805 Χριπομάχου

2458 4832 2687 4901 σπείρας
2710 4830 2924 4896 ἐκείνης
2956 4828 3126 4880 πολλά
3153 4828 3245 4881 καὶ
3271 4827 3477 4896 μάταια
3505 4826 3648 4879 κατά
3667 4827 3767 4893 τῆς
3783 4827 4041 4897 ἀληθείας

2457 4925 2823 4994 κενολογήσας
2856 4921 3111 4992 καθαιρεῖ
3139 4922 3321 4973 πᾶσαν
3374 4919 3522 4988 ἱερὰν
3564 4919 3663 4987 τῆς
3709 4920 4042 4988 Ἐκκλησίας

2456 5018 2834 5088 ἀναστήλωσιν
2861 5016 3005 5084 μίσει
3040 5015 3118 5084 τῷ
3157 5016 3235 5077 είς
3259 5013 3493 5082 Χριστὸν
3512 5013 3561 5045 ⁸⁸
3598 5014 3692 5065 καὶ
3714 5012 3847 5074 τοὺς
3878 5011 4040 5065 αὑτοῦ

2458 5112 2815 5181 θεράποντας,
2848 5108 3035 5176 ἐπειδὴ
3084 5107 3253 5177 βαρὺς
3300 5101 3369 5176 ἦν
3416 5104 3565 5175 αὺτῷ
3598 5105 3835 5173 Χριστὸς
3877 5108 3973 5156 καὶ
3998 5104 4041 5136 υ

2456 5206 2515 5257 ἐν
2544 5203 2711 5255 εἰκόνι
2758 5200 3089 5270 βλεπόμενος
3119 5199 3214 5251 καὶ
3260 5200 3352 5251 ἐπὶ
3386 5200 3607 5268 μνήμης
3638 5198 3947 5269 φερόμενος
3982 5200 4043 5262 ⁵³,

2460 5296 2555 5349 καὶ
2592 5297 2641 5348 οἱ
2670 5292 2856 5346 τούτου
2882 5292 3023 5361 φίλοι
3050 5308 3109 5344 τε
3132 5291 3226 5343 καὶ
3250 5290 3445 5344 δοῦλοι.

2113 5419 2345 5474 VARI/ﬁ
2393 5410 2801 5471 LECTIONES.

856 5578 902 5609 “
930 5576 1065 5648 τοῖς)
1097 5576 1281 5638 αὐτοῖς
1310 5576 1373 5629 C.
1480 5575 1526 5607 "
1548 5571 1849 5653 καταδηλρν
1870 5586 1977 5653 unt.

784 5651 830 5681 "
874 5637 1122 5713 ματαίόις
1178 5647 1360 5699 αὐτῶν
1412 5647 1507 5698 καὶ
1562 5644 1689 5697 add.
1745 5637 1821 5695 'C.
1895 5642 1961 5713 A”
1996 5637 2181 5713 οἷοχΡ.

779 5709 1160 5786 ὑπεσχημένου
1186 5716 1246 5771 Ρ.
1340 5718 1383 5749 ⁷⁸
1421 5720 1691 5786 μήκιστον
1724 5713 1787 5769 C.
1816 5711 2037 5786 μείζονα

781 5790 820 5821 ’³
857 5778 1090 5858 τῇῖδὲᾳ]
1120 5789 1216 5858 τὴν
1243 5788 1371 5840 θέαν
1396 5778 1493 5858 (ἶν’
1562 5786 1607 5815 ⁷⁴
1636 5778 1845 5858 γίνεται
1876 5783 1963 5832 καί
1985 5799 2046 5858 ξφ.
2072 5778 2127 5830 Ρ.

788 5860 850 5909 t1.
900 5851 967 5889 ”⁸¹
1006 5851 1378 5925 Κόπρὼνυμον
1404 5854 1652 5923 Κόνωνα]
1689 5855 2092 5925 Κωνσταντξνον
2129 5851 2187 5900 (ἰ.

785 5929 815 5981 ὃ
840 5930 904 5995 C,
932 5929 987 5992 ὃς
1022 5928 1077 5982 1⁵.
1135 5918 1201 5959 ’⁸⁵
1232 5918 1531 5991 θείαςηδτίά.
1564 5918 1649 5978 (λ’
1700 5928 1741 5956 ⁸⁸
1772 5927 1916 5992 μιτεῐ
1951 5940 1999 5973 τε
2028 5919 2266 5991 Χριστὸν
2290 5918 2345 5970 ι’.

2174 5566 2220 5597 ⁸⁸
2254 5561 2661 5631 ἐπεὶν-ἀρχῆς
2701 5556 2827 5609 add.
2862 5554 2929 5631 C.
3002 5554 3045 5583 "
3076 5555 3168 5631 καὶ
3213 5559 3336 5620 post
3390 5550 3742 5631 gaCOnué-zot_;
3809 5549 3944 5631 add.

2308 5637 2354 5667 "°
2418 5618 2805 5702 παρ’ἀῖττυστος
2853 5618 3399 5702 ναι-Ιῌπαρρπταιστος
3428 5636 3648 5702 ,ιιιιηςο
3683 5618 3743 5671 P.

2218 5708 2264 5739 "
2293 5694 2571 5773 διανύσῂς.
2603 5699 2763 5773 εἱλκαί
2784 5711 2868 5773 ῖξς
2894 5694 3057 5773 ἄλλος
3085 5694 3143 5773 Ρ;

2231 5778 2276 5809 "'
2318 5768 2626 5841 ἀκάθαρτος
2648 5768 2706 5821 Ρ.
2788 5768 2833 5797 ⁷⁸⁸
2862 5783 2918 5816 τε
2956 5768 3080 5815 add.
3122 5768 3185 5815 C.
3260 5768 3307 5791 '”'
3333 5768 3532 5843 θείων]

2266 5848 2311 5879 ⁸³
2339 5834 2541 5914 ὁμοίως
2582 5839 2843 5907 ἀθροίσας
2872 5836 2961 5914 (2..
3012 5836 3061 5914 ’ξ
3090 5835 3460 5914 ἐρῖαστηριον
3494 5834 3555 5883 C.

2425 5919 2465 5949 ⁸⁷
2504 5915 2599 5966 καὶ
2628 5905 2749 5962 aute
2774 5910 2830 5958 ἐν
2860 5905 2983 5960 add.
3024 5907 3083 5960 (ὲ.

3853 5621 3900 5650 ⁷⁸
3956 5618 4043 5669 τοῦ

3248 5692 3295 5723 ⁷³
3334 5691 3570 5750 ἀπάταις
3613 5690 3967 5757 φενακισθεὶς
3988 5688 4041 5740 Ρ.

3260 5763 3307 5791 ⁷⁸
3333 5762 3491 5812 θείων
3520 5759 3580 5813 Ρ.
3661 5760 3897 5812 "uitta-3
3935 5774 4037 5813 om.

3662 5831 3707 5859 “
3735 5826 3777 5897 ᾧ
3822 5831 4037 5889 liasins.

3165 5906 3207 5937 "
3232 5899 3629 5971 Ξπιᾴερόμενος
3659 5899 3717 5953 l’.

2788 5768 2833 5797 ⁷⁸⁸
2862 5783 2918 5816 τε
2956 5765 3080 5815 add.
3122 5763 3185 5815 C.
