4158 6438
180 436 278 498 841

1260 438 1455 499 ΥΙΤᾹΞ
1512 435 2057 497 RECENTIORUM
2132 436 2326 495 IMPP.

3313 432 3417 496 ΒΩ

179 554 312 607 Θεοῦ
338 552 558 607 καὶτῶν
581 552 750 621 ἁγίων
782 552 935 623 ὕϐρις
955 551 1047 606 καὶ
1070 552 1166 621 τῆς
1204 553 1533 623 Ἰείκκλησίας
1560 554 1587 605 ὁ
1619 554 1746 604 διω-

1869 550 2022 604 .ἱοηίς
2075 549 2342 604 sollicitus
2400 548 2619 603 anitnus
2670 562 2730 601 ac
2773 548 3021 601 ambitio.
3095 547 3237 603 llinc
3302 564 3424 618 qua:

179 648 341 715 γμός.
379 645 655 698 Ἐντεῦθεν
682 645 1214 715 κατακυριευόμενον
1246 644 1278 714 ἢ
1318 643 1750 715 τυραννούμενον

179 737 239 787 τὸ
268 736 508 804 ὑπήκοον
538 736 649 797 τοῖς
699 736 923 787 ἐκείνων
968 732 1014 765 ⁸⁸
1047 734 1277 800 δόγμασι
1306 733 1400 784 καὶ
1451 733 1751 802 θελήμασιν

181 825 517 879 ὑποκύπτειν
544 824 858 889 ἐκϐιάζεται
876 841 889 853 ·
926 823 1011 896 [Ρ.
1041 822 1165 896 509]
1186 819 1261 877 ὧν
1284 824 1468 877 ἕνεκεν
1494 824 1553 876 τὸ
1579 824 1751 893 ἔμψυ-

179 932 274 984 χον
297 916 654 984 κεχάλκευται
680 917 776 968 καὶ
810 915 1148 985 ἐσχεδίασται
1174 915 1356 979 ὅπλον,
1392 915 1629 983 σχήματι
1655 914 1753 983 μὲν

178 1009 272 1062 τοῦ
331 1009 818 1079 σωματοφυλακεῖν
874 1007 1237 1077 ἠθροισμένον
1267 1008 1335 1071 εί,
1384 1010 1503 1068 ταῖς
1530 1006 1586 1059 δὲ
1618 1007 1751 1073 άλη-

179 1097 355 1159 θείαις
384 1100 476 1152 τοῦ
499 1098 789 1168 ἐκπορθεῖν
824 1100 923 1167 τὴν
965 1098 1291 1168 Ἐκκλησίαν
1326 1096 1563 1168 Χριστοῦ
1588 1098 1632 1129 θ’
1660 1098 1755 1150 καὶ

176 1190 387 1258 ληῐζειν
412 1192 857 1260 ἑπινενοημένον,
928 1190 1198 1260 προφάσει
1228 1189 1323 1242 τοῦ
1378 1190 1755 1260 συμπεριγράο

178 1284 379 1351 φεσθσι
410 1283 509 1353 τὴν
544 1283 782 1354 Χριστοῦ
825 1282 1057 1354 θεότητα
1086 1284 1145 1337 ἐν
1175 1286 1242 1353 τῇ
1275 1283 1466 1345 εἰκόνι,
1504 1281 1755 1353 παραλη-

173 1374 403 1445 ροῦντες
433 1375 479 1407 ⁸³
502 1391 516 1405 ·
542 1374 617 1439 ὡς
664 1374 719 1427 εῐ
744 1392 831 1439 τις
855 1374 1029 1427 καὶτὸ
1053 1374 1275 1445 ἡλιακὸν
1307 1375 1371 1446 δὴ
1402 1374 1559 1427 τοῦτο
1588 1374 1682 1426 καὶ
1709 1372 1756 1405 ⁸⁸

170 1468 475 1530 δισκοειδὶς
520 1467 677 1536 σῶμα
702 1467 1091 1537 γεγραμμένον
1121 1467 1181 1519 ἓν
1209 1484 1317 1519 τινι
1366 1466 1536 1535 τόπῳ,
1575 1464 1756 1529 καθὼς

170 1557 232 1607 ἕν
262 1573 411 1609 τισιν
463 1558 657 1627 ὁρᾶται
694 1558 1036 1626 γιγνόμενον,
1075 1557 1422 1621 ὑποδείξειεν,
1470 1557 1758 1623 ἐδογμάτι-

173 1664 277 1699 σαν
302 1648 347 1678 ⁸⁸
379 1648 445 1700 ἂν
476 1648 568 1701 καὶ
596 1648 694 1717 τὴν
727 1647 823 1701 τοῦ
859 1649 1038 1718 φωτὸς
1066 1649 1255 1701 οὐσίαν
1287 1650 1380 1702 καὶ
1406 1648 1586 1717 αὐγὴν
1632 1666 1760 1717 συγ-

169 1737 490 1806 γράφεσθαι
511 1740 606 1792 καὶ
635 1740 1079 1811 περιγράφεσθαι
1103 1740 1137 1809 ἢ
1163 1739 1382 1802 πάντως
1410 1740 1474 1793 ἐκ
1498 1738 1590 1792 τοῦ
1611 1740 1757 1806 ἡλίου

170 1830 234 1881 τὸ
275 1830 393 1897 φῶς
431 1831 853 1901 ἀποτέμνεσθαι,
900 1832 933 1901 ἢ
978 1831 1139 1885 πάλιν
1176 1832 1374 1885 ἀκτῖνα
1402 1830 1551 1901 ἡλίου
1582 1832 1635 1884 εί
1657 1848 1758 1883 που

1853 642 2115 695 adversus
2159 642 2328 695 Deum
2378 650 2709 710 sanctosque
2762 640 3099 695 contumelia
3159 642 3423 711 jactatur,

1853 745 1916 783 ac
1963 731 2220 785 Ecclesia:
2296 731 2626 800 persecutio.
2677 729 2815 784 Hinc
2862 729 3147 785 dominatu
3191 747 3286 786 seu
3339 740 3427 804 ty-

1855 821 2081 875 rannide
2109 821 2356 892 oppressi
2407 822 2611 877 subditi
2664 821 2884 876 illorum
2918 821 3190 878 doctrinis
3228 840 3291 878 ac
3324 839 3424 877 vo-

1855 914 2157 970 luntatibus
2189 915 2433 969 animum
2464 916 2788 971 submittere
2815 925 3126 987 coguntur;
3161 919 3316 986 cujus
3346 920 3425 974 rei

1854 1002 2025 1072 gratia
2052 1005 2218 1058 telum
2263 1003 2486 1058 cuditur
2515 1018 2579 1058 ac
2620 1004 2930 1074 expeditur,
2971 1019 3037 1059 eo
3072 1005 3294 1074 quidem
3327 1023 3426 1061 ρος

1855 1095 1970 1149 lore
2004 1103 2168 1165 atque
2207 1102 2497 1165 praetextu,
2545 1104 2607 1149 ut
2657 1106 2981 1165 congregata
3033 1111 3098 1150 ac
3128 1106 3280 1165 parta
3308 1113 3428 1151 ser‘

1856 1194 2074 1251 ventur,
2120 1202 2313 1241 revera
2345 1196 2527 1241 autem
2576 1185 2645 1240 ad
2682 1187 3093 1255 expugnandam
3126 1188 3425 1242 Ecclesium

1857 1292 2087 1346 eamque
2120 1278 2485 1347 populandam
2514 1277 2887 1343 adinventum,
2914 1280 3091 1346 quasi,
3126 1289 3187 1333 ut
3220 1280 3297 1333 illi
3329 1280 3428 1333 de-

1857 1369 2042 1433 lirant,
2067 1368 2277 1424 Christi
2321 1369 2498 1424 deitas
2538 1370 2595 1423 in
2647 1370 2881 1439 imagine
2911 1369 3427 1436 circumscribatur;

1858 1475 1944 1523 ac,
1977 1459 2020 1513 si
2052 1459 2175 1529 quis
2219 1459 2398 1513 solare
2446 1458 2551 1512 hoc
2585 1475 2783 1535 corpus
2830 1475 2893 1513 ac
2932 1459 3229 1514 orbiculari
3256 1460 3430 1529 ﬁgura

1862 1548 1915 1601 in
1950 1549 2136 1617 aliquo
2188 1548 2464 1618 depictum
2498 1549 2621 1602 loco
2676 1547 2990 1611 ostendens,
3048 1563 3158 1603 una
3210 1564 3433 1618 quoque

1860 1636 2081 1707 depingi
2126 1652 2191 1691 ac
2232 1636 2614 1692 circumscribi
2652 1638 2795 1691 lucis
2842 1637 3203 1692 substantiam
3230 1654 3293 1693 ac
3324 1638 3433 1693 ful-

1862 1744 2047 1796 gorem
2080 1743 2179 1782 seu
2204 1728 2431 1783 omnino
2454 1728 2703 1783 abscindi
2722 1744 2752 1783 a
2776 1728 2891 1784 sole
2912 1729 3099 1783 lumen
3128 1732 3429 1798 putaverit;

1862 1816 1947 1870 vel
1994 1832 2190 1871 rursus
2236 1816 2332 1886 qui
2370 1817 2506 1873 solis
2533 1818 2748 1872 radium
2775 1818 2962 1873 arbori
2992 1819 3321 1874 insidentem
3348 1821 3434 1873 vi-

166 1893 379 1990 δένδρῳ
407 1922 454 1953 ⁸⁸
500 1893 946 1991 προσϐάλλουσαν
996 1921 1119 1987 ἴδοι,
1186 1893 1481 1993 ὲντμηθείη
1510 1922 1568 1975 δὲ
1607 1923 1651 1955 ⁸⁷
1700 1922 1763 1975 τὸ

1869 1908 1999 1963 dens
2035 1922 2171 1963 caesa
2197 1908 2392 1964 arbore
2427 1908 2642 1963 radium
2664 1926 2882 1979 quoque
2914 1912 3161 1965 exscindi
3190 1910 3435 1966 dementi

166 2013 417 2083 δένδρον,
454 2015 961 2087 συνεγκοπήσεσθαι
991 2016 1037 2048 ⁸⁸
1088 2016 1181 2068 καὶ
1210 2015 1309 2085 τὴν
1344 2018 1540 2069 ἀκτῖνα
1570 2031 1757 2085 παρα-

172 2105 391 2175 φρὸνως
444 2106 731 2176 ἐνομίσθη.
792 2106 906 2160 Καὶ
937 2105 1121 2177 μέντοι
1174 2106 1268 2159 καὶ
1312 2105 1406 2158 ἐπὶ
1462 2104 1635 2176 πυρὸς
1670 2105 1761 2157 καὶ

171 2198 354 2251 ἄλλων
382 2197 544 2251 τινῶν
570 2198 1036 2268 διανοηθήσονται,
1085 2198 1174 2252 ἵνα
1198 2197 1421 2260 ἐνδίκως
1454 2197 1603 2267 παρὰ
1632 2196 1759 2249 παί-

171 2289 284 2342 δων
315 2290 624 2353 παιζόντων
682 2292 1093 2363 παιχθήσωνται
1127 2289 1447 2359 φρονοῦντες
1493 2291 1763 2343 ἀσυνετώ-

170 2394 334 2448 τερα.
370 2379 431 2431 Ei
473 2378 581 2450 γὰρ
614 2379 842 2433 ἐπὶτῶν
876 2379 1184 2451 εἰρημένων
1215 2378 1341 2432 οὔτε
1369 2379 1612 2447 γίνεσθαι
1638 2378 1763 2432 οῦτε

171 2470 412 2540 ὁρᾶσθαι
466 2472 708 2539 πέφυκεν
751 2469 874 2524 οῦτε
918 2472 1024 2541 μὴν
1074 2470 1326 2539 λέγεσθαι
1351 2471 1536 2540 χώραν
1562 2469 1760 2535 seu",

174 2562 335 2630 πόσῳ
356 2560 557 2630 μᾶλλον
588 2562 682 2614 ἐπὶ
711 2561 812 2629 τῆς
846 2562 1167 2633 ἀπορρήτου
1203 2560 1455 2624 καὶθείας
1487 2561 1700 2630 φύσεως
1729 2562 1759 2633 ἢ

172 2654 269 2705 ἐπὶ
306 2654 408 2723 τῆς
437 2654 718 2725 ἀφράστου
747 2656 840 2709 καὶ
865 2655 1267 2726 ἀνερμηνεύτου
1294 2654 1530 2725 Χριστοῦ
1560 2659 1764 2709 οἰκονοο

171 2748 312 2816 μίας
326 2747 501 2802 ταῦτα
514 2749 742 2820 λέγεινῆ
762 2749 958 2801 ἔννοείν
975 2746 1213 2803 ἀδύνατα
1230 2746 1322 2800 καὶ
1339 2748 1726 2818 ἀνεπιχείρητα
1742 2750 1757 2801 1

171 2837 315 2889 Οὐδὲ
345 2836 455 2908 γάρ
485 2838 531 2871 ’⁸
567 2837 946 2907 σαρκούμενος
978 2836 1009 2908 ἢ
1045 2838 1271 2908 πάσχων
1324 2837 1463 2908 ὑπὲρ
1499 2837 1656 2907 ἡμῶν
1686 2838 1763 2908 τῷ

173 2927 398 2997 σώματι
413 2928 574 2981 τοῦτο
592 2928 636 2961 ⁹²
665 2928 952 2991 πέπονθεν,
973 2930 1098 2981 ἐπεὶ
1119 2928 1262 2983 οὕτω
1285 2946 1348 2998 γε
1367 2929 1457 2981 καὶ
1484 2930 1531 2981 εἰ
1554 2927 1765 2999 ἄνθρω-

172 3036 276 3083 πος
310 3019 422 3073 τῶν
446 3020 493 3050 η
523 3018 646 3074 καθ’
673 3021 820 3092 ἡμᾶς
849 3019 1170 3085 είκονίζοιτο
1196 3022 1435 3090 σώματι,
1468 3022 1683 3089 ἀνάγκη
1716 3020 1764 3052 ’³

175 3112 273 3164 καὶ
293 3112 397 3183 τὴν
420 3113 599 3184 ψυχὴν
659 3113 1139 3178 σννειιονίζεσθαι,
1170 3114 1203 3184 ἢ
1238 3114 1458 3175 πάντως
1508 3111 1765 3182 τεθνήξει

1863 2016 2026 2057 sensu
2049 2001 2463 2057 existimaverit.
2499 2002 2703 2057 Eadem
2722 2010 2779 2057 et
2803 2003 2859 2056 ln
2877 2002 3000 2067 igne
3022 2003 3250 2073 aliisque
3272 2005 3432 2075 781

1864 2094 2143 2148 nonnullis
2185 2096 2326 2150 ratio
2360 2095 2825 2160 considerabitur,
2864 2104 2927 2149 ut
2964 2111 2994 2149 a
3030 2097 3217 2166 pueris
3246 2097 3435 2151 illuse-

1864 2189 2018 2244 ribus
2057 2190 2123 2246 iis
2151 2190 2350 2245 merito
2384 2191 2667 2257 iiludatur,
2695 2193 2789 2261 qui
2832 2192 3036 2263 majore
3057 2194 3278 2248 cunctis
3303 2194 3442 2249 stul-

1868 2280 1985 2334 titia
2018 2281 2404 2351 dementiaque
2437 2283 2729 2338 insaniant.
2762 2283 2983 2338 Sienim
3004 2300 3107 2340 nec
3140 2286 3194 2340 in
3226 2286 3295 2341 iis
3319 2302 3441 2357 qua:

1864 2370 2011 2426 dicta
2061 2383 2190 2427 sunt
2230 2374 2317 2428 vel
2370 2375 2489 2429 ﬁeri
2520 2376 2603 2429 vel
2635 2375 2809 2430 videri
2845 2384 3219 2445 comparatum
3253 2388 3359 2441 est,
3385 2387 3441 2432 at

1866 2475 2044 2530 neque
2078 2461 2187 2515 dici
2238 2462 2416 2517 locum
2471 2464 2657 2527 habet,
2697 2473 2905 2533 quanto
2941 2465 3114 2537 magis
3156 2466 3211 2520 in
3235 2482 3442 2528 arcana

1865 2550 2158 2621 divinaque
2193 2565 2409 2617 natura,
2443 2556 2557 2610 sive
2592 2557 2646 2609 in
2678 2555 2879 2611 Christi
2929 2559 3094 2613 nullis
3122 2561 3308 2615 verbis
3345 2578 3442 2615 ex-

1866 2644 2108 2712 plieabili
2161 2644 2669 2717 interpretabilique
2717 2646 3148 2718 dispensatione,
3182 2652 3441 2721 impossi-

1866 2737 1995 2793 bilia
2030 2738 2145 2793 haec
2183 2740 2332 2794 dictu
2394 2751 2491 2796 aut
2535 2742 2777 2811 cogitatu
2825 2759 2889 2798 ac
2922 2745 3288 2800 inconcessa?
3312 2763 3439 2802 nam

1865 2847 2045 2901 neque
2092 2848 2311 2887 carnem
2362 2836 2599 2889 sumenti
2648 2846 2745 2891 aut
2785 2837 2957 2891 nostri
2989 2839 3165 2909 gratia
3210 2855 3441 2910 corpore

1866 2924 2124 2979 morienti
2159 2925 2213 2979 id
2265 2926 2317 2980 ei
2359 2927 2566 2983 evenit.
2596 2926 2815 2998 Alioqui
2856 2945 2919 2984 ea
2963 2932 3197 2997 ratione,
3232 2949 3359 2989 cum
3382 2944 3443 2988 et

1866 3015 1969 3083 ipsi
2013 3030 2243 3085 corpore
2285 3018 2581 3088 pingimur,
2620 3034 2727 3073 una
2769 3034 2989 3088 quoque
3019 3022 3257 3076 animam
3294 3024 3443 3093 pingi

1866 3124 2093 3163 necesse
2149 3120 2316 3173 esset,
2361 3121 2456 3164 aut
2496 3128 2691 3166 eorum
2738 3128 2965 3183 prorsus
3012 3114 3250 3171 divortio
3281 3118 3442 3172 mori.

172 3205 310 3259 σθαι
350 3204 770 3275 χωριζομένων·
805 3204 859 3257 τί
888 3204 995 3276 γάρ
1024 3204 1213 3274 ἓτερον
1245 3203 1477 3267 θάνατος
1509 3204 1540 3273 ἦ
1588 3220 1758 3275 χωρι-

1869 3198 2010 3265 Quid
2036 3216 2271 3270 namque
2302 3202 2449 3256 aliud
2494 3220 2641 3259 mors
2667 3221 2827 3274 quam
2862 3207 3057 3262 animae
3087 3210 3449 3277 corporisque

172 3297 320 3366 σμὸς
342 3296 521 3366 ψυχῆς
546 3297 638 3348 καὶ
666 3295 713 3328 ⁸⁵
769 3295 1055 3367 σώματος;
1091 3295 1255 3349 Ὅθεν
1293 3296 1349 3347 ὲν
1379 3296 1589 3358 τούτοις
1615 3295 1753 3363 φαί-

171 3406 369 3442 νονται
404 3386 686 3455 προδήλως
719 3386 874 3440 οὐδὲν
902 3382 1065 3457 ἦττον
1103 3385 1429 3449 ἀσεϐοῦντες
1464 3384 1495 3455 ἢ
1530 3385 1765 3453 ἀμαθαί-

171 3495 366 3540 νοντες
383 3494 399 3508 ·
420 3478 481 3530 οὐ
513 3477 622 3546 γὰρ
643 3478 823 3528 ἴσασιν
844 3477 969 3528 ὅσον
988 3474 1229 3543 γραπτοῦ
1259 3476 1354 3526 καὶ
1387 3474 1763 3543 περιγμιπτοῦ

172 3570 273 3623 τοῦ
299 3587 363 3622 τε
388 3568 632 3641 γράφειν
660 3567 758 3622 καὶ
792 3567 1156 3637 περιγράφειν
1186 3566 1248 3619 τὸ
1277 3566 1476 3630 ἰδιάζον
1494 3567 1587 3617 καὶ
1615 3565 1764 3633 διηλ-

173 3658 481 3729 λαγμένον,
545 3657 640 3711 καὶ⁸
691 3656 781 3709 διὰ
834 3655 994 3709 τοῦτο
1027 3654 1446 3725 φενακιζόμενοι
1478 3653 1768 3725 ματαιολο-

174 3753 363 3821 γοῦσι.
413 3751 525 3804 Ποῦ
579 3751 636 3804 δὲ
673 3750 811 3813 ὅλως
844 3749 1001 3819 σῶμα
1032 3748 1281 3819 ἄγραφον
1318 3747 1350 3817 ἢ
1386 3747 1768 3817 ἀπερίγραφον

173 3849 248 3899 ἐκ
277 3843 375 3897 τοῦ
412 3842 615 3905 παντὸς
640 3841 834 3904 αἰῶνος
864 3842 1167 3911 ἧκουσται;
1196 3842 1229 3908 ἢ
1263 3839 1379 3900 πῶς
1402 3840 1429 3890 ὁ
1458 3838 1551 3889 τοῦ
1580 3837 1766 3906 σώμα-

172 3956 271 4001 τος
300 3940 430 4009 ὄρος
454 3938 548 3989 καὶ
573 3935 728 4003 λόγος
759 3933 1087 4005 σωθήσεται,
1116 3930 1260 4002 εἰμὴ
1289 3929 1464 3983 ταῦτα
1511 3928 1657 3998 ἔχοι;
1712 3929 1770 3979 'U

175 4033 370 4085 τοίνυν
420 4031 496 4100 μὴ
520 4028 760 4095 δοξάζων
792 4024 1103 4097 γράφεσθαι
1133 4024 1166 4095 ἢ
1215 4021 1651 4093 περιγράφεσθαι
1682 4019 1771 4072 τὸν

177 4121 428 4191 Χριστὸν
460 4120 695 4187 σώματι,
726 4118 760 4188 ἥ
789 4118 815 4170 ὅ
856 4116 907 4169 τί
942 4118 1058 4168 ζεστι
1089 4114 1251 4182 σῶμα
1282 4113 1382 4165 οὐκ
1411 4111 1573 4180 ἔγνω,
1614 4110 1671 4174 ἐξ
1709 4101 1770 4160 οὗ

185 4215 327 4286 μηδὲ
356 4212 516 4276 δόξαν
536 4211 703 4281 ὀρθὴν
728 4210 1017 4277 κέκτηται,
1054 4206 1087 4275 ἥ
1115 4208 1272 4274 γνοὺς
1296 4205 1455 4274 σῶμα
1481 4205 1574 4257 καὶ
1596 4203 1773 4272 ψυχὴν

181 4306 467 4371 σώζεσθαι
502 4301 942 4374 παραιτεῖταιη.
1005 4298 1065 4353 Ὀ
1120 4297 1250 4365 γοῦν
1280 4296 1556 4367 ὁμολογῶν
1617 4294 1776 4365 σῶμα

179 4405 278 4455 τὸν
310 4399 547 4471 Χριστὸν
576 4396 925 4466 ἀνειληφέναι
964 4394 1146 4445 ὁποῖον
1195 4390 1256 4443 τὸ
1286 4388 1577 4459 ἡμέτερον,
1618 4387 1778 4440 τοῦτο

176 4496 242 4549 δὲ
294 4491 547 4563 γραπτὸν
578 4489 673 4541 κα¹ι
700 4484 1099 4557 περιγραπτδν,
1150 4481 1210 4545 ἐξ
1238 4482 1484 4550 ἀνάγκης
1516 4480 1562 4511 ⁸⁸
1589 4480 1685 4533 καὶ
1717 4480 1777 4532 τὸ

1869 3290 2171 3346 divortium
2191 3308 2256 3348 ae
2277 3294 2545 3363 sejunctiu
2562 3296 2583 3348 ?
2603 3297 2967 3361 Quamobrem
2996 3299 3344 3353 manifestum
3367 3312 3452 3355 est

1872 3384 1928 3438 in
1960 3384 2078 3438 istis
2113 3401 2222 3438 non
2252 3388 2423 3455 magis
2449 3402 2544 3441 eos
2576 3388 3015 3458 impietatilitarc
3046 3406 3210 3460 quam
3247 3392 3450 3447 deliros

1870 3490 1935 3528 ac
1963 3475 2200 3529 insulsos
2219 3475 2493 3531 esse.Non
2516 3479 2662 3531 enim
2700 3490 2903 3533 norunt
2927 3490 3192 3550 quantum
3230 3483 3451 3537 intersit

1875 3568 2018 3621 inter
2049 3570 2254 3638 pictum
2297 3579 2353 3624 et
2394 3571 2895 3641 circumscriptum,
2928 3591 3204 3644 quamque
3232 3577 3450 3631 diversa

1875 3660 1992 3715 lucc
2020 3662 2134 3715 suis
2167 3678 2399 3731 qumque
2435 3664 2740 3718 rationibus
2768 3666 3050 3720 exsistant.
3084 3665 3450 3732 Quamobrem

1876 3748 2044 3813 haece
2104 3750 2535 3806 hailucinationc
2588 3770 2724 3806 vana
2782 3755 3106 3824 loquuntur.
3172 3757 3273 3811 Ubi
3321 3774 3454 3813 vero

1876 3860 2103 3913 prorsus
2147 3860 2347 3915 corpus
2388 3847 2457 3899 ab
2488 3847 2637 3899 omni
2683 3864 2819 3911 :cvo,
2849 3848 2995 3917 quod
3041 3864 3149 3902 non
3196 3850 3451 3920 pingatur

1877 3945 1969 3988 aut
2009 3937 2515 4001 circumscribatur,
2558 3939 2805 3992 auditum
2845 3940 2974 3993 est?
3024 3939 3132 3993 Aut
3173 3942 3454 4009 quomodo

1878 4026 2126 4092 corporis
2171 4025 2420 4081 deﬁnitio
2458 4028 2733 4081 constabit
2764 4040 2929 4098 atque
2981 4032 3141 4095 ratio,
3182 4032 3288 4085 nisi
3342 4032 3457 4086 luce

1882 4114 2175 4169 habuerit?
2213 4116 2317 4181 Qui
2366 4132 2498 4185 ergo
2529 4134 2635 4170 non
2687 4119 2963 4172 existimat
2990 4120 3141 4190 pingi
3174 4120 3454 4174 Christum

1881 4220 2111 4275 corpore
2151 4216 2247 4261 aut
2286 4208 2687 4274 circumscribi,
2717 4222 2811 4263 aut
2853 4212 3027 4265 nescit
3061 4226 3260 4280 corpus
3302 4228 3456 4272 esse.

1881 4314 1948 4351 ex
1982 4314 2092 4367 quo
2152 4299 2329 4369 ipsum
2375 4315 2479 4354 nec
2536 4310 2680 4355 recte
2732 4303 2935 4356 sentire
2988 4303 3197 4371 liquet;
3242 4303 3327 4357 vel
3364 4304 3457 4372 qui

1883 4404 2081 4457 corpus
2104 4390 2451 4458 animamque
2480 4390 2810 4444 incolumem
2839 4392 2995 4457 sciat,
3017 4400 3233 4446 recusat
3253 4393 3455 4446 dicere.

1882 4478 1986 4545 Qui
2017 4479 2201 4549 itaque
2224 4480 2502 4535 Christum
2531 4481 2668 4537 dicit
2688 4483 3049 4551 assumpsisse
3073 4498 3274 4551 corpus
3298 4484 3460 4551 quaie

181 4585 280 4638 τοῦ
313 4580 558 4653 Χριστοῦ
582 4581 740 4648 σῶμα
767 4580 814 4610 ⁸⁷
846 4577 1092 4649 γραπτὸν
1120 4576 1211 4627 καὶ
1240 4572 1613 4644 περιγραπτὺν
1639 4568 1763 4624 εἶναι

1885 4585 2128 4629 nostrum
2171 4586 2257 4629 est
2301 4592 2365 4628 ac
2402 4576 2723 4639 humanum,
2758 4591 2881 4629 cum
2916 4576 3218 4629 humanum
3261 4591 3462 4644 corpus

183 4674 707 4746 συνομολογήσειεν.
740 4669 800 4722 Ei
827 4669 889 4721 δὲ
925 4668 983 4721 τὸ
1003 4667 1254 4737 δεύτερον
1296 4667 1357 4718 οὐ
1380 4664 1561 4729 δώσει,
1586 4664 1631 4696 ³⁸
1660 4663 1777 4716 οὐδὲ

181 4771 248 4821 τδ
297 4768 523 4839 πρῶτον
582 4765 723 4836 ἄρα,
785 4763 813 4814 ὃ
863 4762 1037 4830 πάντη
1090 4760 1282 4827 ἄλογον
1332 4758 1427 4811 καὶ
1469 4758 1776 4824 καταγέλα-

187 4878 315 4913 στον
323 4900 337 4912 .

259 5038 369 5106 ης,
391 5036 465 5088 Οῦ
486 5034 900 5104 περιγράφομεν
913 5026 1006 5084 οῦν
1021 5030 1202 5100 ἡμεῖς,
1218 5027 1351 5081 ἀλλὰ
1365 5027 1781 5097 γράφομεν.Κε-

183 5128 483 5196 νολογοῦσι
511 5127 568 5180 δὲ
600 5126 645 5158 ’³
696 5126 746 5178 οἱ
777 5126 949 5180 ἄθλιοι
1003 5128 1096 5176 καὶ
1127 5121 1257 5175 ἄλλο
1303 5119 1646 5189 ἀτοπώτερον
1670 5136 1682 5149 ·
1723 5119 1781 5170 ὃν

186 5222 301 5290 γάρ
324 5236 495 5289 φασιν
522 5218 966 5289 άπερίγραπτον,
994 5216 1093 5268 οὐκ
1120 5215 1206 5286 [Ρ.
1234 5212 1359 5285 510]
1388 5209 1485 5265 οἷδ’
1510 5212 1657 5273 ὅπως
1688 5210 1778 5263 ὑπ’

186 5314 453 5376 εὐηθείας
489 5310 1040 5382 συμπεριγράφεσθαι
1070 5311 1134 5378 τῇ
1171 5307 1339 5360 εἰκόνι
1366 5304 1771 5375 τερατεύονται.

1888 4667 2031 4736 pingi
2072 4677 2237 4736 queat
2285 4668 2448 4737 782
2495 4683 2557 4721 ac
2606 4668 3010 4730 circumscribi,
3047 4669 3212 4722 etiam
3261 4683 3463 4737 corpus

1884 4759 2085 4814 Christi
2112 4759 2419 4814 istiusmodi
2441 4761 2645 4828 pariter
2668 4760 2903 4813 fateatur
2927 4774 3146 4813 necesse
3180 4759 3272 4813 sit.
3303 4758 3458 4824 Quod

1887 4849 1930 4902 si
1966 4849 2200 4902 alterum
2256 4864 2365 4902 non
2395 4848 2659 4911 admittit,
2700 4863 2831 4917 ergo
2852 4840 2967 4901 'nec
3006 4846 3281 4916 primum;
3312 4848 3461 4917 quod

1892 4956 1921 4994 a
1956 4940 2167 4993 ratione
2203 4955 2432 5007 prorsus
2459 4939 2742 5003 abhorret,
2771 4949 2964 5007 estque
3007 4939 3325 4992 ridiculum.

1958 5033 2048 5085 27.
2074 5032 2189 5086 Non
2209 5047 2340 5102 ergo
2363 5048 2464 5086 nos
2483 5032 3014 5096 circumseribimus,
3040 5031 3134 5085 sed
3163 5031 3460 5101 pingimus.

1892 5125 1999 5181 Sed
2042 5135 2097 5179 et
2146 5124 2296 5178 aliud
2327 5125 2513 5180 miseri
2568 5124 2864 5179 absurdius
2908 5123 3145 5177 inaniter
3173 5124 3466 5193 jactantac

1889 5216 2169 5271 eﬂ‘utiunt.
2220 5215 2393 5280 Quem
2454 5216 2597 5270 enim
2660 5215 3200 5283 ineireumscriptum
3253 5214 3467 5277 dicunt,

1882 5324 1989 5377 qua
2014 5308 2263 5361 fatuitate
2290 5308 2501 5372 nescio,
2522 5324 2629 5362 una
2657 5323 2784 5362 cum
2820 5307 3055 5377 imagine
3080 5305 3466 5360 circumscribi

1500 5464 1735 5523 VARIA‘Z
1765 5465 2172 5524 LECTIONES.

293 5598 575 5657 ὀἰκεῐθεν
616 5596 680 5651 C.

195 5679 248 5711 οι
274 5678 376 5729 καὶ
413 5679 536 5743 post
559 5668 717 5743 τοῦτο
772 5679 883 5743 oni.
1078 5662 1164 5743 ’ξ’
1194 5658 1552 5743 ὲδιζίμάτισεν

191 5732 777 5810 ασυνάκοιπήαεσθαι
993 5732 1325 5810 ⁸⁸ῌέξεινᾫ.

199 5834 315 5871 οιιι.
347 5811 413 5868 Ο.
521 5804 855 5878 "ui-1&7!”
875 5804 935 5858 C-

805 5594 848 5625 ⁸¹
902 5589 1397 5662 σχηματοφυλακὴν
1461 5587 1793 5659 ἡθροισμένα
1848 5586 1910 5641 Ρ.
2020 5588 2064 5619 ⁸’
2106 5588 2343 5657 Χριστοῦ
2396 5586 2509 5639 add.

810 5680 883 5711 m.
942 5666 1002 5711 (ᾇ.
1118 5662 1164 5693 ⁸⁸
1194 5662 1552 5711 ἐδογμάτισεν
1574 5658 1633 5711 P.
1724 5658 1772 5689 “
1808 5658 1962 5711 ἡλίου
2014 5660 2147 5711 πρὸς
2214 5659 2430 5711 δένδρον
2472 5656 2509 5709 Ρ

1118 5662 1164 5693 ⁸⁸
1194 5662 1552 5730 ἐδογμάτισεν
1574 5660 1633 5713 1).
1724 5660 1772 5689 ⁸⁸
1808 5660 1962 5726 ἡλίου
2014 5660 2147 5724 πρὸς
2214 5660 2430 5728 δένδρον
2472 5660 2532 5712 l‘.

1039 5732 1426 5834 ..ἒῗιξῖλέιῗίιοηι
1450 5728 1827 5834 ,σιὲὰὶηὲἒὲἷν
1841 5727 2449 5834 Ιι-ςίιμηῗτὶιῖοὲτωνηέιε

1117 5804 1430 5873 παρήτηται
1490 5802 1571 5873 (3.7
1599 5797 1905 5873 παραπαίει
1944 5814 2133 5873 margo

2020 5588 2343 5669 "M93"?
2396 5586 2520 5669 adt}.-
2573 5585 2660 5669 C;.
2868 5581 3371 5669 περιπληρξῦγτεξλ
3408 5580 3469 5669 9;

2373 5676 2430 5710 ον
2472 5656 2532 5712 Ρ.
2616 5657 2660 5688 ⁸⁷
2696 5656 2834 5726 ᾔδει,
2882 5651 2960 5709 εἰ’
2988 5651 3288 5724 ἐκτμηθείη
3319 5652 3380 5703 τὸ
3415 5651 3475 5704 Ρ.

2373 5747 2424 5779 ’τι
2472 5729 2531 5780 C.
2652 5728 2697 5759 θ’
2722 5725 2851 5797 τῶν]
2910 5728 2966 5779 τὸ
3006 5725 3125 5797 Ρη-
3193 5722 3240 5797 ’ξ
3262 5721 3477 5797 ἀνάγκη

2330 5799 2451 5863 ηιξ
2485 5798 2730 5869 ἀνάγκης
2767 5792 2891 5850 iul-tl.
2916 5797 2978 5851 C.
3080 5795 3125 5826 ⁸⁷
3158 5794 3254 5845 καὶ
3288 5792 3348 5844 τδ
3385 5793 3475 5843 τοῖο

2046 5731 2089 5760 ⁹¹
2113 5729 2320 5781 τούτων

464 5876 656 5951 σῶμα]
688 5867 909 5930 κάκεῖνο
938 5874 1001 5929 C.
1078 5874 1123 5905 ’⁸
1153 5867 1365 5926 δίδωσιν
1398 5871 1456 5927 l’.
1534 5872 1578 5902 ’9
1612 5869 1787 5921 κενοὶ..
1821 5867 2011 5937 δὲ]κα“ι
2046 5871 2222 5923 κενολ.
2258 5869 2319 5923 C.

538 5980 810 6038 Parnon.
853 5973 969 6032 Gn.
1015 5970 1165 6032 (ΠΧ.

3022 5957 3101 6020 27
