4158 6438
770 402 874 463 813

2021 397 2349 456 (ἱΙίίΗΗΗΙ
2405 398 2744 457 MGNMIIH

3924 400 4025 463 8M

772 507 1293 562 mmminismmtur.
1317 504 1470 569 Quod
1496 506 1538 559 si
1564 506 1842 559 Christum
1877 508 2038 575 pit-tis
2072 506 2344 560 coloribus

2460 508 2519 558 ΕΞ
2547 508 2599 558 δὲ
2633 508 2696 574 δὴ
2737 508 2811 577 μη
2838 508 3031 577 χρῆναι
3058 509 3146 561 τὸν
3184 511 3417 579 Χριστὸν
3468 512 3830 575 εἰκονίζεσθαι
3867 516 4026 567 πάλιν

774 606 1165 668 ιηιρταξεριιιατθ
1197 612 1304 649 non
1355 599 1615 651 convenit
1646 598 1827 650 inania
1854 614 2045 650 rursus
2070 598 2342 666 loquenti-

773 694 913 753 bus,
965 690 1224 759 majorem
1279 690 1333 743 in
1402 690 1625 742 modum
1675 691 2062 760 magistrorum
2116 705 2340 743 suorum

768 782 1076 852 Charybdis
1119 796 1180 834 os
1224 779 1463 844 diduxit,
1502 780 1748 843 Manetis,
1779 781 2051 835 Valentini
2098 797 2162 835 ac
2200 782 2343 835 Mar-

768 876 964 928 cionis.
997 874 1097 939 Qui
1125 874 1272 927 enim
1302 874 1447 927 nuda
1474 875 1835 929 :cstimatione
1867 885 2193 944 speetroque
2212 873 2347 928 Ver-

771 969 898 1021 bum
939 968 1186 1021 divinum
1248 967 1589 1021 incarnatum
1658 983 1778 1021 esse
1840 967 2113 1031 sentiant,
2171 968 2345 1037 prima

767 1060 1130 1113 nihilominus
1205 1058 1475 1113 mendacii
1527 1059 1869 1128 blaSphemia
1916 1059 2342 1130 transﬁgentur,

767 1152 895 1205 dum
924 1151 1186 1205 adversus
1213 1164 1431 1205 omnem
1460 1150 1948 1220 dispensationem,
1987 1151 2254 1205 instructa
2279 1149 2346 1203 iis

768 1245 907 1307 acie,
950 1244 1117 1313 impie
1151 1253 1295 1297 stare
1331 1258 1439 1297 non
1472 1251 1749 1296 verentur.
1794 1240 1858 1295 lli
1908 1258 2044 1297 vero
2082 1243 2346 1312 quinam?

766 1336 869 1404 Qui
901 1336 1112 1391 scilicet
1158 1334 1225 1389 iis
1262 1350 1383 1403 qua:
1413 1334 1628 1388 laudem
1660 1333 1864 1389 habent
1905 1335 2236 1389 calumniam
2265 1336 2346 1389 in-

766 1430 971 1491 ferunt,
1026 1428 1079 1480 in
1129 1428 1248 1480 luce
1302 1426 1576 1480 tenebrosi
1629 1435 1777 1490 sunt,
1823 1427 1967 1481 circa
2022 1428 2343 1498 sapientiam

770 1520 1040 1589 imperiti,
1083 1522 1306 1588 ingrata:
1346 1528 1633 1585 creatura),
1671 1520 1823 1590 juxta
1870 1520 2018 1588 quod
2063 1536 2159 1574 eos
2190 1520 2345 1573 theo-

768 1615 921 1683 logus
951 1623 1129 1666 vocat.

1046 1744 1414 1800 MlCllAELlS
1462 1744 1659 1799 BALBI
1701 1743 2061 1801 IMPERIUM.

2453 600 2902 669 κενολογὴσουσιν
2934 604 2971 666 ⁸,
3023 604 3055 672 η
3098 603 3204 655 τῶν
3241 604 3579 658 διδασκάλων
3614 606 3794 659 αὐτῶν
3846 608 4024 677 Χάρυ-

2450 690 2562 752 ϐδις
2594 692 2793 755 αὐτοὺς
2841 694 3091 761 μεγάλως
3125 695 3144 724 ⁹
3178 696 3529 767 περικέχηνε,
3560 699 3861 765 Μάνεντος,
3893 701 4024 750 Οὐα-

2448 782 2686 835 λεντίνου
2709 800 2769 836 τε
2797 786 2890 837 καὶ
2917 786 3283 855 Μαρκίωνος..
3307 791 3534 858 Δοκήσει
3558 790 3666 860 γὰρ
3694 792 3792 845 καὶ
3820 810 4019 859 φαντα-

2451 874 2541 943 σίᾳ
2563 874 2653 927 τδν
2682 876 2824 927 Θεῖον
2845 877 3018 944 Λόγον
3059 879 3444 949 σεσαρκῶσθαι
3483 882 3502 913 ³
3530 880 3849 947 δοξάζοντες
3876 886 4023 937 οὐδὲν

2446 961 2609 1038 ἦττον
2646 969 2713 1037 τῇ
2743 968 2984 1039 προτέρᾳ
3013 970 3105 1023 τοῦ
3152 970 3378 1039 ψεύδους
3414 972 3735 1045 βλασφημίᾳ
3788 993 4023 1044 περιπα-

2450 1060 2726 1126 ρήσονται,
2754 1060 2807 1112 οἵ
2825 1077 2886 1127 γε
2910 1062 3047 1129 πρὸς
3078 1064 3261 1116 πᾶσαν
3282 1063 3379 1133 τὴν
3399 1066 3713 1134 οἰκονομίαν
3742 1083 4022 1135 παρατατ-

2448 1152 2665 1219 τόμενοι
2714 1150 2989 1214 δυσσεϐῶς
3031 1155 3092 1205 οὐ
3138 1156 3157 1184 ⁸
3197 1155 3651 1226 κατερυθριῶσιν.
3694 1158 3809 1210 Καὶ
3853 1157 4023 1210 ταῦτα

2448 1244 2629 1309 τίνες;
2660 1246 2721 1297 Οἱ
2756 1247 3052 1317 κατήγοροι
3076 1246 3185 1300 τῶν
3219 1250 3649 1320 ἐπαινουμένων,
3683 1253 3733 1303 οἱ
3759 1250 4022 1303 σκοτεινοὶ

2450 1339 2577 1407 περὶ
2611 1338 2670 1390 τὸ
2717 1338 2873 1404 φῶς,
2903 1342 2951 1391 οἱ
2984 1341 3111 1411 περὶ
3171 1341 3270 1410 τὴν
3332 1342 3526 1409 σοφίαν
3576 1343 3919 1403 ἀπαίδευτοι,
3956 1340 4024 1393 τά

2449 1428 2717 1498 ἀχάριστα
2748 1435 3040 1500 κτίσματα,
3067 1432 3207 1485 κατά
3236 1434 3332 1501 τὴν
3353 1432 3601 1501 θεολόγον
3624 1437 3645 1468 ⁸
3670 1436 3858 1505 φωνήν
3877 1435 3919 1487 ⁸.

2643 1739 2962 1794 ΒΔΣΙΛΕΙΛ
3006 1738 3279 1794 ΜΙΧΑΗΛ
3308 1740 3446 1793 ΤΟΥ
3489 1741 3840 1795 ΤΡΑΥΛΟΥ.

843 1862 893 1913 1.
919 1861 1076 1914 Anno
1117 1857 1305 1912 mundi
1332 1856 1491 1922 6516,
1522 1874 1551 1911 a
1580 1857 1784 1913 Christi
1806 1872 1938 1913 vero
1959 1858 2014 1911 in
2037 1871 2201 1912 carne
2229 1857 2342 1911 dis-

2518 1852 2588 1909 a'.
2604 1853 2696 1925 Τῷ
2719 1861 2889 1927 ἥτις*
2919 1857 3026 1909 ἀπὸ
3042 1855 3135 1909 τοῦ
3153 1858 3383 1927 κόσμου,
3419 1857 3530 1911 ἀπὸ
3558 1858 3615 1911 δέ
3634 1857 3732 1927 τῆς
3764 1858 4028 1927 ἐνσάρκον

764 1953 1085 2022 pensatione
1132 1952 1255 2015 816,
1322 1951 1609 2021 imperavit
1638 1950 1867 2005 Michael
1914 1950 2137 2013 Balbus,
2179 1950 2344 2003 Amo-

765 2048 848 2099 l'lO
871 2054 1045 2107 Ol'lllS,
1077 2058 1250 2097 annos
1282 2052 1407 2095 00ιο
1434 2057 1653 2097 menses
1691 2056 1923 2107 novem;
1984 2049 2345 2110 mortuusque

765 2135 927 2205 783
944 2144 1027 2189 est
1046 2136 1218 2189 urina:
1237 2132 1553 2187 dillicultatc
1572 2133 1830 2187 laborans
1853 2148 2157 2202 renumquc
2182 2132 2347 2187 vehe-

763 2225 1110 2280 mentissimo
1142 2224 1334 2279 dolore
1364 2225 1734 2279 excruciatus.
1771 2225 1828 2279 ls
1860 2240 1985 2279 cum
2018 2240 2210 2294 parum
2249 2224 2347 2279 ali-

762 2318 895 2388 quid
930 2318 1237 2386 superioris
1276 2316 1541 2371 malitiam
1569 2317 1833 2385 temporis
1874 2316 2126 2371 leniisset
2150 2357 2163 2380 ,
2217 2317 2347 2371 hac-

765 2426 927 2466 tenus
989 2410 1166 2465 solum
1226 2420 1285 2463 ut
1323 2408 1416 2479 qui
1466 2423 1687 2464 carcere
1734 2408 1944 2464 detenti
1995 2418 2205 2474 essent,
2251 2410 2345 2479 qui

768 2503 1057 2558 laboribus
1089 2501 1341 2565 subacti,
1375 2502 1469 2571 qui
1502 2502 1697 2557 exsilio
1743 2501 1991 2571 relegati,
2031 2502 2345 2556 libertatem

763 2596 1106 2665 mitior-isque
1150 2595 1359 2665 aliquid
1415 2594 1767 2650 tractationis
1803 2594 1956 2649 velut
2013 2594 2069 2648 in
2136 2594 2347 2648 somnis

762 2691 950 2745 animo
980 2688 1321 2759 cogitarent,
1371 2702 1497 2742 cum
1530 2687 1858 2750 decessoris,
1897 2687 2132 2741 ominosi
2164 2686 2347 2741 homi-

762 2782 851 2833 nis
882 2787 1048 2847 atque
1104 2776 1278 2847 impii,
1318 2790 1539 2830 exesam
1586 2776 1698 2829 Deo
1756 2773 2091 2829 sententiam
2144 2773 2346 2828 suboc-

763 2869 911 2923 culte
955 2867 1187 2943 foveret,
1237 2866 1468 2936 parique
1510 2880 1574 2919 ac
1622 2865 1715 2919 ille
1754 2864 1967 2919 ratione
1997 2863 2131 2918 dirae
2173 2863 2347 2917 luere-

763 2975 889 3014 seos
916 2973 1060 3013 unco
1098 2970 1401 3013 exsumma
1440 2956 1669 3011 rationis
1690 2955 1941 3011 absentia
1973 2971 2037 3010 ac
2070 2956 2347 3025 imperitia

761 3052 1060 3107 transﬁxus
1098 3060 1265 3106 esset.
1300 3048 1672 3117 Quamobrem
1698 3047 1890 3102 habito
1919 3058 2194 3103 conventu
2223 3047 2300 3101 ait
2330 3062 2344 3100 :

764 3145 908 3199 Sane
956 3145 995 3197 ii
1045 3146 1135 3214 qui
1167 3160 1260 3197 nos
1289 3157 1621 3213 prwcessere,
1649 3148 1956 3193 accuratam
1998 3139 2222 3191 scrutati
2254 3139 2349 3191 do-

2449 1949 2760 2018 οἱκονομίας
2792 1947 2916 2013 ωις⁹
2946 1950 2990 2013 ⁷,
3024 1950 3339 2003 ἐϐασίλευσε
3378 1950 3597 2021 Μιχαὴλ
3621 1952 3649 2003 ὀ
3673 1950 3921 2020 Τραυλὸς
3953 1951 3972 1979 ⁸
4002 1952 4028 1999 ὁ

2462 2041 2772 2110 Ἀμοραῖος,
2807 2039 2902 2109 ἔτη
2933 2047 2981 2111 η’
3022 2040 3200 2110 μῆνας
3230 2042 3295 2105 θ’,
3331 2041 3425 2095 καὶ
3447 2041 3719 2095 ἀπέθανεν
3742 2044 3807 2095 ἐκ
3836 2042 4028 2095 δυσου-

2450 2129 2572 2199 ρίας
2605 2130 2699 2183 καὶ
2744 2130 2843 2200 τῆς
2867 2130 2974 2182 τῶν
2995 2132 3207 2199 νεφρῶν
3258 2132 3624 2202 σφοδροτάτης
3657 2131 3952 2202 ἀλγηδόνος
3982 2135 4024 2163 ’⁸

2446 2219 2506 2282 ὃς
2532 2221 2726 2290 μικρόν
2744 2238 2792 2273 τι
2816 2221 2917 2291 τῆς
2935 2222 3425 2293 προκατασχούσης
3449 2224 3495 2255 ¹⁰
3518 2225 3716 2286 κακίας
3741 2224 4027 2285 ὑπενδοὶις,

2448 2310 2571 2365 ὅσον
2600 2311 2726 2373 τοὺς
2754 2312 2811 2363 ἐν
2842 2314 3084 2382 εἱρκταῖς
3119 2314 3211 2365 καὶ
3256 2314 3440 2376 πόνοις
3468 2312 3566 2383 καὶ
3593 2313 3829 2381 ἐξορίαις
3875 2313 4029 2366 ἐλευ-

2449 2404 2634 2477 θερίαν
2668 2423 2724 2459 τε
2756 2406 2852 2458 καὶ
2904 2408 3088 2460 ἀνεσιν
3116 2406 3378 2478 ὀνειρῶδη
3428 2406 3824 2475 φαντάζεσθαι,
3852 2408 3915 2460 τὸ
3938 2408 4031 2460 τοῦ

2450 2514 2664 2569 προηγη
2674 2515 2740 2550 σα
2749 2498 2911 2569 μένου
2928 2500 2964 2529 ¹¹
2981 2498 3299 2569 δυσωνύμου
3324 2500 3417 2552 καὶ
3434 2498 3730 2561 δυσσεϐοῦς
3748 2498 4030 2552 ὑπέθαλπε

2449 2590 2738 2658 θεοστυγὲς
2768 2592 3045 2661 φρόνημα,
3076 2592 3171 2645 καὶ
3196 2592 3403 2661 ὁμοίως
3426 2592 3505 2662 τῷ
3538 2592 3688 2662 αὑτῷ
3714 2594 4032 2661 περιεπάρη

2447 2683 2547 2751 τῆς
2578 2680 2758 2749 δεινῆς
2784 2681 3051 2751 αἱρέσεως
3074 2682 3359 2752 ἀγκίστρῳ
3375 2680 3437 2745 ἐξ
3463 2682 3775 2752 ἀκροτάτης
3800 2680 4033 2748 ἀλογίας

2450 2774 2543 2827 καὶ
2568 2775 2927 2838 ἀπαιδευσίας
2960 2776 3025 2829 ¹¹.
3054 2774 3220 2828 Ὅθεν
3250 2775 3344 2829 ἐπὶ
3395 2774 3668 2828 σελεντίου
3702 2774 3809 2845 ἐφη
3838 2774 3885 2805 ⁸³
3911 2790 3925 2803 ⁸
3973 2776 4036 2825 0i

2446 2866 2565 2936 μὲν
2613 2868 2727 2935 πρὸ
2767 2866 2936 2936 ἡμῶν
2992 2867 3464 2936 ἐρευνησάμενοι
3496 2866 3616 2920 τῶν
3648 2867 3967 2937 δογμάτων
3997 2866 4036 2895 ¹⁴

2451 2958 2567 3025 τὴν
2598 2958 2905 3027 ἀκρίϐειαν
2942 2958 3051 3011 τὸν
3082 2960 3214 3027 περὶ
3257 2958 3454 3012 αὐτῶν
3473 2958 4034 3027 είσπραχθήσονται

2451 3052 2659 3120 λόγον,
2688 3054 2741 3105 εὶ
2773 3050 2974 3118 καλῶς
2999 3050 3037 3119 ἢ
3066 3050 3263 3116 κακῶς
3282 3052 3618 3105 ἐθέσπισαν
3643 3066 3657 3079 ·
3683 3051 3859 3121 ἡμεῖς
3876 3050 3953 3104 δὲ
3971 3052 4037 3103 ἐν

2449 3136 2499 3210 ᾧ
2529 3144 2785 3213 εὕρομεν
2842 3143 2958 3211 τὴν
3002 3144 3369 3211 Ἐκκλησίαν
3409 3145 3453 3176 ¹⁸
3500 3144 3901 3209 βαδίζουσαν,
3972 3144 4037 3194 ἐι·

762 3246 1002 3308 gmatum
1024 3238 1362 3300 sententiam,
1387 3235 1451 3287 de
1475 3234 1584 3288 illis
1635 3248 1841 3303 quoque
1876 3234 2138 3285 rationem
2165 3230 2341 3283 reddi-

2451 3234 2639 3298 τούτῳ
2671 3233 2769 3288 καὶ
2795 3233 3101 3303 διαμένειν
3134 3236 3178 3267 ⁸⁸
3204 3237 3626 3306 προκρίνομεν.

763 3332 869 3384 turi
899 3338 1043 3395 sunt,
1078 3344 1204 3383 num
1233 3327 1357 3380 bene
1388 3342 1458 3380 an
1489 3324 1629 3378 male
1650 3323 1951 3378 statuerint.
1989 3322 2096 3376 Nos
2168 3332 2367 3389 autem,
2411 3324 2468 3378 in
2540 3342 2641 3395 quo
2693 3324 2983 3379 Ecclesium
3032 3328 3357 3381 incedentem
3406 3331 3722 3399 accepimus,
3766 3330 3824 3382 in
3877 3344 3941 3382 eo
3990 3342 4038 3383 et

763 3439 976 3478 manere
1005 3422 1171 3474 satius
1204 3419 1463 3471 ducimus.

830 3515 887 3567 2.
922 3514 1053 3568 Erat
1095 3511 1264 3565 Balbo
1301 3509 1445 3564 ﬁlius
1472 3508 1811 3577 Theophilus
1836 3508 2091 3571 nomine,
2126 3518 2194 3559 ex
2224 3506 2339 3559 Eu-

763 3607 1037 3677 ph’rosyna
1081 3612 1395 3671 susceptus,
1442 3616 1605 3670 quem
1639 3609 1695 3653 et
1734 3599 2007 3669 imperiali
2050 3614 2255 3653 corona
2290 3600 2345 3652 in

763 3698 951 3765 Magna
992 3692 1218 3747 donavit
1240 3691 1494 3746 ecclesia.
1516 3691 1706 3744 Sanxit
1732 3699 1915 3744 autem
1948 3691 2083 3743 nulli
2110 3691 2344 3744 liberum

761 3806 882 3846 esse
910 3790 979 3844 de
1010 3787 1343 3858 imaginibus
1370 3801 1680 3840 sermonem
1710 3786 2062 3850 movere,sed
2093 3795 2151 3839 ut
2174 3785 2347 3840 laees-

762 3892 949 3937 serent
984 3897 1047 3935 ac
1078 3881 1146 3935 de
1188 3880 1372 3933 medio
1418 3878 1615 3933 ﬁerent
1648 3887 1761 3931 tum
1790 3877 2139 3933 Constantini
2176 3894 2343 3949 syno-

761 3976 867 4029 dus
899 3986 1012 4027 tum
1040 3972 1278 4036 Tarasii,
1311 3987 1373 4025 ac
1399 3987 1561 4040 quam
1594 3970 1798 4025 nudius
1826 3971 2025 4025 tertius
2054 3970 2123 4024 de
2155 3971 2344 4024 istius-

763 4066 910 4120 modi
958 4064 1359 4135 qumstionibus
1408 4064 1517 4117 Leo
1552 4063 1870 4127 habuisset;
1912 4063 2133 4132 altoque
2171 4064 2343 4117 silen-

765 4159 842 4212 tio
880 4157 1177 4226 imaginum
1210 4154 1533 4209 memoriam
1556 4154 1853 4208 damnavit.

833 4247 999 4318 784
1054 4250 1105 4301 5.
1147 4248 1225 4300 Eo
1265 4247 1599 4315 imperatore
1627 4245 1867 4299 Thomas
1899 4246 1955 4299 in
1993 4244 2339 4316 tyrannidem

761 4355 978 4403 versus,
1021 4339 1089 4393 ab
1124 4338 1501 4393 Orientalibus
1535 4338 1645 4407 jam
1679 4353 1741 4392 ac
1777 4337 2033 4391 Asiaticis
2062 4336 2344 4406 prolectus

762 4431 1049 4507 partibus,
1102 4429 1667 4498 eireumloranecequc
1698 4446 1761 4483 ac
1807 4430 2114 4483 commisun
2165 4429 2344 4498 plebis

764 4522 1015 4576 conlecto
1041 4521 1312 4586 exerc'tn,
1352 4521 1677 4590 turbamque
1709 4522 1955 4583 trahens,
1994 4520 2210 4590 imperii
2244 4535 2343 4573 eu-

761 4615 995 4684 piditate
1032 4624 1208 4678 actus,
1241 4613 1307 4667 ad
1333 4614 1479 4683 quod
1512 4614 1658 4667 nulla
1681 4615 1800 4684 ejus
1830 4622 2187 4683 suppeterent
2225 4628 2341 4665 me-

765 4708 892 4772 rita,
924 4708 1248 4778 Byzantium
1280 4709 1435 4776 petit.
1480 4708 1729 4761 Romano
1767 4707 1971 4777 quippe
2009 4714 2344 4776 propagatus

765 4800 1073 4869 sanguine,
1133 4799 1221 4851 vir
1265 4798 1471 4868 alioqui
1521 4799 1761 4867 degener
1797 4814 1860 4851 ac
1911 4797 2218 4863 obscurus,
2278 4797 2344 4850 ad

767 4890 939 4961 Syria:
964 4899 1145 4959 partes
1168 4888 1379 4953 adiens,
1420 4888 1765 4943 Constantini
1815 4889 1918 4942 sibi
1965 4904 2167 4942 nomen
2202 4888 2342 4942 asci~

2526 3505 2591 3575 β’.
2620 3502 2729 3559 Ἦν
2758 3506 2813 3559 δὲ
2846 3507 2995 3577 αὑτῷ
3027 3510 3157 3571 παῖς
3186 3508 3244 3573 ἐξ
3268 3509 3621 3580 Εὐφροσύνης
3648 3510 3882 3579 ὀνόματι
3913 3513 4038 3565 8:6-

2453 3600 2629 3667 φιλος,
2671 3597 2730 3650 ὃν
2794 3599 2888 3653 καὶ
2951 3598 3174 3668 ἔστεψεν
3242 3602 3300 3654 ἐν
3345 3604 3411 3671 τῇ
3468 3602 3698 3672 Μεγάλῃ
3744 3603 4034 3673 ἐκκλησία.

2465 3691 2751 3743 Ἐθέσπισε
2784 3690 2840 3743 δὲ
2861 3689 2937 3753 ὡς
2966 3690 3041 3761 μὴ
3073 3691 3216 3760 ἔχειν
3260 3692 3383 3746 τινὰ
3417 3693 3502 3745 ἐπ’
3526 3694 3709 3757 ἀδείας
3748 3697 3926 3747 κινεῖν
3950 3696 4037 3748 λό-

2454 3799 2548 3849 γον
2580 3782 2709 3852 περὶ
2738 3782 2983 3848 εἰκόνων,
3040 3783 3155 3837 ἀλλ’
3194 3784 3439 3837 ἐκποδὼν
3486 3786 3730 3853 γενέσθω
3760 3791 3858 3841 καὶ
3906 3790 4041 3856 οἰχέ-

2454 3874 2567 3926 σθω
2599 3875 2639 3906 ¹⁷
2663 3876 2811 3943 καὶὴ
2839 3876 3252 3929 Κωνσταντίνου
3295 3876 3513 3940 σύνοδος
3567 3879 3661 3931 καὶ
3689 3881 3723 3950 ἠ
3757 3881 4038 3951 Ταρασίου

2452 3968 2600 4036 καὶὴ
2647 3966 2741 4021 νῦν
2763 3969 2855 4020 ἐπὶ
2897 3970 3128 4032 Λέοντος
3177 3971 3445 4040 γενομένη
3483 3970 3528 4001 ³⁸
3569 3972 3699 4042 περὶ
3730 3972 3841 4025 τῶν
3865 3976 4037 4027 τοιού-

2450 4077 2560 4113 των
2593 4058 2947 4131 ζητημάτων,
3005 4062 3098 4114 καὶ
3135 4061 3261 4130 σιγὴ
3320 4062 3510 4131 βαθεῖα
3537 4063 3636 4133 τῆς
3665 4064 3776 4115 τῶν
3813 4066 4037 4119 εἰκόνων

2455 4153 2673 4222 μνήμης
2707 4153 2967 4219 γενέσθω.

2526 4242 2609 4315 [Ρ.
2637 4244 2763 4315 5H]
2794 4242 2860 4312 γ’.
2903 4242 3021 4313 Ἐφ’
3054 4240 3115 4299 οὗ
3142 4244 3341 4315 Θωμᾶς
3375 4247 3403 4298 ὁ
3443 4241 3714 4316 ἀντάρτής
3743 4249 3811 4300 ἐκ
3859 4250 3904 4281 ι’
3932 4250 4038 4302 τῶν

2452 4335 2789 4389 ἀνατολικῶν
2822 4336 3002 4405 μερῶν
3034 4336 3253 4404 ἀπάρας
3294 4337 3418 4407 ἤδη,
3459 4340 3553 4390 καὶ
3581 4338 3709 4390 λαὸν
3740 4341 4036 4411 ἀγυρτῶεδη

2452 4430 2545 4479 καὶ
2578 4428 2866 4496 ἐπίμικτον
2885 4427 3390 4497 προσυλ>.εξάμενος
3412 4430 3455 4461 ²⁰
3484 4430 3577 4483 καὶ
3608 4432 4035 4502 ἐπισυρόμενος,

2452 4522 2543 4573 ἐπὶ
2583 4522 2644 4572 τὸ
2700 4520 2992 4584 Βυζάντιον
3035 4520 3310 4591 ἐκίνησεν,
3357 4523 3456 4590 τῆς
3508 4522 3792 4592 βασιλείας
3830 4526 3968 4595 παρ’
3996 4526 4037 4555 ¹¹

2452 4613 2609 4677 ἀξίαν
2633 4614 2920 4683 ἐφιέμενος
2943 4630 2955 4643 ·
2988 4616 3050 4665 ἐκ
3107 4615 3216 4684 γὰρ
3245 4618 3345 4685 τῆς
3384 4615 3670 4684 Ῥωμαίων
3707 4616 3815 4685 γῆς
3854 4618 4040 4687 ὁρμώ-

2456 4724 2637 4775 μενος,
2673 4707 2936 4775 δυσγενής
2965 4724 3023 4759 τε
3058 4708 3150 4759 καὶ
3188 4708 3399 4778 ἀφανὴς
3428 4706 3504 4760 ῶν
3530 4709 3595 4771 ’³,
3624 4708 3761 4777 πρὸς
3790 4710 3861 4761 τά
3894 4712 4037 4779 μέρη

2452 4798 2553 4864 τῆς
2595 4799 2793 4868 Συρίας
2827 4799 3076 4866 ἀφίκετο,
3134 4801 3545 4853 Κωνσταντῖνον
3590 4802 3785 4854 ἐαυτὸν
3816 4820 4042 4872 μετονο-

2455 4890 2629 4957 μάσας
2660 4890 2755 4943 καὶ
2782 4890 2896 4943 υἱὸν
2949 4892 3185 4961 Εἰρήνης
3215 4892 3313 4959 τῆς
3355 4890 3695 4962 βασιλίσσης.
3719 4894 4042 4948 Κάκιτεῦθὲν

2058 5042 2286 5095 νΑιιιλΕ
2332 5041 2730 5098 LECTIONES.

841 5212 858 5242 '
889 5209 1350 5279 καινολογήσωσιν
1380 5209 1443 5263 C.
1521 5212 1540 5241 ⁸
1571 5209 1753 5271 αὐτοῖς
1780 5208 1992 5276 μεγάλα
2007 5206 2069 5261 (Ζ.
2148 5210 2168 5240 ³
2189 5208 2705 5279 σεσωματῶσθαιϐ.
2784 5209 2803 5238 ⁸
2835 5208 2895 5260 οὐ
2919 5209 3124 5263 add.C.
3200 5210 3487 5277 ⁸θεολόγου
3507 5209 3567 5264 Ρ.
3647 5212 3963 5279 ⁸,γλῶσσαν
3979 5218 4039 5269 C.

767 5282 786 5353 7
818 5280 1125 5351 Τῴ-ωιςῚ
1158 5277 1688 5353 μετάέδέΛέοντα-(Ζ.
1727 5279 1787 5353 --³
1819 5279 2097 5353 ὁῃτραυλὸς
2116 5292 2227 5353 οιιι1
2249 5277 2310 5331 C.
2388 5282 2408 5309 ν
2427 5279 2722 5353 ἀλγηδρνος
2747 5295 2803 5331 τε
2817 5282 2929 5353 Δκαὶ
2953 5279 3263 5350 ἀρρωστίας
3280 5281 3353 5353 C.
3421 5282 3473 5353 "7
3498 5277 3959 5353 προκατεχούσης
3983 5288 4042 5339 (ἰ.

767 5352 809 5429 ξ’
829 5348 1327 5429 ,προηγησαμένοη
1359 5350 1549 5429 πρώην
1584 5350 1653 5429 ϐ..
1724 5350 1767 5380 ¹¹
1802 5348 2040 5429 αὑξῷς-
2068 5348 3043 5429 ἀπαιδευσίας]ἀὑτῶλάμφιδλήστῴ
3070 5351 3397 5429 περιπαρεὶς
3426 5348 4043 5429 τῇςδεινῆςαὶιρέσεως

770 5421 951 5490 ἰχθύος
982 5418 1149 5489 δίκην
1184 5418 1325 5483 τοῖςή
1357 5418 1466 5471 τῶν
1488 5420 1771 5489 δογμάτων
1798 5418 2017 5490 σαθροῖς
2061 5420 2151 5469 καὶ
2181 5418 2439 5490 ἀσεϐέσιν
2455 5418 2785 5490 ἐναπέθανεν
2810 5418 2865 5483 ἐξ
2894 5418 3199 5489 ἀκροτάτης
3228 5418 3554 5489 ἀδελτηρίας
3574 5438 3634 5473 τε
3667 5418 3758 5474 καί
3781 5418 4039 5489 ἀλογίας.

778 5488 834 5543 ’λ
848 5491 1051 5559 μύητος
1079 5488 1185 5560 γὰρ
1208 5491 1410 5559 σφόδρα
1432 5492 1525 5541 καὶ
1548 5491 1891 5561 ἀπαίδευτος
1907 5489 2222 5561 ἐτύγχανεν·
2246 5489 2519 5556 ἀμάθειαν
2534 5488 2642 5561 γὰρ
2664 5492 2737 5561 ἐκ
2752 5490 3011 5559 πατρῴας
3031 5492 3253 5557 ἀλογίας
3272 5493 3363 5543 καὶ
3378 5488 3769 5561 ἀπειροκαλίας
3791 5488 4043 5561 ὡσπερεὶ

766 5548 903 5629 ἀνὴρ
924 5548 1119 5647 *οὐσίαν
1138 5548 1574 5647 κληρωσάμενος
1600 5560 1659 5613 C.
1688 5630 1709 5644 η
1743 5560 1786 5589 ⁸³
1813 5559 1906 5610 ἐπὶ
1922 5548 2072 5647 λα.όῖ
2088 5548 2483 5647 δημηγορῄσας
2508 5548 2785 5647 φξηςέὶνές..τ
2844 5548 3017 5647 iis;
3043 5548 3523 5647 ἐκκλησιαστικῶεί
3542 5548 3860 5630 δογμάτων,
3884 5548 4043 5617 αὑταὶ

767 5625 978 5683 καἰ”τὺν
998 5632 1064 5701 C.
1138 5632 1180 5661 ³⁸
1204 5625 1301 5701 τῆν
1331 5625 1626 5693 ἐκκλησίαν
1654 5630 1887 5700 εὕρομεν
2064 5632 2106 5701 δ’*
2133 5625 2608 5701 διαφυλάττεινὈ.
2687 5631 2729 5661 ¹⁷
2761 5625 2828 5698 ἦν
2858 5630 2913 5681 δέ
2936 5660 3005 5671 -—
3033 5625 3300 5701 οἴχεσθαι]
3332 5630 3486 5684 τοῦτο
3513 5632 3570 5683 δέ
3601 5625 4046 5698 ἐπακριΰοῦντες

765 5700 1185 5769 διαῦ.6αιοῦμεν
1210 5699 1287 5765 ὡς
1312 5702 1387 5770 μὴ
1412 5702 1635 5770 θαρρεῖν
1665 5699 1786 5752 τινα
1810 5699 1929 5751 κατ’
1957 5700 2233 5767 εἰκόνωνῆ
2264 5700 2405 5769 ὑπὲρ
2434 5702 2659 5753 εἰκόνων
2692 5701 3009 5770 παρρησίαν
3033 5704 3203 5753 κινεῖν
3230 5699 3329 5767 τῆν
3355 5701 3621 5768 γλῶτταν,
3648 5701 3763 5754 ἀλλ’
3786 5704 4043 5757 ἐκποδὼν

766 5773 1015 5871 Epit-ixi:
1037 5771 1264 5895 οἰέέσθω
1292 5775 1351 5826 (.3.
1434 5772 1474 5802 ⁸⁸
1499 5770 1824 5841 κροτηθείσα
1850 5771 1909 5825 (3.
2010 5771 2048 5800 ¹⁹
2083 5774 2146 5821 ἐκ
2180 5771 2304 5824 add.
2330 5773 2390 5825 υ.
2471 5773 2515 5801 ¹⁰
2536 5771 2924 5840 συλλεξάμενος
2956 5771 3016 5826 ι’.
3092 5773 3134 5802 ²¹
3168 5771 3321 5842 παρ’]
3341 5772 3660 5841 πανούργως
3691 5772 3787 5824 καὶ
3816 5776 3961 5845 παρ’
3984 5778 4039 5830 C.

839 5859 912 5892 ων
939 5855 1050 5895 om.
1132 5882 1145 5895 .

839 5859 912 5892 ων
939 5855 1050 5895 0m.
1084 5855 1145 5897 ιι.
