4158 6438
151 415 250 478 849

1237 413 1433 474 νιΤλΕ
1474 412 1766 473 RECENT
1780 410 2021 471 [ORUM
2066 409 2148 467 lM
2162 410 2267 467 PP.

3275 402 3384 466 850

149 533 201 584 ὁὶ
233 529 501 595 ἀπογνοὺς
531 526 605 590 ὡς
629 524 722 578 τοῦ
776 524 979 576 σκοποῦ
1019 524 1394 592 διαμαρτήσας
1430 526 1490 575 ὲκ
1531 523 1714 590 διαμέο

1821 519 2146 580 rationibus,
2178 516 2382 569 insulse
2419 528 2667 583 pugnans
2702 514 2959 582 inanique
3009 519 3208 564 conatu
3238 511 3381 565 labo-

148 638 296 690 τρου,
323 621 416 672 καὶ
445 618 554 671 τῶν
576 615 918 687 πραγμάτων
939 615 1090 684 αὑτῷ
1112 617 1154 646 ⁸³
1180 614 1408 667 κατόπιν
1435 615 1712 685 προδήλως

149 712 463 781 φερομένων
514 710 697 779 ἡμέρᾳ
758 709 852 761 καὶ
907 707 1133 777 ἡμέρῳ
1192 708 1287 759 καὶ
1335 707 1471 775 πρὸς
1505 705 1713 766 τούτοις

150 798 332 866 μαθὼν
352 799 429 860 ὠς
470 800 498 850 ὁ
552 797 807 866 βασιλεὺς
840 797 1058 867 Μιχαὴλ
1091 797 1217 857 τοὺς
1263 797 1603 865 Βουλγάρους
1634 797 1713 859 είς

148 888 464 958 συμμαχίαν
490 891 613 941 κατ’
644 888 810 942 αὑτοῦ
852 888 1322 958 προσεκαλέσατο,
1369 890 1714 959 παραχρῆμα

144 982 238 1048 τὴν
283 979 440 1031 πόλιν
491 979 662 1040 ἐάσας
697 978 819 1031 κατ’
842 977 1021 1031 αὐτῶν
1055 977 1248 1031 θᾶττον
1288 977 1479 1047 ᾤχετο.
1519 978 1625 1040 Οὓς
1650 979 1713 1048 δὴ

144 1072 234 1124 καὶ
268 1069 651 1139 μαχεσάμενος
683 1069 777 1121 καὶ
809 1069 1040 1131 πολλοὺς
1074 1069 1253 1123 αὐτῶν
1293 1068 1612 1139 διαφθείρας
1635 1071 1715 1132 εἰς

152 1161 599 1229 ’Λρκαδιούπολιν
626 1161 819 1213 ἑαυτὸν
843 1160 1198 1227 άσφαλίζεται
1239 1160 1423 1230 δῆθεν,
1448 1160 1590 1213 κατὰ
1618 1160 1715 1230 τὴν

142 1255 415 1322 πρόδασιν
439 1254 605 1307 αὑτοῦ
657 1254 946 1307 ἀσθένειαν
981 1253 1027 1285 ⁷⁹
1053 1255 1147 1305 καὶ
1171 1252 1471 1307 ἐλάττωσιν
1502 1252 1715 1323 ὑφορώ-

147 1362 326 1414 μενος.
356 1344 522 1399 Ὅθεν
567 1346 618 1398 οἰ
671 1345 801 1415 περὶ
829 1345 994 1398 αὐτὸν
1028 1345 1343 1413 αἰσθόμενοι
1383 1344 1715 1413 σαφέστερον

142 1432 241 1499 τήν
269 1447 333 1483 τε
360 1431 542 1501 δεινὴν
567 1431 776 1483 οἰκείαν
800 1430 1018 1500 ἀπάτην
1053 1430 1147 1482 καὶ
1178 1430 1278 1498 τῆς
1304 1430 1468 1499 κενῆς
1504 1429 1716 1490 ἐλπίδος

142 1521 445 1589 ἀποτυχίαν
478 1521 576 1574 καὶ
630 1522 732 1589 τὴν
765 1520 977 1574 ἐκείνου
1028 1519 1437 1589 πλησιάζουσαν
1472 1520 1715 1573 πανωλε-

142 1612 323 1680 θρίαν,
352 1612 589 1681 ἧρξαντο
643 1612 786 1665 κατὰ
844 1612 1040 1681 μικρὸν
1086 1612 1394 1682 ὑποχωρεῖν
1422 1610 1520 1665 καὶ
1549 1612 1718 1680 ὑπορ-

144 1703 292 1771 ρἐιν
320 1702 415 1754 καὶ
435 1702 868 1771 καταλιμπάνειν
891 1701 1053 1754 αὐτὸν
1085 1702 1159 1765 ὡς
1191 1703 1419 1771 μάταιον
1451 1703 1545 1755 καὶ
1596 1700 1717 1754 λαο-

140 1790 367 1845 πλάνον.
420 1792 479 1845 Ὀ
520 1791 578 1843 δέ
636 1808 698 1858 γε
744 1791 960 1862 Μιχαὴλ
997 1793 1170 1845 ταῦτα
1224 1791 1560 1863 μεμαθηκὼς
1613 1792 1719 1843 ὑπὸ

138 1883 247 1935 τῶν
269 1882 419 1934 ἰδίων
439 1882 609 1951 φίλων
638 1883 730 1935 καὶ
758 1883 1038 1952 συγγενῶν
1060 1884 1391 1953 προδοθέντα
1420 1885 1487 1947 ⁷⁸,
1520 1882 1716 1936 αὐτίκα
1750 1868 1790 1920 Β

142 1974 240 2040 τῆς
294 1970 504 2035 πόλεως
555 1970 864 2037 ὑπεξελθὼν
933 1973 1073 2042 μετὰ
1119 1973 1376 2043 πλείστης
1439 1974 1717 2043 δυνάμεως

142 2062 282 2132 πρὸς
315 2062 479 2115 αὐτὸν
518 2063 830 2133 ἐξώρμησε.
864 2066 975 2117 Καὶ
1017 2065 1081 2135 δὴ
1115 2066 1476 2137 περικαθίσας
1512 2068 1717 2139 βραχύν

139 2172 260 2207 τινα
314 2156 509 2225 καιρὸν
554 2156 650 2208 καὶ
677 2156 867 2209 τοῦτον
894 2157 1136 2228 ἀμογητὶ
1165 2161 1589 2230 χειρωσάμενος,
1622 2163 1719 2214 καὶ

138 2247 230 2298 τὸν
286 2246 557 2316 τράχηλον
611 2246 777 2301 αὑτοῦ
834 2248 976 2301 κατὰ
1025 2249 1123 2321 τὴν
1148 2250 1386 2319 ἀρχαίαν
1434 2252 1719 2322 συνήθειαν

142 2338 503 2406 πεπατηκὼς,
566 2341 663 2393 καὶ
719 2340 1140 2411 ἀκρωτηριάσας
1188 2342 1354 2395 αὑτοῦ
1408 2346 1597 2413 χεῖρας
1625 2345 1720 2399 καὶ

140 2432 333 2493 πέὄας,
368 2432 460 2483 καὶ
498 2431 670 2492 οὕτως
709 2432 1165 2498 ἀνασκολοπίσας,
1191 2436 1501 2488 κατέπαυσε
1533 2436 1624 2489 τὸν
1662 2439 1720 2489 ὲν

137 2522 322 2585 τρισὶν
351 2521 497 2574 ἔτεσι
528 2521 768 2575 διἀὺτὸν
795 2524 841 2554 ⁷³
865 2522 1212 2593 κατάρξαντα
1240 2527 1335 2577 καὶ
1355 2527 1721 2596 διαρκέσαντα

139 2609 265 2677 χαλε
276 2609 381 2662 πὺν
408 2612 500 2662 καὶ
525 2611 785 2683 δύστηνον
816 2613 863 2644 ⁷³
896 2614 1157 2682 ἐμφύλιον
1182 2615 1437 2684 πόλεμον.

208 2778 277 2833 θ’.
325 2781 749 2851 Ἀσχολουμένου
772 2784 819 2815 ⁷⁵
841 2785 899 2838 δὲ
927 2786 1146 2856 Μιχαὴλ
1170 2789 1306 2857 πρὸς
1334 2791 1427 2843 τὸν
1448 2791 1722 2863 άντάρτην

139 2869 367 2939 Θωμᾶν,
404 2872 502 2924 καὶ
544 2875 612 2943 τῇ
670 2874 807 2944 πρὸς
834 2874 1023 2928 τοῦτον
1055 2880 1294 2946 φροντίδι
1333 2880 1534 2944 παντὸς
1559 2882 1722 2935 ἄλλου

140 2963 639 3033 καταφρονοῦντος,
671 2967 865 3037 Κρήτη
892 2967 987 3020 καὶ
1004 2969 1224 3022 Σικελία
1247 2972 1340 3023 καὶ
1363 2971 1427 3041 δὴ
1447 2972 1495 3004 ⁷⁸
1523 2973 1723 3026 καλού-

142 3071 306 3121 μεναι
351 3056 634 3120 Κυκλάδες
692 3059 844 3128 νῆσοι
901 3059 1001 3129 τῆς
1047 3060 1157 3113 τῶν
1204 3062 1493 3131 Ῥωμαίων
1540 3065 1722 3137 ἀρχῆς

139 3150 559 3221 περιῃρέθησαν
590 3149 648 3216 ἐξ
686 3149 909 3220 ΙἌφρων
930 3168 988 3203 τε
1017 3154 1111 3205 καὶ
1147 3154 1412 3223 ’Δράὸων,
1446 3156 1720 3209 λαϐόντων

1819 627 1942 663 rans
1968 625 2029 661 ac
2065 623 2159 676 spe
2176 606 2444 669 delectus,
2472 605 2676 673 quippe
2701 618 2769 657 ex
2798 605 3072 657 diametro
3096 602 3385 656 frustratus

1817 700 2116 769 proposito,
2146 699 2387 766 ipsisque
2419 696 2707 749 manifeste
2730 695 2897 748 rebus
2927 694 3004 747 illi
3030 703 3180 748 retro
3200 695 3385 760 quoti-

1815 790 1905 843 die
1937 787 2425 858 provenientibus;
2458 800 2521 839 ac
2552 793 2815 854 prmterea
2853 784 2947 838 ubi
2974 785 3231 853 cognovit
3282 783 3385 837 Mi-

1815 880 2058 934 chaelem
2095 880 2481 950 imperatorem
2527 879 2754 933 adversa
2785 878 2890 933 sibi
2918 893 3235 948 corrogasse
3260 878 3390 933 Bul-

1814 986 2069 1041 garorum
2101 970 2327 1035 auxilia,
2361 968 2651 1024 confestim
2688 970 2877 1023 relicta
2909 968 3049 1022 urbe
3088 967 3142 1020 in
3166 982 3264 1022 eos
3288 969 3387 1021 im-

1816 1069 2002 1131 petum
2057 1060 2241 1124 vertit,
2276 1076 2417 1129 quos
2454 1070 2512 1116 et
2540 1074 2722 1130 pugna
2755 1073 3060 1129 aggressus,
3102 1059 3387 1127 multaque

1813 1166 2007 1207 eorum
2039 1151 2165 1205 data
2218 1160 2420 1221 strage,
2467 1150 2874 1219 Arcadiopolim
2902 1158 3020 1203 tuto
3052 1165 3110 1204 se
3132 1149 3389 1217 praesidio

1818 1242 2029 1311 recipit,
2062 1243 2322 1297 nimirum
2344 1258 2472 1296 suas
2496 1256 2754 1310 processu
2786 1241 2935 1296 vires
2958 1240 3291 1295 diminutum
3320 1239 3387 1293 iri

1817 1333 2315 1402 imbecillioresque
2343 1333 2461 1387 fore
2506 1333 2727 1387 timens.
2762 1332 2943 1398 Quare
2981 1332 3147 1387 etiam
3181 1332 3385 1400 partia—

1819 1427 1887 1480 rii
1919 1428 2122 1481 clarius
2149 1434 2542 1496 cognoscentes
2565 1432 2680 1478 tum
2707 1423 3000 1478 immanem
3042 1437 3197 1478 suam
3232 1437 3392 1477 exse-

1818 1520 2119 1573 crationem
2152 1528 2267 1573 tum
2290 1517 2508 1571 inanem
2533 1515 2849 1570 trust-ratam
2874 1528 3051 1583 spem,
3069 1529 3174 1569 nec
3196 1514 3389 1583 procul

1816 1626 1937 1665 esse
1968 1624 2289 1679 supremum
2316 1609 2420 1662 viri
2441 1608 2671 1663 exitium
2704 1622 2767 1661 ac
2795 1605 3250 1675 proﬂigationem,
3280 1620 3391 1660 cm-

1819 1711 2020 1770 pcrunt
2067 1701 2329 1770 paulatim
2366 1700 2628 1754 recedere
2661 1714 2832 1767 seque
2861 1698 3169 1753 subducere
3197 1712 3261 1751 ac
3291 1696 3391 1750 de-

1819 1793 2014 1854 lluere,
2042 1791 2306 1859 illumque
2338 1799 2398 1845 ut
2427 1790 2705 1843 hominem
2738 1803 2937 1842 vanum
2970 1797 3027 1841 et
3052 1788 3390 1842 hlateronem

1818 1883 2008 1953 populi
2045 1882 2393 1938 seductorem
2440 1881 2773 1950 relinquere.
2833 1879 2929 1935 His
2965 1894 3130 1948 porro
3161 1877 3391 1933 Michael

1818 1976 2077 2045 cognitis,
2128 1990 2324 2044 nempe
2377 1973 2655 2044 proditum
2712 1974 2977 2027 Thomam
3010 1971 3080 2025 ab
3111 1970 3305 2025 amicis
3328 1982 3393 2023 ac

1820 2066 2166 2135 propinquis.
2212 2066 2395 2121 statim
2432 2064 2569 2119 urbe
2595 2079 2849 2132 egressus
2899 2079 3024 2118 cum
3077 2059 3393 2131 ingentibus

1820 2158 1994 2227 copiis
2027 2158 2080 2211 in
2111 2173 2237 2212 eum
2263 2158 2526 2227 impetum
2558 2156 2749 2222 dedit;
2801 2165 2966 2225 atque
2996 2154 3063 2210 ad
3091 2155 3255 2209 breve
3289 2154 3391 2209 ob-

1820 2248 2007 2303 sidens
2035 2263 2268 2319 tempus,
2291 2250 2551 2318 nulloque
2574 2249 2759 2303 labore
2785 2250 2904 2319 ejus
2927 2247 3228 2317 potitus,ac
3250 2246 3394 2302 collo

1819 2340 2047 2410 antiquo
2086 2355 2238 2394 more
2279 2339 2554 2394 dediticiis
2586 2340 2794 2393 calcato
2825 2339 3189 2407 manibusque
3214 2352 3278 2393 ac
3300 2352 3394 2407 pe-

1821 2431 1984 2485 dibus
2018 2431 2305 2495 truncatis,
2353 2431 2520 2498 inque
2560 2444 2687 2484 eum
2736 2429 2959 2483 modum
2990 2430 3115 2499 palo
3148 2428 3392 2499 ndigens,

1824 2522 1988 2576 trium
2023 2536 2290 2575 annorum
2326 2520 2616 2573 molestum
2664 2521 3041 2589 miserumque
3086 2519 3246 2575 civile
3278 2520 3394 2574 bel-

1822 2611 1957 2674 lum,
1990 2611 2194 2679 arrepti
2220 2610 2289 2663 ab
2328 2624 2395 2663 eo
2426 2609 2645 2679 imperii
2672 2625 2837 2665 causa
2867 2611 3162 2665 conﬂatum
3190 2610 3394 2680 produ-

1822 2708 2103 2768 ctumque,
2134 2700 2356 2770 sopivit.

1893 2790 2059 2860 789
2098 2788 2152 2845 9.
2192 2790 2418 2847 Interim
2445 2808 2576 2847 vero
2610 2792 2739 2848 dum
2766 2794 2990 2849 Thoma:
3039 2804 3270 2864 tyranno
3294 2794 3392 2848 Mi-

1823 2881 1979 2934 chael
2013 2882 2282 2936 incumbit
2309 2883 2470 2952 eique
2499 2900 2689 2938 curam
2718 2887 2941 2955 negotio
2986 2886 3225 2951 addicit,
3271 2886 3397 2941 aliis

1823 2973 2079 3029 ornnibus
2112 2974 2167 3028 in
2216 2976 2466 3044 neglecto
2492 2976 2714 3042 habitis,
2763 2978 2924 3033 Creta
2976 2988 3031 3035 et
3084 2978 3290 3042 Sicilia,
3331 2995 3395 3033 ac

1821 3080 1957 3134 quas
1988 3074 2185 3119 vocant
2208 3066 2469 3136 Cyclades
2503 3068 2731 3131 insulas,
2768 3069 2838 3123 ab
2867 3069 3012 3124 Al'ris
3038 3084 3103 3124 ac
3121 3070 3398 3125 Arabibus

1823 3158 2081 3212 Romanas
2114 3157 2397 3213 subducta:
2430 3168 2560 3214 sunt
2590 3160 2789 3215 ditioni
2816 3204 2828 3225 ,
2860 3178 2985 3216 cum
3016 3164 3127 3232 jam
3152 3164 3394 3232 primum

137 3217 319 3310 ἁρχὴ-ν
349 3240 477 3311 ἄρτι
509 3242 723 3310 πρῶτον
771 3217 864 3295 διὰ
894 3243 991 3308 τὰς
1021 3244 1114 3297 τοῦ
1166 3217 1294 3299 λαοῦ
1323 3217 1596 3317 ἁμαρτίας
1628 3250 1721 3302 καὶ

1825 3249 1897 3303 ob
1917 3258 2139 3318 peccata
2161 3251 2347 3320 populi
2370 3266 2435 3306 ac
2459 3252 2852 3322 imperatorum
2880 3217 3213 3322 impietatem
3234 3253 3397 3308 Chri-

137 3330 236 3401 τὴν
292 3332 407 3384 τῶν
478 3332 830 3402 κρατούντων
899 3335 1215 3390 δυσσέϐειαν
1275 3340 1370 3391 καὶ
1431 3341 1721 3393 ταπεινοῦν

1824 3337 2126 3392 stianorum
2145 3354 2234 3393 res
2253 3339 2562 3409 deprimere
2590 3356 2813 3411 suaeque
2840 3356 2934 3397 eas
2959 3341 3139 3397 facere
3169 3342 3401 3396 ditionis

138 3422 231 3471 καὶ
293 3420 403 3472 ὑπὸ
457 3423 617 3491 χεῖρα
686 3422 835 3491 σφῶν
895 3424 1049 3492 ἄγειν
1103 3424 1172 3477 τὰ
1228 3425 1339 3478 τῶν
1380 3428 1721 3497 Χριστιανῶν

1824 3429 2186 3497 occepissent.

140 3515 478 3582 πράγματα.

210 3604 266 3659 ι’.
317 3606 412 3659 Ἑν
443 3606 653 3669 τούτοις
680 3600 775 3661 οὖν
819 3607 988 3662 ὄντων
1027 3610 1120 3664 καὶ
1145 3609 1287 3665 οὕτω
1320 3613 1427 3665 τῶν
1460 3616 1720 3685 πραγμά-

1899 3600 1983 3653 10.
2034 3599 2127 3655 Sic
2172 3600 2339 3669 igitur
2373 3617 2552 3671 eoque
2591 3611 2734 3658 statu
2761 3619 2818 3658 se
2858 3605 3022 3659 rebus
3044 3604 3392 3668 habentibus,

137 3714 249 3748 των
278 3697 652 3767 διακειμένων
677 3698 893 3770 Μιχαὴλ
936 3700 1034 3770 μὲν
1066 3702 1131 3754 ὲκ
1173 3702 1458 3772 δυσουρίας
1498 3706 1591 3756 καὶ
1624 3706 1721 3774 τῆς

1825 3690 2055 3744 Michael
2102 3690 2275 3745 urina:
2326 3690 2644 3748 diﬂlcultate
2694 3709 3000 3764 renumque
3035 3696 3225 3750 dolore
3255 3697 3396 3752 male

135 3789 249 3839 τῶν
284 3789 506 3857 νεφρῶν
547 3790 841 3860 ἀλγηδόνος
898 3793 1083 3857 κακῶς
1137 3794 1429 3864 ἀπηλλάγη
1471 3795 1564 3847 τοῦ
1603 3796 1723 3867 ζῇν,

135 3879 419 3945 διεδέξατο
448 3881 505 3934 δὲ
553 3884 651 3953 τὴν
716 3885 893 3956 ἀρχὴν
926 3886 1040 3938 ἀντ’
1077 3887 1242 3939 αὑτοῦ
1275 3888 1532 3957 Θεόφιλος
1557 3892 1585 3942 ὁ
1613 3890 1725 3942 υίὸ-

137 3972 310 4025 αὐτοῦ
349 3973 489 4042 μετὰ
528 3976 629 4045 τῆς
662 3976 867 4046 μητρὸς
900 3976 1068 4031 αὐτοῦ
1098 3978 1451 4050 Εὑφροσύνης
1481 3982 1547 4036 ⁷⁸.

590 4106 902 4163 ΒΑΣΙΛΕΙΑ
926 4110 1291 4165 ΘΕΟΦΙΛΟΥ.

214 4219 308 4289 Τῷ
337 4219 570 4290 ἐνιαυτῷ
589 4222 697 4275 άπὸ
722 4220 814 4274 τοῦ
842 4224 1044 4293 κόσμου
1072 4224 1257 4290 ἑξάκις
1290 4225 1544 4295 χιλιοστῷ
1573 4243 1727 4296 τρια-

136 4310 417 4380 κοσιοστῷ
433 4312 661 4383 εἰκοστῷ
676 4312 844 4383 ἕκτῳ,
860 4314 960 4383 τῆς
978 4314 1035 4368 δὲ
1055 4315 1200 4378 θείας
1222 4316 1553 4385 σαρκώσεως
1564 4325 1723 4383 ωκςθ,

134 4400 503 4455 ἐϐασίλευσεν
563 4401 647 4475 [Ρ.
693 4403 819 4475 5H]
870 4405 1126 4474 Θεόφιλος
1175 4407 1270 4477 ἐτη
1316 4408 1404 4477 ιβ’,
1449 4411 1478 4462 ὁ
1522 4410 1639 4473 νέος
1681 4411 1727 4441 ⁷⁸

136 4494 439 4563 Βαλτάσαρ
484 4495 579 4547 καὶ
634 4496 953 4567 παραϐάτης
986 4497 1029 4527 ⁷⁷
1061 4498 1153 4551 καὶ
1189 4497 1447 4570 θεομισὴς
1483 4501 1578 4552 καὶ¹
1619 4500 1725 4553 τῶν

134 4582 323 4650 ἁγίων
352 4584 580 4637 εἰκόνων
609 4581 654 4615 ⁷⁸
689 4586 948 4657 ὑϐριστὴς
1000 4588 1091 4640 καὶ
1125 4588 1479 4659 καθαιρέτης,
1509 4591 1603 4643 καὶ
1635 4593 1720 4663 βέ-

136 4673 313 4741 ϐηλος
338 4675 407 4727 "’.
452 4673 517 4726 'H
539 4674 597 4727 δὲ
623 4676 805 4747 μήτηρ
822 4675 986 4729 αὐτοῦ
1015 4678 1333 4749 Εὐφροσύνη
1355 4680 1723 4735 ἀποστείλασα

136 4766 200 4815 ἐν
228 4766 372 4817 πᾶσι
402 4766 514 4829 τοῖς
542 4765 770 4835 θέμασιν
790 4769 964 4838 ἦγαγε
987 4770 1152 4839 κόρας
1170 4770 1561 4841 εὐπροσώπους
1589 4774 1723 4842 πρὸς

134 4856 205 4908 τὸ
242 4858 693 4928 νυμφοστολῆσαι
740 4860 998 4929 Θεόφιλον
1044 4862 1136 4914 τὸν
1175 4863 1289 4915 υἱὸν
1326 4864 1518 4933 αὐτῆς.
1565 4866 1727 4932 Ἀγα-

135 4949 327 5016 γοῦσα
356 4949 415 5002 δὲ
446 4950 626 5012 πάσας
655 4950 857 5014 ταύτας
889 4953 947 5005 ὲν
996 4951 1072 5021 τῷ
1101 4952 1348 5022 παλατίῳ
1384 4958 1462 5017 είς
1489 4956 1549 5007 τὸ
1573 4956 1723 5022 λεγό-

138 5057 315 5109 μενον
330 5042 685 5111 Μαργαρίτου
707 5044 998 5114 τρικλίνιον
1013 5045 1208 5098 δέδωκε
1232 5046 1309 5116 τῷ
1330 5046 1571 5116 θεοφίλῳ
1593 5066 1723 5117 χρυ-

1824 3780 2235 3848 exstinguitur:
2291 3782 2537 3836 succedit
2582 3798 2714 3837 vero
2762 3784 3028 3853 imperio,
3088 3786 3208 3856 ejus
3252 3784 3391 3853 loco,

1828 3870 2166 3941 TheOpllilus
2199 3872 2345 3927 lilius
2377 3888 2502 3927 cum
2538 3884 2713 3929 matre
2742 3874 3123 3947 Euphrosyna.

2238 4101 2575 4157 IMPERIUM
2618 4102 2660 4156 Τ
2669 4101 3007 4158 llEOPlllLl.

1903 4219 1953 4270 ι.
1995 4216 2154 4270 Anno
2185 4215 2378 4269 mundi
2415 4214 2573 4280 639.6,
2618 4216 2819 4272 divina:
2852 4218 3245 4277 incarnationis
3271 4222 3397 4289 89.6,

1830 4311 2127 4380 imperator
2156 4309 2496 4379 Theophilus
2544 4325 2717 4364 annos
2744 4310 3056 4380 duodecim,
3101 4330 3278 4370 novus
3307 4317 3399 4371 ille

1831 4403 2071 4456 Baltasar
2100 4411 2156 4455 et
2181 4400 2569 4469 prawaricator
2594 4416 2659 4455 ac
2674 4402 2786 4456 Deo
2809 4418 3028 4468 exosus,
3063 4414 3398 4459 sanctarum.-

1831 4510 1938 4565 que
1971 4493 2266 4562 imaginum
2312 4492 2747 4547 contumeliosus
2775 4494 3089 4548 destructor
3117 4512 3181 4550 ac
3214 4498 3399 4565 proﬂi-

1831 4597 2005 4657 gator,
2053 4585 2219 4638 homo
2256 4583 2536 4653 profanus.
2592 4584 2721 4654 Ejus
2752 4595 2925 4640 mater
2964 4588 3320 4659 Euphrosyna
3345 4590 3399 4645 in

1827 4679 2071 4748 subjecta
2108 4677 2292 4729 omnia
2341 4676 2564 4731 mittens
2601 4676 2838 4731 themata
2879 4694 2943 4733 ac
2974 4679 3135 4749 790
3176 4681 3401 4738 ditionis

1829 4771 1946 4824 loca
1974 4769 2182 4838 puellas
2211 4768 2322 4822 oris
2348 4767 2545 4821 decore
2571 4768 2836 4823 formosas
2864 4770 3114 4837 adduxit,
3143 4786 3201 4828 ut
3232 4790 3300 4828 ex
3332 4776 3399 4828 iis

1830 4861 2135 4931 Theophilo
2171 4859 2284 4913 lilio
2316 4860 2631 4929 nuptiarum
2664 4860 2870 4916 ﬁndere
2902 4880 3103 4933 sponsa
3139 4866 3401 4937 adjunge-

1831 4962 2003 5008 retur.
2048 4953 2405 5023 Congregatis
2436 4952 2543 5005 illis
2575 4953 2834 5009 omnibus
2888 4956 2941 5009 in
2994 4957 3214 5023 palatio,
3252 4959 3397 5027 quod

1835 5047 2140 5117 Margaritae
2174 5045 2474 5099 triclinium
2510 5055 2727 5111 vocant,
2760 5047 2911 5101 dedit
2944 5048 3032 5102 illa
3060 5050 3170 5105 (ilio
3195 5052 3397 5105 malum

136 5132 280 5185 σοῧν
311 5132 765 5201 μῆλον,είποῦσα·
784 5137 888 5201 Εἰς
903 5134 981 5203 ἣν
1004 5135 1291 5205 ἁρεσθῇς,
1321 5138 1525 5206 ἐπίδος
1555 5141 1721 5193 τοῦτο

1836 5154 2085 5201 aureum,
2135 5137 2323 5191 dicens
2353 5154 2365 5189 :
2415 5136 2504 5191 Illi
2534 5138 2712 5191 trades
2736 5139 2886 5208 cujus
2924 5139 3095 5207 {arma
3120 5141 3397 5205 plaruerit.

132 5220 330 5289 αὐτῇ.
361 5216 474 5275 Ἦν
487 5222 543 5276 δέ
572 5241 655 5286 τις
672 5225 731 5291 ἐξ
753 5226 990 5295 εὐγενῶν
1019 5229 1076 5281 ἐν
1102 5229 1292 5291 αὐταῖς
1319 5230 1475 5299 κόρη,
1506 5232 1721 5300 ὀνόματι

1838 5234 1966 5286 Erat
2014 5245 2142 5285 vero
2193 5228 2336 5284 inter
2383 5245 2477 5283 cas
2508 5246 2574 5282 ex
2616 5229 2895 5285 nobilibus
2923 5242 3037 5285 sata
3081 5234 3258 5301 puella
3298 5251 3398 5289 no-

1415 5456 1647 5514 VARIIE
1687 5455 2094 5514 LECTIONES.

1102 5616 1147 5646 7°
1174 5614 1270 5683 τὴν
1322 5614 1463 5670 κατὰ
1499 5614 1801 5686 πρόσὸασιν
1842 5614 2125 5686 ἀσθένειαν
2169 5611 2456 5686 αύτούς.γὲ
2485 5683 2495 5686 _
2529 5616 2569 5686 fl
2601 5614 2704 5665 ὑπὸ
2730 5646 2799 5657 --
2833 5614 3158 5686 προθοθέντα
3190 5631 3297 5672 om.
3328 5619 3388 5672 C.

134 5686 187 5758 ⁷⁸
222 5684 408 5758 athon]
525 5754 542 5758 Δ
574 5682 923 5758 ⁷³-δύσοιστον
945 5686 1005 5758 (ἐς
1081 5688 1125 5716 7"
1172 5682 1592 5758 Ἀσχολουμένου
1610 5684 2030 5758 --ξζὺφροσύνης
2060 5682 2263 5758 omni}.
2340 5684 2384 5714 ⁷⁵
2612 5686 2709 5758 at?
2745 5756 2752 5758 _
2857 5685 3229 5758 ’ἰῷ-σόνέος]
3258 5690 3395 5756 μετὰ

132 5755 195 5808 δὲ
224 5754 459 5827 Μιχαὴλ
482 5754 801 5827 ἐβασίλευσε
825 5755 1079 5822 Θεόφιλος
1112 5758 1223 5810 υἱὸς
1263 5752 1443 5827 αὑτοῦ
1465 5758 1493 5809 ὁ
1520 5757 1635 5817 νέος
1673 5756 1737 5807 (ἶ.
1774 5752 1779 5753 ί
1815 5757 1857 5787 ⁷⁷
1892 5756 1983 5827 κοιλἶ
2014 5752 2340 5827 παραϐάτης
2360 5752 2471 5827 om;
2502 5756 2560 5806 (Ζ.
2580 5752 2607 5827 ⁷-
2637 5756 2680 5827 ⁷⁷
2708 5756 2931 5808 εἰκόνων
2956 5772 3064 5811 om.
3090 5757 3150 5811 C.
3213 5752 3271 5790 ’⁷⁵
3306 5759 3394 5827 pg.

137 5822 328 5896 ϐηλος
358 5822 455 5896 ἐτη
489 5824 575 5894 ιβ’,
609 5828 784 5897 μῆνας
809 5832 875 5893 γ’,
906 5828 994 5878 καὶ
1026 5826 1260 5881 ἀπέθανε
1293 5826 1684 5896 δυσεντερικῶ;
1709 5826 1771 5892 t2,
1797 5825 2019 5880 omissis
2047 5824 2077 5891 ἡ
2102 5822 2282 5891 δὲ-ρ.
2320 5823 2417 5876 791
2473 5824 2835 5892 αἰκιζόμενος.

243 5614 297 5686 ⁸⁷
329 5613 505 5686 αύτῷ]
533 5615 711 5669 αὐτῶν
748 5613 898 5684 αὐτῷ
933 5614 989 5667 Ρ.
