4158 6438
706 374 808 440 851

706 579 915 648 philus,
952 579 1181 646 ejusque
1206 578 1440 631 nimium
1482 587 1749 647 quantum
1790 581 2020 650 gratiam
2060 590 2288 651 stupens

706 686 772 725 ac
810 671 1077 740 speciem,
1128 670 1172 723 Α
1208 669 1448 735 muliere,
1496 670 1698 739 inquit,
1741 681 2064 728 emanarunt
2118 674 2287 730 mala.

707 763 943 830 chonit
987 762 1078 815 illa
1110 760 1529 816 subverecunde
1550 772 1603 815 et
1635 776 1762 816 cum
1802 763 2015 832 pudore
2047 781 2059 815 :
2108 762 2213 818 Sed
2241 774 2288 817 et

704 870 787 908 res
814 855 1057 908 meliores
1115 873 1147 907 τι
1192 855 1415 908 muliere
1467 857 1778 909 exuberant.
1821 857 1870 910 ls
1903 858 2088 912 animo
2123 858 2291 912 oﬂ‘en-

704 961 801 1002 sus
832 947 1105 1002 sermonis
1134 947 1380 1014 licentia,
1406 965 1472 1003 ea
1508 949 1719 1014 relicta,
1753 949 1956 1002 malum
1986 948 2291 1003 Theodora:

705 1038 881 1103 dedit,
913 1054 981 1094 ex
1015 1040 1424 1110 Paphlagonum
1452 1051 1636 1110 gente.
1679 1039 1921 1095 Coronat
1952 1040 2291 1111 Theophilus

704 1130 1055 1186 Theodoram
1090 1135 1145 1187 in
1177 1134 1420 1188 oratorio
1451 1132 1507 1187 S.
1545 1132 1832 1202 Swphani,
1878 1133 1994 1203 ipse
2026 1148 2133 1188 una
2164 1149 2289 1188 eum

704 1220 828 1291 ipsa
868 1224 1210 1293 nuptialibus
1230 1225 1451 1279 corollis
1488 1224 1726 1279 donatus
1750 1225 1820 1278 ab
1850 1224 2089 1279 Antonio
2123 1227 2292 1294 patri-

705 1313 899 1377 archa,
934 1313 1211 1383 donatque
1235 1314 1519 1384 Augustali
1547 1329 1750 1367 corona
1792 1313 1847 1367 in
1871 1322 2060 1368 sancta
2088 1314 2288 1369 Pente-

708 1411 880 1455 coste.
938 1401 1189 1471 Tumque
1216 1402 1273 1455 in
1302 1402 1548 1471 Magnam
1584 1400 1871 1455 ecclesiam
1897 1416 2157 1471 processu
2190 1402 2289 1455 ba-

706 1491 824 1545 bito
855 1492 1046 1547 multis
1075 1492 1363 1562 magniﬁce
1392 1492 1766 1561 patriarebam
1803 1502 1859 1546 et
1891 1494 2101 1547 clerum
2128 1508 2291 1547 sena-

708 1591 938 1652 tumque
983 1584 1204 1653 aecipit.
1240 1583 1412 1637 lcasia
1460 1598 1595 1637 vero
1629 1583 1846 1651 imperii
1886 1598 1982 1651 spe
2029 1582 2290 1637 frustrata

707 1676 1107 1730 monasterium
1138 1676 1431 1739 exstruxit,
1473 1676 1529 1728 in
1559 1690 1669 1744 quo
1701 1675 1868 1729 etiam
1901 1689 2058 1729 coma
2088 1675 2290 1745 posita,

706 1768 1074 1837 religiosaque
1110 1766 1360 1837 palmstra
1392 1781 1610 1821 merens
1635 1781 1700 1820 ac
1728 1765 2144 1835 philosopharis,
2180 1766 2291 1819 Deo

707 1860 810 1913 soli
839 1859 1033 1915 vivens
1070 1860 1123 1913 in
1146 1861 1310 1913 linem
1344 1874 1521 1927 usque
1546 1858 1671 1912 vitm
1700 1858 2092 1927 perseveravit.
2160 1857 2291 1923 Qua:

707 1962 765 2007 ct
801 1952 1007 2021 ingenii
1031 1951 1115 2007 sui
1143 1952 1375 2020 plurima
1407 1951 1630 2020 reliquit
1661 1958 2035 2012 monumenta,
2078 1949 2132 2004 in
2166 1950 2291 2019 qui-

707 2045 811 2099 bus
838 2046 971 2099 illud
995 2053 1100 2110 est,
1125 2045 1362 2109 Domine,
1382 2046 1436 2097 in
1463 2045 1641 2098 multis
1659 2046 1918 2114 peccatis;
1947 2044 2127 2113 magni
2157 2043 2287 2096 item

706 2136 932 2193 Sabbati
966 2138 1297 2193 tetraodium
1330 2137 1463 2191 illud
1497 2154 1508 2189 :
1538 2137 1799 2203 [nsipiens
1840 2136 2032 2198 vetule,
2074 2136 2290 2204 aliaque

705 2231 997 2286 nonnulla.
1072 2230 1424 2299 imperatoris
1478 2244 1609 2282 vero
1665 2238 1840 2283 mater
1906 2227 2288 2297 Euphrosyna,

707 2331 905 2393 sponte
936 2321 1128 2377 relicta
1161 2322 1307 2385 aula,
1343 2321 1399 2374 in
1432 2335 1534 2375 suo
1557 2320 1913 2383 monasterio,
1943 2319 2030 2373 cui
2064 2318 2291 2373 Gastria:

710 2431 937 2479 nomen,
977 2414 1239 2469 sanctiori
1267 2413 1374 2467 ritu
1398 2413 1669 2482 privatam
1695 2413 1862 2466 vitam
1901 2412 2032 2481 egit.

780 2508 941 2578 791
992 2507 1049 2561 2.
1109 2506 1338 2561 Indictis
1383 2505 1726 2560 circensibus
1755 2504 2099 2573 Theophilus
2134 2503 2293 2574 jubet

712 2600 883 2655 Leoni
929 2598 1377 2655 Chamaadraeoni
1430 2597 1857 2667 protovestiario
1912 2610 2045 2661 suo,
2102 2596 2291 2650 multi-

713 2692 881 2746 [idum
925 2698 986 2744 ut
1025 2689 1420 2745 candelabrum
1504 2687 1729 2751 all‘erat,
1791 2685 1939 2756 quod
1985 2687 2041 2740 in
2090 2685 2293 2740 Leonis

709 2783 958 2838 Armenii
986 2781 1134 2837 caede
1170 2780 1350 2834 fuerat
1385 2778 1571 2848 gladio
1594 2779 1958 2833 conscissum.
1996 2778 2148 2833 Actis
2182 2777 2292 2831 cir-

709 2874 973 2930 censibus
1014 2882 1265 2927 senatum
1302 2886 1521 2925 omnem
1550 2870 1617 2924 ad
1650 2884 1709 2924 se
1737 2878 2004 2925 convocat
2027 2870 2083 2924 in
2110 2870 2292 2925 locum

711 2983 877 3037 quem
916 2966 1137 3021 Sessum
1180 2972 1402 3019 vocant.
1447 2963 1834 3033 Productoquc
1868 2962 2205 3018 candelabro
2230 2977 2295 3017 ac

710 3060 823 3115 illis
850 3067 1092 3124 ostenso,
1125 3058 1362 3128 qumrit:
1419 3057 1520 3121 Qui
1567 3058 1619 3110 in
1672 3055 1922 3125 templum
1952 3054 2165 3109 Domini
2211 3057 2291 3108 in-

710 3170 919 3224 gressus
966 3154 1222 3205 Christum
1260 3149 1472 3203 Domini
1502 3148 1742 3218 peremit,
1782 3164 1888 3217 qua
1918 3147 2108 3217 dignus
2140 3164 2293 3217 poena

710 3213 833 3298 est?
880 3242 1187 3312 Respondit
1228 3250 1491 3295 senatus:
1530 3239 1775 3303 Domine,
1824 3255 1944 3292 reus
1984 3239 2167 3292 mortis
2196 3248 2292 3292 est.
2320 3213 2366 3275 Ο

710 3339 945 3406 Moxque
992 3336 1251 3405 praefecto
1293 3334 1446 3393 iubet
1482 3341 1543 3386 ut
1584 3348 1702 3391 eos.
1736 3332 1830 3401 qui
1874 3348 1999 3386 cum
2033 3333 2296 3387 Michacle

711 3442 867 3500 patre
896 3445 996 3484 suo
1016 3428 1255 3482 Leonem
1285 3426 1646 3489 sustulerant,
1678 3435 1857 3480 lentos
1878 3425 1932 3479 in
1954 3425 2099 3481 Circi
2128 3425 2295 3479 funda

711 3524 893 3592 capite
935 3522 1175 3592 plectat,
1228 3520 1401 3573 multa
1448 3520 1581 3573 licet
1626 3518 1998 3589 obiectantes,
2045 3518 2297 3573 dicentes

713 3616 972 3686 injustam
1000 3629 1121 3669 esse
1150 3613 1502 3668 sententiam.
1537 3611 1654 3665 Non
1693 3612 1855 3677 enim,
1902 3611 2153 3674 aiebant,
2190 3612 2294 3663 im-

713 3716 947 3776 perator,
981 3706 1083 3758 nisi
1119 3705 1260 3775 patri
1288 3713 1373 3756 tuo
1399 3718 1627 3757 essemus
1654 3702 1923 3767 auxiliati,
1949 3711 2004 3755 tu
2036 3702 2091 3755 in
2110 3703 2296 3755 throno

710 3800 950 3853 sedisses.
986 3798 1157 3867 lnquc
1185 3811 1312 3851 eum
1335 3796 1561 3850 modum
1589 3795 1691 3851 sub
1723 3794 1971 3849 omnium
1995 3795 2173 3849 oculis
2199 3810 2291 3849 ca-

711 3892 823 3961 pite
854 3891 997 3960 plexi
1024 3900 1260 3954 suut,eo
1280 3889 1503 3959 quidem
1529 3897 1798 3958 praetextu
1825 3887 1970 3956 quod
2001 3888 2057 3942 in
2089 3887 2294 3957 templo

711 3984 930 4038 Domini
953 3983 1073 4038 ausi
1108 3993 1294 4037 essent
1322 3981 1528 4037 caulem
1571 3990 1813 4050 patrare,
1852 3996 2050 4036 revera
2108 3990 2291 4035 autem

713 4076 921 4131 idcirco
968 4075 1098 4146 quia
1134 4074 1394 4129 haeretica
1439 4073 1714 4143 pravitate
1755 4071 2025 4136 sodalem,
2064 4071 2293 4140 parique

711 4170 781 4225 ad
802 4169 1144 4239 impietatem
1169 4182 1358 4230 sensu,
1395 4182 1530 4220 nece
1554 4164 1929 4220 sustulissent.
1962 4162 2295 4217 Adluurcbat

710 4261 861 4315 enim
899 4262 1170 4315 scelestus
1203 4259 1370 4313 homo
1403 4257 1516 4312 Deo
1553 4256 1874 4311 exsecrabili
1922 4256 2072 4310 illius
2096 4256 2293 4311 haeresi

709 4360 826 4405 cta
866 4352 1071 4421 pietate
1116 4349 1488 4413 abhorrebat;
1545 4347 1641 4417 qui
1681 4347 1945 4400 nimirum
1994 4346 2291 4417 imaginum

712 4444 847 4496 alias
877 4443 1163 4504 evelleret,
1188 4440 1322 4494 alias
1351 4436 2066 4511 clIoderet,monachosque
2088 4437 2293 4505 pietate

1968 375 2287 437 GEORGII
2328 376 2669 437 MONACHI

706 487 855 540 mine
891 484 1094 550 lcasia,
1142 485 1301 554 longe
1339 482 1757 538 formosissima.
1812 484 1929 551 Qua
1956 486 2071 540 visa
2103 486 2284 541 Theo-

2397 488 2648 551 Είκασεα,
2701 489 3012 559 ὡραιοτάτη
3069 489 3210 542 πάνυ
3246 506 3257 519 υ

3857 378 3965 439 859.

3312 489 3378 557 ἦν
3430 489 3552 541 tam
3600 489 3856 557 Θεόφιλος
3886 492 3976 541 καὶ

2391 580 2796 649 ὑπεραγασθεὶς
2854 580 3025 649 αὐτὴν
3084 578 3179 633 τοῦ
3203 580 3432 643 κάλλους
3460 580 3563 649 ἔφη
3590 581 3664 644 ὡς
3696 583 3837 646 Ἄρα
3877 580 3975 632 διὰ

2388 669 2677 737 γυναικὸς
2714 669 2896 736 ἐρρύη
2938 668 3009 720 τὰ
3038 668 3262 736 φαῦλα.
3310 667 3371 721 'll
3404 668 3459 719 δὲ
3493 668 3611 736 μετ’
3639 666 3824 727 αἰδοῦς
3863 684 3978 723 πως

2390 761 2723 829 ἀντέφησεν·
2768 760 2951 814 Ἀλλὰ
2998 760 3096 814 καί
3150 758 3249 812 διὰ
3280 758 3569 827 γυναικὸς
3620 756 3867 825 ann-riis:
3912 758 3979 807 τιί

2391 855 2722 921 κρείττονα.
2752 854 2811 905 '0
2838 854 2895 906 δὲ
2916 853 2995 923 τῷ
3027 854 3174 924 λόγῳ
3199 853 3298 922 τήν
3319 852 3550 923 καρδίαν
3587 850 3821 920 πληγεὶς
3849 852 3981 901 ταύ-

2390 963 2492 1017 την
2533 945 2632 1015 μὲν
2666 947 2868 1011 εἴασεν,
2933 945 3187 1015 Θεοδώρᾳ
3236 944 3294 998 δὲ
3344 944 3406 997 τὸ
3455 945 3625 1014 μῆλον
3675 942 3977 1001 ἐπέδωκεν,

2392 1037 2527 1107 οὔσῃ
2559 1038 2623 1089 ἐκ
2651 1036 3041 1105 Παφλαγόνων.
3062 1037 3256 1104 Στέφει
3278 1034 3561 1105 Θεοδώραν
3587 1038 3645 1087 ἐν
3673 1033 3751 1099 τῷ
3779 1035 3979 1100 εὺκτη-

2395 1130 2495 1198 ρίῳ
2522 1128 2616 1182 τοῦ
2660 1128 2843 1195 Ἀγίου
2884 1129 3180 1197 Στεφάνου,
3219 1128 3471 1196 στεφθεὶς
3506 1128 3599 1181 καὶ
3648 1126 3815 1189 αὐτὸς
3866 1127 3980 1193 Ξμα

2393 1223 2533 1292 αὐτῇ
2567 1222 2672 1275 ὑπὸ
2708 1222 2994 1274 Ἀντωνίου
3049 1221 3394 1291 πατριάρχου
3433 1222 3525 1273 καὶ
3557 1220 3635 1290 τῷ
3663 1219 3760 1272 τοῦ
3797 1220 3980 1286 γάμου

2394 1317 2489 1367 καὶ
2520 1314 2596 1383 τῷ
2620 1316 2719 1384 τῆς
2756 1313 3035 1384 βασιλείας
3076 1316 3285 1383 στέφει,
3326 1317 3392 1385 τῇ
3422 1315 3556 1383 ἁγίᾳ
3603 1314 3979 1381 Πεντήκοστῇ.

2396 1407 2671 1462 Κάκεῖθεν
2747 1407 3019 1478 προῆλθεν
3117 1409 3177 1459 ὲν
3244 1410 3311 1477 τῇ
3372 1406 3604 1476 Μεγάλῃ
3672 1404 3980 1473 ἐκκλησία,

2396 1501 2898 1572 φιλοτιμησάμενος
2957 1500 3175 1563 πολλοῖς
3227 1500 3322 1553 τὸν
3371 1500 3717 1570 πατριάρχην
3760 1499 3879 1565 ἅμα
3908 1497 3983 1561 τῷ

2396 1594 2584 1663 κλήρῳ
2615 1594 2711 1646 καὶ
2766 1594 2864 1662 τῆς
2915 1593 3226 1663 συγκλήτου
3276 1594 3369 1645 ⁷⁵⁸.
3413 1590 3475 1645 Ἦ
3502 1593 3559 1645 δὲ
3612 1590 3847 1645 Είκασία
3883 1589 3983 1656 τῆς

2399 1683 2674 1754 βασιλείας
2730 1683 3079 1754 ἀποτυχοῦσα
3129 1684 3295 1755 μονήν
3331 1683 3760 1748 κατεσκεύασεν,
3799 1683 3881 1744 είς
3918 1682 3984 1750 ἣν

2396 1778 2492 1829 καὶ
2517 1775 3220 1846 άποκειραμένη,ἀσκοῦσα
3237 1776 3331 1828 καὶ⁸
3359 1772 3749 1845 φιλοσοφοῦσα,
3776 1773 3987 1842 τῷθεῷ

2398 1868 2546 1937 μόνῳ
2602 1864 2753 1930 ζῶσα
2800 1862 3074 1918 διετέλεσε
3106 1866 3274 1935 μέχρι
3293 1866 3483 1929 τέλους
3518 1865 3665 1933 ζωῆς
3691 1864 3889 1931 αὐτῆς.
3916 1865 3983 1915 ἸΙ

2392 1959 2488 2014 καὶ
2517 1957 2928 2026 συγγράμματα
2961 1956 3133 2026 αὐτῆς
3186 1956 3415 2010 πλεῖστα
3435 1956 3826 2009 καταλέλοιπεν
3848 1996 3862 2017 ,
3904 1953 3986 2015 τὸ,

2394 2052 2591 2117 Κύριε,
2623 2050 2662 2115 ἡ
2697 2048 2766 2100 ἐν
2802 2047 3063 2113 πολλαῖς
3089 2047 3405 2116 ἁμαρτίαις
3430 2063 3445 2078 ·
3471 2046 3566 2100 καὶ
3610 2044 3705 2098 τοῦ
3741 2044 3986 2113 μεγάλου

2394 2135 2675 2187 Σαϐϐάτου
2733 2135 2794 2187 τὸ
2854 2134 3211 2203 τετραῲδιονο
3251 2136 3493 2203 ’Ἄφρων
3540 2134 3821 2205 γηραλέε,
3893 2135 3988 2185 καὶ

2394 2226 2530 2282 ἄλλα
2579 2227 2722 2280 τινά.
2766 2226 2832 2279 'H
2880 2225 2937 2279 δὲ
2991 2226 3088 2278 τοῦ
3120 2225 3384 2295 βασιλέως
3433 2227 3616 2297 μήτηρ
3658 2225 3987 2294 Εὐφροσῦνη

2395 2320 2658 2383 ἑκουσίως
2674 2318 3016 2373 κατελθοῦσα
3036 2319 3131 2373 τοῦ
3165 2320 3431 2374 παλατίου
3459 2323 3517 2374 ὲν
3537 2322 3605 2390 τῇ
3627 2321 3763 2390 μονῇ
3788 2318 3984 2386 αὐτῆς,

2395 2407 2430 2485 ᾗ
2460 2414 2505 2444 ⁸ο
2534 2413 2821 2481 ἐπώνυμον
2848 2412 2918 2465 τὰ
2947 2413 3209 2485 Γάστρια,
3234 2413 3530 2483 ἡσύχασεν.

2471 2505 2537 2574 β’.
2576 2505 2836 2575 Ἐποίησε
2857 2505 2915 2559 δὲ
2946 2505 3170 2559 ἱππικὸν
3219 2506 3499 2574 Θεόφιλος,
3542 2506 3636 2558 καὶ
3674 2505 3985 2575 προσέταξε

2397 2599 2475 2669 τῷ
2512 2598 2959 2668 Χαμαιδράκοντι
2988 2599 3178 2651 Λέοντι
3202 2599 3281 2668 τῷ
3299 2598 3784 2669 πρωτοϐεστιαρίῳ
3818 2596 3988 2649 αὑτοῦ

2400 2693 2628 2760 ἀγαγεῖν
2654 2691 2715 2745 τὸ
2744 2691 3150 2761 πολυκάνδηλον
3180 2691 3241 2743 τὸ
3276 2691 3333 2743 ὲν
3372 2694 3438 2762 τῇ
3481 2692 3665 2760 σφαγῇ
3720 2689 3820 2741 τοῦ
3865 2689 3990 2757 ’Δρ-

2402 2785 2589 2854 μενίου
2650 2784 2880 2847 Λέοντος
2942 2784 3086 2852 ξίφει
3144 2784 3428 2839 διακοπέν.
3500 2784 3611 2837 Τοῦ
3656 2782 3891 2835 ἱππικοῦ
3934 2782 3991 2835 δὲ

2399 2876 2747 2940 τελεσθέντος
2808 2876 3256 2948 προσεκαλέσατο
3308 2878 3490 2930 πᾶσαν
3536 2878 3637 2946 τὴν
3680 2875 3990 2943 σύγκλητον

2400 2975 2458 3025 ὲν
2498 2970 2576 3040 τῷ
2636 2968 2917 3038 λεγομένῳ
2966 2967 3305 3038 Καθίσματι,
3340 2967 3432 3021 καὶ
3470 2966 3532 3019 τὸ
3582 2965 3990 3033 πολυκάνὸηλον

2400 3062 2688 3133 ἐξαγαγὼν
2722 3063 2817 3115 καὶ
2844 3062 3133 3128 ὑποδείξας
3187 3063 3372 3125 αὐτοῖς
3416 3061 3556 3131 ἔφη·
3592 3061 3655 3113 '0
3694 3062 3782 3123 είς
3835 3059 3991 3111 ιάἐν

2404 3159 2626 3226 Κυρίου
2682 3156 3103 3224 εἰσερχόμενος
3164 3156 3262 3207 καί
3317 3155 3574 3223 χριστὸν
3627 3154 3854 3221 Κυρίου
3891 3167 3991 3220 φιο

2400 3250 2597 3303 νεύων
2637 3248 2804 3312 τίνος
2843 3246 3016 3299 ἐστίν
3071 3246 3275 3311 (iace;
3316 3247 3379 3299 Ἦ
3428 3247 3485 3300 δὲ
3518 3245 3825 3314 σύγκλητος
3854 3246 3989 3296 dim-

2400 3340 2650 3411 κριθεῖσα
2678 3339 2783 3409 ἔφη
2808 3354 2822 3368 ο
2854 3338 3060 3403 ’Ἄξιος
3098 3338 3359 3394 θανάτου
3389 3340 3584 3401 ἐστὶν,
3614 3333 3661 3392 ὦ
3690 3338 3986 3391 δέσποτα.

2401 3433 2513 3485 Καὶ
2543 3432 2703 3494 εὐθὺς
2736 3430 2991 3483 ἐκέλευσε
3023 3432 3150 3493 τοὺς
3186 3432 3282 3485 σὺν
3323 3431 3403 3500 τῷ
3455 3433 3624 3501 πατρὶ
3659 3430 3829 3483 αὐτοῦ
3881 3430 3988 3482 Μι-

2401 3523 2541 3594 χαὴλ
2574 3522 2665 3575 τὸν
2699 3523 2901 3575 Λέοντα
2955 3523 3243 3585 ἀνελόντας
3289 3522 3382 3575 τὸν
3416 3522 3660 3594 ὕπαρχον
3688 3525 3992 3590 κατασχεῖν

2400 3616 2493 3667 καὶ
2528 3615 2628 3678 τὰς
2661 3615 2901 3683 κεφαλάς
2926 3615 3109 3668 αὐτῶν
3160 3617 3218 3668 ἐν
3247 3618 3312 3686 τῇ
3349 3615 3621 3686 Σφενδόνῃ
3664 3615 3988 3684 ἀποτεμεῖν,

2398 3702 2572 3756 πολλὰ
2632 3703 3109 3773 προϐαλλομένους
3175 3705 3272 3757 καὶ
3318 3703 3575 3777 λέγοντας
3625 3704 3815 3758 ἄδικον
3849 3702 3990 3757 εἶναι

2399 3794 2484 3866 [Ρ.
2521 3793 2649 3864 515]
2679 3794 2777 3865 τὴν
2804 3794 2987 3865 κρίσιν
3012 3794 3142 3847 ’Καὶ
3185 3795 3295 3862 γὰρ
3333 3798 3383 3847 εί
3418 3794 3505 3863 μὴ
3538 3794 3617 3858 τῷ
3659 3795 3844 3862 πατρί
3873 3812 3988 3847 σειν

2397 3886 2958 3955 συνηγωνισάμεθα,
2989 3880 3345 3951 ὧβασιλεῦ,
3379 3889 3491 3940 οὐκ
3534 3885 3613 3941 ἂν
3657 3888 3847 3951 αὐτὸς
3884 3883 3987 3952 ἦρ·

2398 3981 2530 4046 ξας.
2561 3981 2672 4034 Καὶ
2727 3980 2793 4049 δὴ
2842 3979 3015 4042 οὕτως
3041 3979 3130 4032 ἐπ’
3162 3979 3319 4048 ὂψεσι
3350 3981 3568 4033 πάντων
3593 3979 3693 4044 τὰς
3740 3979 3985 4046 κε’ςαλάς

2398 4073 2820 4145 ἀπετμήθησαν,
2846 4074 3199 4145 προσχήματι
3239 4074 3338 4143 μὲν
3385 4073 3463 4136 ὡς
3505 4074 3585 4136 είς
3616 4074 3744 4125 ναὸν
3781 4074 3985 4142 Κυρίου

2398 4166 2812 4236 τετολμηκότων
2837 4166 3173 4235 ποιήσασθαι
3202 4166 3301 4237 τήν
3323 4166 3627 4237 ἀναίρεσιν,
3658 4168 3726 4236 τῇ
3758 4165 3988 4234 ἀληθεία

2397 4258 2455 4312 δὲ
2484 4257 2559 4320 ὡς
2597 4258 2691 4309 τὸν
2732 4256 3165 4327 συναιρεσιώτην
3227 4256 3394 4310 αὐτοῦ
3430 4258 3524 4310 καὶ
3579 4257 3862 4327 ὁμόφρονα
3909 4258 3987 4317 εἰς

2398 4350 2654 4403 ἀσέϐειαν
2686 4349 3134 4412 ἀποκτείναντες.
3166 4347 3355 4418 Εἴχετο
3380 4348 3490 4418 γάρ
3526 4351 3553 4402 ὁ
3580 4348 3864 4418 ἀλιτήριος
3890 4350 3988 4415 τῆς

2398 4443 2610 4495 ἐκείνου
2670 4440 3018 4508 θεοστυγοῦς’
3053 4441 3352 4512 αἱρέσεως,
3406 4443 3503 4496 καὶ
3550 4441 3649 4509 τῆς
3703 4439 3987 4501 εὐσεϐείας

712 4536 891 4590 claros
931 4534 1127 4589 exsilio
1158 4532 1418 4586 multaret
1450 4534 1521 4586 ac
1548 4530 1875 4587 verberibus
1901 4530 2132 4600 aliisque
2167 4546 2292 4585 cru—

2397 4528 2677 4605 ἀπείχετο,
2717 4533 2825 4587 τῶν
2856 4534 2912 4587 δὲ
2943 4534 3243 4588 εἰκόνωνδί
3275 4536 3375 4596 τὰς
3398 4535 3497 4603 μὲν
3530 4533 3853 4596 κατασπῶν,
3888 4532 3989 4590 τάς

711 4628 952 4684 ciatibus
972 4626 1385 4681 dehonestaret.

780 4808 838 4864 '5.
870 4808 971 4863 lllo
1010 4808 1365 4877 imperatore,
1400 4806 1455 4861 in
1496 4807 1868 4862 seelestissimi
1892 4806 2017 4875 ejus
2046 4808 2293 4877 tyranni-

714 4918 822 4973 que
850 4901 1083 4971 patriam
1117 4900 1313 4955 urbem
1350 4899 1849 4969 irruptionel‘acta,
1876 4900 2136 4955 Saraceni
2169 4918 2294 4956 cum

716 4994 1036 5065 ingentibus
1060 4992 1254 5062 copiis,
1283 4991 1504 5046 inventa
1540 4992 1630 5046 illa
1652 4992 1867 5047 fortiter
1894 4993 2055 5063 792
2085 4994 2294 5048 munita
2334 5050 2337 5053 ,

714 5102 778 5140 ac
827 5084 986 5138 valde
1042 5083 1473 5153 propugnaculis
1519 5091 1669 5147 tuta,
1717 5083 1960 5153 bellique
1996 5084 2203 5139 ducum
2231 5101 2296 5140 ac
2344 5158 2350 5165 .

715 5178 1065 5233 tribunorum
1089 5176 1486 5248 quinquaginta
1512 5177 1767 5247 praesidio
1796 5177 1951 5242 fulta,
1985 5194 2109 5232 cum
2142 5179 2297 5234 lecta:

716 5270 929 5325 militia:
971 5270 1107 5324 viris
1135 5269 1449 5340 horumque
1479 5270 1797 5335 ordinibus,
1830 5269 1951 5325 dies
1975 5271 2293 5340 quindecim

716 5364 940 5417 obsessa
974 5377 1160 5418 mense
1183 5364 1431 5433 Augusto
1457 5377 1521 5417 ac
1544 5373 1852 5435 expugnata
1872 5364 2037 5434 vique
2069 5366 2293 5420 subacta

719 5470 782 5511 ac
819 5454 1091 5526 captivata
1145 5454 1369 5511 inﬁnitae
1416 5455 1794 5512 multitudinis
1837 5457 2106 5511 militares
2148 5458 2299 5513 viros

2393 4627 2449 4679 δὲ
2503 4626 2831 4697 ἀνορύττων,
2868 4626 3115 4689 καὶτοὺς
3158 4626 3534 4697 ἐπ’.εύλα6είᾳ
3570 4626 3847 4696 μοναχοὶμς
3902 4625 3990 4689 ἑξ-

2398 4710 2594 4789 ορίζων
2622 4719 2717 4771 καὶ
2736 4718 3117 4788 αἰκιζόμενος,
3342 4772 3349 4783 δ
3922 4734 3925 4741 ς

2467 4818 2536 4878 γ’.
2585 4810 2700 4877 Ἐφ’
2736 4803 2798 4863 οῦ
2831 4811 2923 4890 καὶ
2953 4810 3090 4878 πρὸς
3140 4812 3240 4881 τὴν
3298 4810 3536 4879 πατρίδα
3570 4809 3665 4862 καὶ
3698 4807 3855 4861 πόλιν
3886 4809 3986 4861 αἱ»

2396 4902 2492 4955 τοῦ
2541 4902 2588 4933 θ’
2638 4900 2733 4953 τοῦ
2784 4900 3068 4972 ἀλιτηρίου
3119 4902 3214 4954 καὶ
3261 4904 3531 4970 τυράννου
3586 4901 3727 4970 μετὰ
3783 4898 3989 4966 πολλῆς

2396 4993 2679 5062 δυνάμεως
2734 4994 2782 5045 οἱ
2832 4991 2877 5023 ⁸³
2924 4993 3233 5063 Σαρακηνο“ι
3284 4988 3743 5063 παραγενόμενοι,
3789 5008 3988 5060 καρτε-

2405 5087 2512 5158 ρῶς
2548 5086 2593 5116 ⁸³
2614 5085 2985 5156 ὠχυρωμένην
3016 5086 3269 5155 εὑρόντες
3321 5086 3417 5137 καὶ
3459 5083 3989 5152 κατησφαλισμένην

2402 5179 2543 5234 πάνυ
2576 5179 2668 5232 καὶ
2696 5178 2800 5230 ὑπὸ
2858 5178 3184 5252 στρατηγῶν
3234 5179 3578 5247 πεντήκοντα
3618 5177 3666 5207 ⁸⁸
3709 5193 3984 5244 φρουρου-

2403 5274 2573 5343 μένην
2603 5274 2743 5340 μετά
2762 5272 2871 5325 τῶν
2897 5272 3138 5339 λογάδων
3157 5273 3253 5325 καὶ
3279 5271 3392 5323 τῶν
3425 5268 3857 5339 στρατευμάτων
3888 5268 3988 5319 αὖ-

2398 5362 2529 5426 τῶν,
2563 5364 2656 5413 καὶ
2685 5361 2889 5431 ταύτην
2945 5361 3014 5413 δι’
3062 5359 3286 5431 ἡμερῶν
3334 5358 3393 5412 ιε’
3450 5358 3749 5427 Αὐγούστῳ
3773 5358 3821 5387 ¹¹⁶
3854 5356 3988 5424 μηνὶ

2406 5453 2850 5526 ὲκπορθήσαντες
2895 5454 2988 5508 καὶ
3020 5454 3359 5524 δορυαλωτον
3409 5452 3693 5522 εἰληφότες
3722 5450 3985 5521 ᾐχμαλώ-

2029 5634 2265 5691 VARle
2305 5634 2709 5690 LECTIONES.

796 5754 859 5783 ἐν
884 5755 945 5819 τῇ
975 5752 1289 5822 σνγκλήτῳῗ
1316 5756 1509 5815 aurei;
1538 5753 1635 5821 τῆς
1656 5754 1957 5821 συγκλήτου
1982 5755 2004 5804 ’ἓ
2078 5752 2124 5781 ⁸⁰
2151 5747 2308 5821 ﬁunt.
2341 5751 2401 5805 I'.
2479 5754 2522 5782 “
2552 5754 2605 5805 δὲ
2634 5750 2767 5816 siin]
2798 5770 2848 5804 τε
2874 5755 3014 5805 εξκ.”ξ

1084 5823 1145 5886 1’;
1176 5823 1231 5875 ν’
1310 5825 1354 5856 ﬂ
1384 5825 1741 5893 πεντήκοντσί
1775 5832 1818 5893 η’
1863 5826 1921 5877 (ἷι
2007 5826 2049 5849 ⁸⁴
2088 5825 2173 5877 τοῦ
2210 5824 2515 5890 Αὐγούστου
2563 5824 2725 5893 μηνὸς
2756 5824 2814 5873 t2.

725 5824 764 5852 "
804 5823 1145 5894 καρτερικῶς
1176 5822 1231 5875 [⁸,
1310 5825 1354 5856 ⁸³⁵
1384 5825 1741 5894 mutilum/ta]
1775 5832 1818 5894 η’
1863 5826 1921 5877 (ἰ.

3086 5752 3129 5783 ¹¹²
3160 5751 3322 5805 αὑτοῦ
3346 5767 3455 5805 Olli.
3480 5751 3540 5801 (ἒ.
3620 5750 3663 5781 ⁸⁸
3692 5754 3737 5803 οἱ
3772 5751 3897 5805 τιιίιι,
3923 5754 3983 5801 tl.
