4158 6438
175 390 277 450 853

1262 401 1455 459 VITJE
1494 402 2038 463 RECEN'I‘IORUM
2086 402 2280 460 llll‘l‘.

3298 408 3399 468 854

173 514 368 549 τευσαν
405 497 448 527 ⁸⁷
481 498 572 549 καὶ
623 497 951 552 ἀπέκτειναν
986 502 1112 555 λαιὸν
1161 502 1408 575 ἄπειρον.
1449 506 1606 559 Ἀλλὰ
1633 508 1737 577 μὴν

1858 508 2168 575 ilebemquc
2206 507 2481 561 occidere.
2525 507 2766 563 Navibus
2793 509 2996 579 egressi
3031 509 3293 581 Cyclades
3324 514 3405 565 in-

175 590 267 642 καὶ
290 588 468 658 πλήθη
502 588 702 641 πλοίων
735 591 916 642 αὐτῶν
943 592 1225 656 ἐξελθόντα
1256 596 1353 659 τὰς
1385 595 1669 659 Κυκλάδας
1695 600 1738 628 ⁸⁸

175 681 373 749 νήσους
398 681 704 748 ὴρήμωσαν
738 682 831 732 καὶ
861 682 955 752 τὴν
986 685 1209 753 Κρήτην
1243 688 1336 737 καὶ
1357 686 1456 755 τὴν
1494 687 1741 743 Σικελίαν

173 770 501 838 παρέλαϐον.
566 772 675 822 Καὶ
723 770 892 841 ψῦχος
938 774 1075 825 πολὺ
1127 776 1339 842 γέγονε,
1402 777 1495 829 καὶ
1539 780 1742 847 χειμὼν

171 858 512 927 ἀγριώτατος
544 860 639 912 καὶ⁹
684 859 1011 931 δριμύτατος
1060 863 1127 924 ⁸⁸,
1180 863 1275 916 καὶ
1310 864 1465 932 λιμὸς
1502 866 1740 935 ἰσχυρὸς,

174 951 270 1003 καὶ
298 968 462 1019 ι.-ρος
492 950 693 1019 αὐχμοὶ
743 953 839 1003 καὶ
890 952 1215 1021 δυσκρασίαι
1262 956 1357 1008 καὶ
1414 957 1740 1026 ἀνωμαλίαι,

174 1040 268 1091 καὶ
328 1040 548 1108 σεισμοὶ
596 1040 816 1125 ιροῦεροὶ
868 1043 963 1095 καὶ
1011 1044 1321 1114 ἐπάλληλοι.
1378 1048 1475 1117 τὴν
1506 1048 1745 1118 ἄμετρον

172 1130 576 1201 ἀπελέγχουσαι
632 1132 726 1184 τοῦ
783 1134 1112 1203 κρατοῦντος
1169 1137 1470 1207 μοχθηρίαν
1513 1140 1607 1191 καὶ
1657 1156 1745 1191 κα-

174 1222 462 1291 κουργίαν.
485 1224 576 1285 Εἰς
611 1225 879 1294 τοσαύτην
905 1228 1014 1295 γὰρ
1045 1229 1357 1293 ἀφιλοθεῖαν
1374 1233 1467 1285 καὶ
1490 1231 1744 1285 ἀπόνοιαν

173 1312 466 1376 ἐξώκειλεν
512 1315 539 1365 ὁ
588 1313 765 1378 ἄθεος,
802 1316 877 1378 ὠς
916 1318 962 1349 ’⁸
991 1321 1083 1370 καὶ
1108 1319 1207 1389 τὴν
1228 1321 1323 1374 τοῦ
1366 1321 1744 1390 Κοπρωνύμου

174 1405 271 1456 καὶ
302 1404 415 1455 τῶν
451 1405 814 1474 θηριωνύμων
861 1408 906 1440 ’³
937 1410 1179 1480 χαλεπὴν
1219 1411 1316 1463 καὶ
1349 1412 1747 1481 μυσαρωτάτην

171 1497 390 1564 αἵρεσιν
418 1496 797 1568 διαδεξάμενος
829 1499 874 1530 ⁸³
909 1502 1003 1552 καὶ
1033 1503 1410 1567 ἀνακαινίσας,
1452 1504 1527 1566 ὼς
1584 1504 1748 1573 μηδὲν

172 1583 341 1656 ἦττον
360 1588 406 1619 ’³
427 1589 658 1658 ὀφθῆναι
674 1590 772 1659 τῆς
793 1592 1015 1643 ἐκείνων
1032 1594 1077 1623 ’⁵
1100 1592 1418 1657 δυσσεϐείας
1442 1595 1537 1647 καὶ
1553 1613 1747 1664 παροι-

176 1679 298 1740 νίας
324 1679 637 1748 τυραννίδος
680 1699 737 1734 τε
776 1682 871 1734 καὶ
888 1683 1285 1752 ἐμϐροντησίας
1301 1687 1329 1738 ό
1348 1688 1749 1753 πεφενακισμέ-

175 1783 271 1829 νος
300 1768 395 1819 καὶ
451 1769 820 1840 ματαιόφρων.
862 1771 1015 1823 Ἐπεὶ
1061 1768 1153 1825 οὖν
1186 1776 1254 1843 τῇ
1302 1775 1438 1845 αὐτῇ
1474 1776 1751 1846 συσχεθεὶς

1845 596 1993 650 sulas
2026 596 2399 655 devastavcre,
2448 595 2776 664 Cretamque
2812 613 2875 651 ac
2909 597 3148 652 Siciliam
3180 615 3290 654 sua:
3318 600 3402 671 di-

1846 686 2009 739 tionis
2050 686 2248 739 fecere.
2297 685 2423 738 Fuit
2460 693 2515 739 et
2550 686 2745 755 ingens
2778 686 2969 755 frigus,
2998 686 3409 754 hiemsque-sm»

1846 776 2066 830 vissima
2122 792 2185 831 ac
2250 777 2582 844 asperrima,
2649 777 2927 845 famesque
2994 778 3208 843 valida;
3265 781 3408 835 aeris

1845 884 2062 937 quoque
2091 868 2346 921 lenitates
2369 874 2425 921 et
2453 876 2617 921 aestus
2635 883 2699 921 ac
2718 868 3070 936 intemperies
3090 877 3145 922 et
3171 870 3410 938 inmqua-

1845 960 2045 1022 litates,
2071 959 2338 1013 tremendi
2360 958 2490 1012 item
2516 968 2671 1012 terrae
2701 968 2882 1012 motus
2903 973 2966 1013 ac
2986 974 3123 1027 pene
3137 961 3405 1020 continui;

1846 1068 1967 1122 qua:
1996 1052 2178 1105 omnia
2228 1052 2281 1105 in
2330 1052 2659 1105 immensum
2712 1059 3024 1118 provectam
3066 1051 3410 1120 imperatoris

1847 1142 2171 1210 pravitatem
2222 1150 2277 1195 et
2311 1141 2616 1209 nequitiam
2657 1139 3035 1208 redarguendo
3066 1150 3271 1195 essent.
3335 1141 3411 1194 Eo

1846 1233 1992 1285 enim
2036 1232 2123 1283 vir
2166 1232 2365 1299 impius
2409 1230 2709 1299 impietatis
2738 1229 3100 1299 projectzeque
3124 1229 3413 1284 dementiae

1848 1323 2105 1390 delapsus
2137 1333 2241 1385 est,
2275 1330 2332 1375 ut
2362 1331 2416 1375 et
2458 1321 2789 1391 Cupronymi
2811 1330 2867 1374 ct
2895 1320 3096 1374 Leonis
3133 1320 3233 1386 (sic
3257 1321 3411 1387 quasi

1847 1430 1910 1467 ex
1950 1414 2123 1468 bestia
2150 1414 2316 1467 dumo
2345 1413 2587 1479 nomine)
2609 1427 2829 1481 gravem
2875 1410 3412 1480 impurissimamquc

1848 1507 2128 1575 exceperit
2154 1506 2406 1559 haeresim
2437 1520 2501 1559 ac
2532 1503 2958 1568 instauraverit;
2997 1511 3050 1556 ut
3094 1502 3233 1555 nihil
3269 1502 3415 1555 illius

1850 1598 2117 1667 impietati
2142 1612 2205 1651 ac
2224 1597 2571 1651 bacchationi
2601 1594 2986 1666 tyrannidique
3012 1610 3076 1649 ac
3099 1594 3310 1663 stupori
3333 1608 3419 1647 se

1849 1687 2053 1741 ductus
2095 1687 2260 1739 homo
2307 1685 2688 1753 dementisque
2717 1683 2886 1737 animi
2917 1682 3115 1738 cedere
3138 1683 3288 1736 visus
3323 1682 3412 1735 sit.

1852 1777 2311 1846 Quandoquidem
2337 1777 2486 1831 enim
2515 1777 2707 1830 eodem
2731 1776 2850 1845 ipso
2877 1776 3173 1845 impiorum
3199 1774 3417 1827 illorum

176 1857 291 1909 τῶν
341 1859 558 1911 ἀσεϐῶν
619 1860 843 1915 ἐκείνων
892 1864 988 1916 καὶ
1031 1865 1392 1935 παλαμναίων
1440 1870 1623 1940 ἀπάτῃ
1654 1869 1746 1921 καὶ

1858 1870 2477 1939 scelestissimorumque
2516 1882 2709 1923 errore
2752 1878 2817 1922 et-
2861 1876 3085 1936 stupore
3140 1876 3420 1934 (astroque

178 1949 538 2019 παραπληξίᾳ
564 1967 623 2003 τε
652 1953 746 2006 καὶ
777 1954 1155 2025 οἰστρηλασίᾳ,
1181 1957 1292 2011 τῶν
1314 1959 1379 2012 ἐκ
1404 1959 1748 2029 Μανιχαῖκῆς

181 2038 385 2105 μανίας
430 2042 524 2092 καὶ
588 2042 933 2114 Ἀρειανικῆς
990 2045 1191 2115 λύσσης
1231 2048 1599 2119 ὡρμημένων,
1649 2053 1752 2104 πά-

175 2128 262 2181 λιν
290 2129 336 2162 "
360 2130 596 2201 διωγμὸν
627 2134 723 2186 καὶ
747 2135 908 2201 αὐτὸς
934 2138 1072 2191 κατὰ
1091 2139 1192 2207 τῆς
1232 2139 1557 2210 Ἐκκλησίας
1571 2141 1748 2195 ὡσαύ-

176 2239 289 2286 τως
309 2225 704 2279 ἐπανετείνετο.

252 2308 316 2367 δ’.
347 2314 532 2385 Τούτῳ
561 2317 606 2348 ⁸⁸
637 2316 714 2387 τῷ
738 2318 973 2388 μισοοέῳ
1002 2320 1203 2389 μᾶλλον
1238 2323 1412 2376 εἰπεῖν
1439 2323 1472 2395 ἢ
1507 2324 1753 2395 θεοφίλῳ

178 2406 499 2475 προσέφυγε
538 2407 805 2475 Θεόφοῧος
840 2410 869 2461 ό
900 2410 1119 2480 Πέρσης
1154 2413 1269 2483 ἅμα
1306 2413 1384 2483 τῷ
1438 2416 1609 2482 πατρὶ
1651 2416 1751 2468 αύ-

178 2495 301 2555 τοῦ,
338 2498 479 2564 μετὰ
529 2498 754 2566 Περσῶν
800 2499 1035 2568 χιλιάδες
1081 2503 1502 2576 δεκατέσσαρες,
1547 2505 1640 2567 οὓς
1671 2508 1751 2560 δι-

179 2589 401 2657 ένειμεν
426 2592 485 2641 ὲν
521 2594 636 2654 τοῖς
667 2590 864 2660 θέμασι
900 2596 1332 2664 κατασκηνώσας
1368 2598 1463 2649 καὶ
1494 2599 1574 2661 είς
1598 2599 1753 2669 τούρ-

182 2696 297 2746 μας
348 2681 839 2752 ἀποκαταστήσας,
887 2685 942 2735 αἳ
999 2686 1159 2755 μέχρι
1215 2688 1310 2740 τοῦ
1361 2686 1455 2741 νῦν
1510 2687 1754 2757 λέγονται

178 2768 424 2838 τοῦρμαι
469 2771 727 2841 Περσῶν·
773 2774 933 2827 αὑτὸν
965 2775 1022 2826 δὲ
1079 2777 1169 2828 τὸν
1200 2778 1469 2847 Θεόφοόον
1498 2779 1585 2851 [Ρ.
1630 2779 1755 2852 516]

181 2862 267 2923 εἰς
314 2860 550 2933 ἀδελφὴν
598 2862 878 2935 Θεοδῶρας
915 2866 1233 2938 Αὐγούστης
1270 2870 1521 2939 γαμϐρὸν
1570 2873 1758 2940 ὲποιή·

184 2966 340 3007 σατο.

263 3217 330 3273 ε’.
368 3220 701 3291 Φιλόκοσμος
717 3222 772 3276 δὲ
797 3223 869 3276 ὢν
886 3226 913 3277 ό
934 3226 1091 3289 αὐτὸς
1113 3227 1367 3295 Θεόφιλος
1390 3230 1759 3285 κατεσκεύασε

183 3312 278 3365 διὰ
326 3311 423 3364 τοῦ
461 3313 718 3383 ἄρχοντος
755 3315 849 3368 τοῦ
924 3320 1217 3387 χρυσοχόου
1262 3321 1591 3387 λογιωτάτου
1618 3324 1758 3377 πάνυ

183 3404 341 3466 δντος
380 3406 474 3456 καὶ¹
531 3406 822 3473 συγγενοῦς
872 3409 1155 3462 Ἀντωνίου
1206 3413 1544 3483 πατριάρχου
1594 3415 1656 3467 τό
1702 3432 1758 3468 τε

185 3495 605 3566 Πενταπύργιον
648 3499 741 3551 καὶ
773 3499 839 3551 τὰ
861 3499 967 3551 δύο
987 3503 1217 3569 μέγιστα
1238 3502 1446 3572 ὄργανα
1470 3504 1755 3575 ὁλόχρυσα,

184 3587 471 3657 διαφόροις
517 3587 684 3651 λίθοις
717 3592 811 3642 καὶ
861 3591 1025 3653 ὲλίοις
1057 3592 1323 3657 καλλύνας
1353 3595 1511 3659 αὐτὰ,
1548 3596 1758 3666 δένδρον

183 3681 239 3732 δὲ
269 3681 531 3749 χρυσοῦν,
577 3683 634 3734 ἐν
759 3684 1009 3754 στρουθοὶ
1042 3686 1357 3755 ἐφεζόμενοι
1396 3687 1483 3739 διὰ
1515 3688 1761 3758 μηχανῆς

184 3788 336 3834 τινος
370 3773 645 3839 μουσικῶς
672 3774 977 3829 ἐκελάδουν.
1013 3776 1430 3848 Ἐκαινούργησε
1463 3778 1520 3831 δὲ
1540 3781 1634 3831 καὶ
1662 3780 1760 3842 τὰς

188 3864 484 3931 βασιλικὰς
524 3864 715 3927 στολὰς
742 3866 771 3917 ό
818 3866 1096 3934 βασιλεὺς,
1140 3868 1449 3931 ἁνανεώσας
1496 3870 1587 3923 καὶ
1625 3888 1759 3939 χρυ-

188 3955 529 4023 στιῦφὰντους
561 3958 972 4022 κατασκευάσας
1011 3960 1137 4023 τοὺς
1187 3961 1514 4030 λεγομένους
1554 3960 1759 4031 λὼρους

190 4050 290 4101 καὶ
318 4048 389 4101 τὰ
420 4049 584 4102 λοιπὰ
615 4052 813 4107 πάντα.

264 4223 346 4288 ς’.
396 4224 756 4294 Δικαιοσύνην
802 4243 860 4277 τε
911 4226 1178 4294 κοσμικὴν
1229 4226 1690 4296 προσποιούμενος
1734 4230 1761 4279 ὁ

187 4320 294 4383 τὴν
322 4316 507 4369 πίστιν
533 4317 627 4369 καὶ
646 4316 743 4388 τὴν
768 4317 1047 4371 εὐσέϐειαν
1072 4317 1234 4369 πλέον
1262 4318 1402 4388 ὑπὲρ
1426 4318 1551 4381 τοὺς
1574 4318 1763 4390 πρώην

1853 1963 2163 2025 tenebatur,
2202 1976 2270 2016 ex
2302 1960 2642 2015 Manichaico
2665 1960 2802 2014 ortis
2828 1958 3015 2013 furore
3057 1958 3419 2026 Arianicaque

1852 2055 2023 2120 rabie,
2066 2053 2514 2124 persecutionem
2560 2052 2679 2121 ipse
2704 2063 2924 2120 quoque
2966 2048 3085 2119 pari
3123 2048 3336 2102 ratione
3366 2049 3418 2102 iu

1852 2147 2150 2202 Ecclesiam
2168 2144 2424 2201 intendit.

1926 2323 2086 2394 793
2126 2325 2177 2377 4.
2235 2321 2374 2376 Huic
2419 2320 2780 2391 (Misotheum
2830 2320 3013 2387 potius
3062 2317 3275 2381 dicam,
3325 2316 3419 2371 Dei

1854 2432 2103 2479 osorem,
2147 2430 2327 2484 quam
2354 2414 2500 2483 quod
2534 2414 2872 2468 contrarium
2921 2421 3106 2473 sonat,
3143 2409 3419 2477 TheOphi-

1855 2512 2000 2577 lum)
2031 2506 2406 2575 T‘heOphobus
2451 2505 2615 2559 Persa
2650 2520 2756 2558 una
2804 2519 2928 2559 cum
2974 2511 3127 2572 patre
3163 2500 3425 2569 profugus

1855 2598 2107 2662 accessit,
2158 2611 2281 2652 cum
2338 2595 2753 2665 quatuordecim
2810 2595 3100 2649 Persarum
3158 2590 3419 2644 millibus.

1858 2690 2153 2758 Susceptos
2210 2687 2299 2741 ille
2339 2686 2658 2750 distribuit,
2706 2686 2974 2754 sedesque
3033 2698 3133 2753 per
3185 2681 3423 2735 themata

1856 2779 2289 2852 provincialibus
2341 2777 2600 2847 adlcgcns
2661 2776 2957 2847 assignavit
3009 2790 3072 2829 ac
3136 2771 3427 2827 ordinibus

1859 2870 2196 2934 contribuit;
2248 2869 2625 2938 hactenusque
2665 2883 2865 2922 nomen
2912 2868 3172 2931 retinent,
3204 2882 3266 2922 ac
3300 2868 3427 2921 Per-

1860 2978 2045 3018 sarum
2081 2971 2275 3016 turma:
2323 2959 2576 3013 audiunt.
2613 2961 2793 3029 Ipsum
2839 2976 2972 3015 vero
3005 2958 3424 3028 Theophobum,

1861 3049 1985 3104 data
2048 3048 2234 3102 uxoris
2290 3063 2479 3102 sorore
2544 3048 2597 3101 iu
2658 3051 2978 3119 conjugem,
3036 3048 3141 3101 sibi
3212 3046 3426 3102 aliinem

1862 3142 2011 3197 fecit.

1934 3236 1986 3289 5.
2020 3234 2157 3289 Cum
2186 3242 2412 3288 ornatus
2461 3232 2851 3302 elegantiaeque
2876 3248 3065 3287 amans
3100 3242 3245 3286 esset
3285 3232 3429 3286 idem

1864 3325 2223 3394 TheOpbilus,
2251 3340 2351 3393 per
2386 3323 2684 3378 aurificinae
2714 3323 3043 3393 principem,
3068 3324 3248 3377 virum
3282 3336 3432 3375 sum-

1865 3433 1950 3472 me
1978 3416 2257 3471 eruditum
2284 3425 2447 3483 atque
2464 3415 2721 3470 solertem
2750 3414 3082 3483 Antoniique
3105 3413 3429 3483 patriarcha:

1863 3504 2253 3573 propinquum,
2275 3503 2700 3573 Pentapyrgium
2732 3505 2877 3571 quod
2904 3513 3099 3558 vocant
3134 3502 3430 3557 fabricatus

1862 3602 1963 3655 est,
1996 3592 2216 3661 duoque
2265 3592 2497 3645 maxima
2536 3606 2737 3661 organa
2787 3606 2921 3645 auro
2958 3592 3151 3655 solida,
3195 3591 3437 3645 diversis

1862 3684 2064 3753 lapillis
2106 3683 2375 3751 tortisque
2405 3690 2619 3737 ornata.
2644 3682 2879 3736 Auream
2910 3682 3041 3737 item
3065 3683 3336 3743 arborem,
3375 3683 3427 3734 in

1863 3774 2298 3845 quainsidentes
2333 3773 2560 3828 avicula:
2579 3788 2648 3828 ex
2667 3774 2902 3842 quadam
2937 3774 3189 3828 machina
3223 3775 3430 3827 musice

1864 3865 2237 3920 cantillabant.
2280 3862 2386 3919 Sed
2437 3873 2494 3917 et
2544 3863 2853 3932 imperiales
2889 3872 3070 3918 vestes
3104 3872 3161 3918 et
3204 3864 3433 3933 paluda-

1864 3964 2048 4010 menta
2107 3954 2436 4009 instauravit
2481 3956 2798 4024 imperator,
2860 3970 3132 4010 renovans
3185 3969 3431 4024 auroque

1866 4054 2008 4101 texta
2052 4045 2328 4100 fabricans
2376 4061 2497 4115 qua:
2540 4055 2735 4100 vocant
2780 4046 2895 4100 lora
2945 4061 3010 4101 ac
3058 4046 3278 4116 reliqua
3308 4060 3430 4100 om-

1864 4138 1978 4191 nia.

1933 4231 1984 4283 6.
2017 4230 2312 4291 Justitiam,
2340 4245 2462 4298 quae
2490 4230 2672 4283 saeculi
2707 4244 2805 4283 usu
2849 4240 2953 4292 est,
2992 4240 3316 4299 praetexens,
3346 4229 3435 4282 vir

1865 4320 2074 4374 scilicet
2094 4319 2187 4387 qui
2215 4318 2375 4372 fidem
2401 4333 2465 4372 ac
2496 4318 2752 4387 pietatem
2778 4334 2946 4388 supra
2971 4334 3069 4374 eos
3095 4320 3189 4388 qui
3221 4320 3432 4390 pridem

190 4395 621 4479 βασιλεύσαντας
668 4410 950 4479 ἀδικήσας,
1012 4408 1413 4479 προσελθούσης
1457 4409 1606 4479 αὐτῷ
1661 4428 1753 4477 γυιι

1866 4410 2156 4479 imperium
2194 4420 2483 4465 tenuerant
2523 4410 2715 4477 majori
2762 4411 2960 4479 injuria
3004 4411 3224 4475 laeserit,
3277 4426 3435 4466 acce-

189 4502 381 4564 ναικὸς
427 4502 602 4572 χήρας
649 4503 707 4553 ὲν
762 4500 1093 4570 Βλαχέρναις
1149 4501 1306 4567 (ἔθος
1334 4501 1443 4572 γὰρ
1488 4497 1555 4571 ἦν
1614 4502 1762 4572 αὐτῷ

190 4599 375 4649 ἐκεῖσε
413 4595 774 4666 ἀπέρχεσθαι)
811 4596 902 4649 καὶ
943 4595 1216 4664 βοησάσης
1242 4596 1316 4657 ὡς
1340 4595 1576 4647 ἀδικοῖτο
1616 4596 1764 4663 παρὰ

191 4688 291 4741 τοῦ
327 4688 428 4757 τῆς
474 4688 788 4756 Αύγούστης
836 4686 1064 4754 ἀδελφοῦ
1104 4686 1363 4755 Πετρωνᾶ
1403 4688 1763 4756 δρουγγαρίου

190 4780 293 4850 τῆς
331 4778 523 4849 βίγλης
550 4777 699 4841 ὄντος
722 4795 737 4808 '
782 4777 961 4845 ’Υψοῖ
985 4776 1095 4846 γὰρ
1121 4777 1191 4830 τὰ
1228 4776 1443 4830 ἑαυτοῦ
1477 4777 1766 4845 οίκήματα

190 4872 322 4937 τοῖς
354 4872 682 4940 πείσμασιν
709 4864 798 4936 οἷς
828 4869 1189 4938 καινουργεῖ,
1220 4868 1320 4922 καὶ
1365 4868 1435 4920 τὰ
1470 4868 1581 4936 ἐμὰ
1618 4883 1762 4921 σκο-

187 4963 335 5025 τίζει
384 4965 483 5018 καί
539 4966 626 5029 είς
675 4963 769 5016 τὸ.
785 4962 980 5030 μηδὲν
1021 4957 1175 5015 εἶναι
1216 4961 1391 5024 ποιεῖ,
1430 4961 1532 5015 ἅτε
1581 4958 1767 5028 χήρας

189 5062 393 5124 οῠσης
428 5060 1056 5129 καταπεφρονημένης.
1086 5058 1197 5113 Καὶ
1228 5058 1474 5128 παρευθὺ
1508 5058 1765 5111 ἀπέστει-

189 5156 289 5206 λεν
332 5153 633 5207 Εύστάθιον
671 5153 968 5223 κυαίστορα
1017 5151 1248 5220 ἐπίκλην
1286 5150 1562 5220 Μοναχὸν,
1612 5151 1671 5202 ὲν
1700 5154 1764 5221 τῇ

206 5244 397 5316 Ὀζείᾳ
427 5242 701 5311 οίκοῦντα,
748 5244 846 5299 σὺν
882 5245 1069 5298 Λέοντι
1099 5244 1179 5298 τῶ
1220 5242 1511 5313 Συμϐατίῳ
1540 5243 1636 5297 καὶ
1665 5246 1768 5311 Δη-

1868 4502 2029 4556 deute
2065 4500 2132 4553 ad
2164 4516 2289 4553 eum
2322 4500 2555 4554 muliere
2583 4500 2746 4554 vidua
2784 4501 2839 4554 in
2888 4500 3210 4556 Blachernis
3242 4502 3433 4572 (moris

1866 4593 2013 4647 enim
2048 4592 2125 4645 illi
2150 4602 2272 4644 erat
2312 4606 2378 4644 eo
2416 4589 2711 4661 proﬁcisci)
2741 4605 2806 4646 ac
2838 4591 3108 4646 clamante
3141 4592 3340 4663 injuria
3374 4608 3436 4649 se

1868 4684 2005 4739 allici
2040 4699 2069 4735 a
2099 4684 2331 4735 Petroua
2370 4682 2625 4750 Augustae
2660 4680 2847 4747 fratre,
2875 4681 3232 4736 excubiarum
3258 4681 3434 4736 drun-

1868 4781 2058 4849 gario:
2101 4776 2325 4831 Exultat
2362 4778 2498 4829 enim
2533 4776 2667 4829 mdes
2707 4792 2832 4829 sua:
2865 4776 3009 4829 novi:
3037 4775 3292 4840 adiﬁciis,
3317 4790 3435 4845 qua:

1868 4870 2109 4933 molitur,
2143 4869 2372 4937 meisque
2411 4866 2649 4919 tenebras
2690 4866 2916 4931 obducit,
2945 4874 3004 4918 ut
3018 4867 3137 4935 jam
3174 4867 3299 4919 mihi
3317 4867 3436 4919 inu-

1871 4962 1985 5015 tiles
2017 4959 2181 5030 794
2210 4960 2394 5028 faciat,
2427 4958 2617 5027 quippe
2644 4973 2761 5027 quin
2790 4965 3087 5026 contempla
3126 4957 3283 5011 uidua
3310 4957 3430 5010 sim.

1869 5055 2237 5119 Actutumque
2296 5050 2643 5105 Eustathium
2689 5056 3015 5118 quaestorem
3073 5058 3438 5118 cognomento

1870 5145 2219 5207 Monachum,
2244 5144 2298 5197 in
2318 5142 2444 5198 Osia
2464 5142 2773 5212 degentem,
2798 5157 2925 5197 cum
2949 5141 3131 5196 Leone
3154 5140 3436 5212 Symbatio

1872 5246 1929 5291 et
1949 5235 2224 5291 Demetrio
2243 5233 2563 5291 Camuliano
2582 5233 2753 5289 mittit
2774 5233 3119 5303 inspecturos
3136 5248 3269 5287 num
3294 5247 3434 5287 nova

1464 5416 1699 5473 VARIIE
1734 5415 2142 5473 LECTIONES.

269 5599 315 5632 ⁸¹¹
350 5597 738 5669 ᾐχμαλωτίσθη
760 5668 767 5669 7
793 5598 887 5669 καὶ
914 5596 1544 5669 ᾉὰνῃρέθηκὶςριστιανῶν
1591 5595 1813 5669 πλῆθος
1843 5597 2101 5669 ἄπειρον,⁸
2142 5594 2235 5669 καὶ

2283 5596 2316 5676 ᾖ
2352 5591 2505 5654 πόλις
2567 5590 2776 5676 εκᾳαύθη
2814 5591 2909 5645 καὶ
2951 5590 3337 5676 κατηρειπῴθη
3368 5589 3433 5676 σε

190 5670 247 5704 ⁸⁸
283 5656 438 5722 alii?
458 5698 528 5709 —
562 5656 873 5736 Κυκλᾶδας]
908 5656 1115 5719 ἑαυτῶν
1143 5656 1451 5732 ἐξελθόντες
1474 5668 1567 5728 τὰς
1603 5656 1899 5719 Κυκλάδων
1923 5656 2009 5736 Pi
2059 5664 2112 5736 "7
2136 5656 2471 5736 ἀγριῷτατον
2500 5661 2594 5736 καὶ
2616 5656 3035 5736 δρεμύτατον-Ο,
3072 5656 3297 5716 omissis
3327 5656 3435 5736 ⁷κει).

193 5742 497 5864 ἕξιῇἓῖᾷου
603 5739 631 5790 ὁ
650 5737 806 5879 ξῗεῖἷ
814 5737 1277 5880 μῗῗμὲξῖνθὲιάλξί
1299 5753 1358 5862 ἒξ

1235 5737 1277 5768 ’ί
1308 5737 1401 5789 καὶ
1424 5736 1769 5806 θηριωνύμου
1803 5737 1862 5790 Ρ.

1466 5801 1511 5839 έδ
1543 5801 1726 5876 Τούτῳ
1761 5837 1827 5849 -
1850 5806 2218 5873 ἐπιφοιτήσεις
2240 5844 2253 5866 ,
2287 5818 2433 5857 num.
2474 5803 2534 5854 l6
2567 5803 2684 5864 liu.,
2738 5802 2841 5856 col.
2873 5801 2999 5864 860,
3027 5816 3138 5856 om.
3194 5802 3256 5855 C.

1968 5735 2013 5765 θ’
2036 5735 2129 5785 καὶ
2173 5730 2565 5800 ἀναδεξάμενός
2605 5747 2663 5782 τε
2685 5730 2747 5786 C.
2863 5730 3113 5802 ⁹³νῆττων
3158 5746 3348 5802 margo
3375 5730 3433 5784 P.
