4158 6438
762 382 870 445 855

2017 385 2331 446 GEORGII
2374 386 2715 450 MONACHI

3892 395 3997 459 856

759 496 991 553 mditicia
1022 495 1200 551 viduae
1228 493 1438 552 aedibus
1468 500 1668 564 praeter
1693 491 1783 563 jus
1810 490 1999 562 fasque
2026 492 2325 549 ollicerent.

2439 498 2649 568 μητρίῳ
2674 494 2752 567 τῷ
2784 496 3172 569 Καμουλιανῷ,
3202 498 3327 552 ίδετν
3354 497 3403 552 εί
3431 497 3530 570 τὴν
3560 500 3790 568 γυναῖκα
3820 501 3999 557 ἀδικεῖ

762 589 1043 646 Abeuntes
1078 588 1285 658 itaque,
1317 587 1543 657 visaque
1584 584 1893 641 istiusmodi
1927 583 2144 654 injuria,
2174 599 2325 639 com~

764 691 1032 751 pertoque
1060 695 1191 735 vera
1210 693 1333 733 esse
1352 694 1474 749 qua:
1497 694 1529 732 a
1557 676 1787 731 muliere
1814 675 1965 733 dicta.
1986 682 2143 729 erant
2162 685 2326 745 atque

763 775 1001 844 objecta,
1032 788 1156 829 cum
1194 772 1403 827 reversi
1452 780 1659 834 essent,
1690 769 2005 840 imperatori
2041 769 2325 823 renuntia-

762 875 928 930 runt;
961 864 1355 937 convictusque
1401 862 1470 917 ab
1502 862 1584 917 eis
1620 862 1889 917 Petronas
1915 861 1971 914 in
2003 859 2177 914 oculis
2222 859 2325 912 im-

761 957 1053 1025 peratoris,
1087 957 1348 1011 detractis
1375 955 1640 1019 vestibus,
1663 954 1866 1009 acriter
1891 952 2055 1007 dorso
2078 950 2323 1007 exeditur.

761 1049 1039 1102 Statutum
1066 1063 1198 1102 vero
1230 1056 1316 1102 est
1373 1056 1434 1102 ut
1472 1057 1711 1116 quaestor
1753 1052 2173 1114 receptoresque
2204 1058 2328 1112 par-

764 1137 1022 1191 ticulares
1058 1153 1157 1191 seu
1203 1136 1483 1200 custodes,
1516 1137 1804 1198 abeuntes,
1848 1135 1967 1189 solo
1995 1141 2157 1187 tenus
2182 1133 2328 1204 ejus-

761 1226 975 1280 cemodi
1001 1226 1149 1281 aedes
1168 1236 1432 1281 eruerent
1466 1234 1524 1280 et
1546 1223 1764 1279 mulieri
1792 1223 2089 1279 traderent.

829 1407 883 1459 7.
914 1406 1162 1460 Alcxinm
1207 1405 1528 1458 Armenium
1570 1412 1931 1474 cognomento
1972 1401 2196 1464 Musele,
2248 1400 2327 1452 vi—

759 1513 881 1551 rum
907 1497 1032 1551 forti
1064 1496 1260 1551 robore
1292 1511 1355 1550 ac
1380 1505 1688 1559 strenuum,
1714 1495 1890 1548 locata
1919 1492 1971 1547 ei
1999 1492 2168 1545 Maria
2188 1506 2327 1559 pra:-

760 1594 958 1646 dilccta
993 1592 1103 1645 tilia
1138 1592 1192 1645 in
1227 1606 1488 1661 generum
1518 1591 1770 1652 ascitum,
1803 1586 2097 1656 patricium
2122 1586 2330 1641 creavit

758 1698 824 1737 ac
847 1682 999 1736 brevi
1043 1690 1165 1751 post
1197 1682 1362 1735 etiam
1407 1681 1747 1750 magistrum.
1794 1678 2147 1734 Postmodum
2172 1692 2326 1742 vero,

759 1777 910 1848 quod
951 1778 1005 1831 in
1054 1774 1425 1844 suSpicionem
1456 1781 1681 1827 venerat
1717 1771 1955 1827 all‘eetati
2000 1770 2240 1842 imperii,
2273 1779 2328 1831 et

764 1847 921 1939 quasi
962 1869 1017 1921 in
1053 1868 1229 1936 ipsum
1285 1863 1493 1934 aliquid
1526 1864 1841 1929 moliretur,
1870 1862 2189 1932 magistrum
2229 1860 2330 1914 mi-
2356 1847 2403 1906 Β

760 1962 893 2015 litiaa
927 1958 1234 2026 ducemque
1263 1955 1464 2011 Siciliae
1494 1953 1811 2024 praefectum
1843 1966 1874 2005 a
1900 1967 1959 2006 se
1997 1950 2329 2005 amandavit.

759 2053 953 2119 Qualia
998 2066 1132 2105 vero
1175 2049 1319 2119 parit
1368 2046 1604 2101 invidia!
1656 2044 1827 2100 Siculi
1879 2042 2101 2113 quidam
2140 2058 2330 2096 ascen-

761 2146 957 2199 dentes
1006 2142 1149 2210 apud
1211 2141 1603 2209 imperatorem
1647 2138 1982 2192 calumniam
2026 2135 2329 2198 instruunt,

760 2235 912 2304 quasi
935 2248 1016 2285 res
1033 2230 1461 2285 Christianorum
1488 2225 1769 2282 Saracenis
1797 2226 1988 2295 prodat
2007 2233 2054 2276 et
2084 2224 2332 2276 adversus

757 2326 1137 2395 imperatorem
1189 2337 1271 2374 res
1320 2335 1481 2372 novas
1520 2315 1791 2370 moliatur.
1832 2315 1979 2369 Inter
2028 2315 2145 2367 haec
2190 2312 2334 2366 vivis

761 2425 1014 2487 exempta
1037 2415 1203 2469 Maria
1232 2409 1706 2467 desideratissima
1733 2406 2023 2475 Theophili
2052 2405 2187 2470 ﬁlia,
2214 2406 2334 2474 ejus

761 2526 957 2565 urnam
983 2516 1210 2577 argento
1239 2504 1548 2565 exornavit,
1583 2510 1904 2569 tomumque
1923 2496 2195 2552 libertatis
2232 2512 2332 2565 po-

762 2602 873 2657 suit
898 2616 964 2655 ac
1019 2597 1405 2661 immunitatis,
1442 2595 1537 2663 qui
1579 2592 1649 2646 ad
1695 2606 1815 2645 eam
1858 2590 2056 2659 quovis
2101 2589 2332 2644 crimine

763 2694 1145 2762 confugerent.
1174 2690 1473 2759 Argentum
1508 2693 1694 2755 postea
1732 2682 1844 2737 Leo
1873 2682 2169 2750 imperator
2196 2695 2227 2734 e
2249 2693 2334 2733 se-

764 2786 960 2855 pulcro
996 2782 1243 2836 abstulit.

834 2877 890 2930 8.
935 2874 1105 2929 Porro
1152 2869 1493 2939 Theophilus
1519 2866 1680 2937 795
1719 2864 2069 2919 Theodorum
2120 2862 2336 2931 episco-

763 2983 916 3039 pum,
943 2965 1253 3021 Critbinum
1308 2962 1537 3024 dictum,
1589 2968 1704 3013 tum
1753 2957 1809 3011 in
1845 2954 1981 3010 urbe
2021 2962 2332 3008 versantem

763 3075 891 3116 cum
941 3057 1164 3114 Alexius
1217 3052 1492 3109 calumnia
1543 3048 1821 3119 appetitus
1869 3054 1973 3110 est,
2021 3057 2330 3107 accersens,

765 3152 1075 3221 traditaque
1126 3161 1289 3203 cruce
1340 3144 1625 3215 pectorali,
1666 3142 1721 3195 in
1753 3140 1994 3195 Siciliam
2025 3138 2196 3202 misit,
2236 3134 2328 3206 qui

759 3246 998 3316 juratam
1033 3237 1398 3294 immunitatis
1431 3234 1590 3289 ﬁdem
1636 3232 1827 3287 Alexio
1852 3230 2122 3300 praeberet
2164 3237 2223 3283 et
2266 3226 2332 3281 ad

764 3338 1152 3405 imperatorem
1206 3331 1263 3384 in
1290 3328 1485 3383 urbem
1537 3325 1846 3380 reduceret.
1898 3321 2184 3378 Profectus
2219 3320 2333 3381 ille,

763 3441 965 3496 aequa
1013 3422 1279 3494 praeditus
1321 3428 1441 3474 erat
1486 3416 1780 3486 prudentia
1813 3414 2128 3484 ingeniique
2180 3426 2335 3481 saga-

765 3521 929 3576 citate
953 3529 1217 3586 persuaso
1241 3512 1452 3575 Alexio,
1478 3510 1737 3578 dictoque
1770 3508 1821 3561 ei
1853 3506 2133 3569 audiente,
2155 3504 2335 3573 ipsum

766 3611 834 3666 ad
860 3610 1251 3677 imperatorem
1272 3602 1519 3657 adduxit.
1545 3601 1849 3670 Imperator
1876 3612 2001 3651 mox
2031 3610 2336 3653 reversum,

766 3698 925 3771 quasi
952 3695 1204 3751 molitum
1239 3689 1585 3763 tyrannidem
1616 3704 1679 3745 ac
1700 3688 1981 3752 rebellem,
2012 3682 2341 3740 verberibus

767 3790 1028 3845 aﬂ'ectum
1084 3786 1443 3853 vinctumque
1469 3820 1483 3845 ,
1517 3780 1667 3835 omni
1714 3779 1837 3850 ejus
1882 3777 2155 3849 publicata
2204 3774 2338 3829 sub-

769 3880 1000 3944 stantia,
1050 3878 1106 3933 in
1161 3890 1439 3934 carcerem
1474 3871 1766 3942 compegit.
1816 3870 1954 3925 Tum
2014 3867 2341 3924 Theodorus

768 3973 961 4031 Alexio
990 3989 1003 4026 :
1030 3971 1094 4026 In
1116 3985 1275 4025 causa
1300 3984 1420 4023 sum
1442 3965 1582 4037 quod
1609 3964 1728 4019 dira
1756 3964 1863 4017 hwc
1882 3962 2062 4017 omnia
2092 3960 2337 4030 patiaris.

770 4063 1135 4130 Profectoque
1187 4074 1255 4115 ex
1302 4073 1457 4112 more
1497 4056 1564 4111 ad
1614 4054 1943 4111 Blachernas
1989 4052 2338 4121 imperatore,

771 4153 877 4207 iter
898 4152 1013 4220 ipse
1034 4159 1331 4216 occupans,
1352 4146 1495 4199 intra
1520 4144 1661 4198 sacri
1682 4141 1972 4196 tribunalis
1995 4141 2174 4194 locum
2204 4139 2341 4193 stola

772 4242 1099 4301 sacerdotali
1127 4240 1354 4295 indutus
1377 4238 1547 4301 stetit,
1569 4238 1678 4307 jam
1704 4250 1871 4304 prope
1911 4235 2238 4303 imperatore
2274 4231 2340 4284 ad

770 4338 977 4393 soleam
1003 4334 1239 4403 stipante
1261 4339 1454 4387 senatu
1488 4329 1782 4383 accedente
1801 4326 2124 4381 exclamavit
2150 4340 2342 4393 magna

772 4443 909 4482 voce
948 4425 1445 4492 archiepiscopus:
1484 4421 1727 4483 Intende,
1755 4434 2000 4489 prospere
2039 4416 2257 4487 procede
2294 4425 2341 4467 et

2431 589 2494 641 τὸ
2533 589 2927 660 καινουργηθέν
2975 589 3210 660 οἴκημα·
3259 590 3309 643 οἳ
3370 590 3464 644 καὶ
3499 592 3846 657 ἀπελθόντες,
3907 597 3996 647 καὶ

2433 678 2762 750 θεασάμενοι
2785 680 2883 750 τὴν
2915 680 3171 750 τοιαύτην
3215 681 3452 746 ἀδικίαν,
3486 684 3579 735 καὶ
3611 682 3996 751 βεϐαιωθέντες

2431 770 2508 834 ὡς
2545 771 2718 842 ἀληθῆ
2744 772 2851 825 είσι
2884 772 2954 824 τὰ
2987 775 3138 843 παρὰ
3174 772 3276 842 τῆς
3302 775 3556 841 γυναικὸς
3587 774 3841 844 ρηθέντα,
3872 776 3997 829 ὑπο-

2436 864 2767 934 στρέψαντες
2807 866 3139 935 ἀνήγγειλαν
3175 865 3254 936 τῷ
3302 866 3527 936 βασιλεῖ.
3581 868 3690 922 Καὶ
3719 868 3808 921 ἐπ’
3846 869 3996 939 ὕψεσι

2432 954 2525 1008 τοῦ
2550 955 2816 1026 βασιλέως
2846 956 3119 1025 ἐλεγχθεὶς
3156 958 3287 1028 παρ’
3316 956 3496 1010 αὐτῶν
3526 959 3554 1010 ὁ
3585 958 3744 1021 αὐτὸς
3778 959 3995 1027 Πετρω-

2433 1050 2551 1111 νᾶς,
2587 1047 2833 1110 ἐκδυθεὶς
2855 1050 2913 1101 ἐν
2940 1048 3019 1118 τῷ
3042 1047 3191 1117 μέσῳ
3219 1048 3319 1117 τῆς
3348 1047 3467 1100 ὀδοῦ
3491 1047 3747 1101 τύπτεται
3769 1051 3837 1102 τὰ
3854 1051 3999 1104 νῶτα

2436 1139 2698 1209 σφοδρῶς.
2734 1138 2957 1209 Ὧρίσθη
2986 1139 3043 1193 δέ
3078 1139 3106 1192 ὃ
3143 1154 3202 1191 τε
3237 1137 3514 1208 κυαίστωρ
3542 1138 3634 1191 καὶ
3660 1140 3710 1191 oi
3741 1140 3999 1210 ἀντιγρα-

2435 1235 2555 1300 (psi;
2582 1231 2839 1285 ἀπελθεῖν
2860 1232 2956 1284 καὶ
2984 1233 3048 1284 ἐκ
3074 1229 3336 1300 θεμελίων
3363 1231 3651 1301 ἐκδαφίσαι
3676 1232 3743 1285 τὰ
3775 1234 3998 1287 τοιαῦτα

2434 1324 2844 1393 οἰκοδομήματα
2873 1322 2967 1375 καὶ
2995 1325 3061 1391 τῇ
3085 1322 3308 1389 γυναικὶ
3334 1322 3688 1392 παραδοῦναι.

2505 1417 2569 1480 ζ’.
2601 1410 2770 1475 Οὗτος
2801 1414 3041 1478 Ἀλέξων
3071 1414 3165 1467 τὸν
3196 1413 3503 1485 ’Δρμὲνιον,
3536 1407 3580 1482 ᾧ
3610 1414 3845 1485 ἐπίκλην
3875 1417 4002 1470 Μω-

2438 1504 2567 1577 σηλέ
2589 1548 2604 1570 ,
2649 1505 2897 1575 ἀνδρεῖον
2950 1504 3081 1557 ὄντα
3143 1502 3239 1556 καὶ
3288 1502 3571 1573 ῥωμαλέον
3622 1504 3998 1573 εἰσεποιήσατο

2435 1596 2683 1667 γαμϐρὸν
2709 1598 2791 1658 είς
2839 1596 3057 1666 Μαρίαν
3094 1594 3192 1665 τὴν
3236 1596 3602 1665 ἠγαπημένην
3637 1592 3787 1664 αύτῷ
3827 1593 3997 1660 θυγα-

2432 1688 2588 1756 τέρα,
2632 1686 2863 1756 ποιήσας
2901 1684 3064 1738 αύτὺν
3092 1684 3403 1756 πατρίκιον,
3434 1685 3549 1753 μετ’
3590 1683 3769 1751 ὀλίγον
3810 1683 3868 1737 δέ
3907 1684 4001 1736 καὶ

2439 1777 2761 1846 μάγιστρον.
2789 1772 2922 1828 Εἶτα
2962 1774 3261 1845 ὑπολήψεις
3283 1775 3433 1839 τινὰς
3460 1775 3545 1827 ἐπ’
3573 1773 3719 1845 αὐτῷ
3751 1774 3900 1844 σχὼν
3928 1775 4000 1835 ὡς

2430 1865 2738 1934 ὀρεγομένῳ
2763 1864 2862 1932 τῆς
2908 1863 3204 1933 βασιλείας,
3250 1863 3627 1933 στρατηλάτην
3661 1863 3756 1917 καὶ
3801 1863 4002 1917 δοῦκαν

2430 1957 2529 2027 τῆς
2560 1956 2811 2019 Σικελίας
2859 1957 3188 2027 ἐξέπεμψεν.
3237 1950 3337 2009 Οἷα
3366 1954 3422 2008 δέ
3466 1955 3661 2024 φθόνου
3694 1955 3999 2019 ὡδίνοντος,

2431 2043 2641 2096 Σικελοί
2691 2060 2836 2107 τινες
2870 2044 3181 2106 ἀνελθόντες
3213 2043 3489 2097 διέϐαλλον
3535 2044 3721 2097 τοῦτον
3766 2045 3996 2114 βασιλεῖ,

2431 2135 2507 2198 ὼς
2535 2137 2611 2188 Τὰ
2656 2136 2774 2204 μὲν
2815 2133 2934 2188 τῶν
2964 2133 3336 2201 Χριστιανῶν
3377 2135 3747 2203 Σαρακηνοῐς
3790 2136 3998 2204 προδί-

2431 2226 2602 2293 δωσι,
2640 2227 2792 2282 κατὰ
2815 2227 2884 2280 δὲ
2920 2227 3030 2296 τῆς
3057 2228 3380 2293 βασιλείας
3406 2244 3524 2282 σου
3551 2227 3788 2296 μελετᾷ.
3832 2229 3922 2281 Ἐν
3944 2228 4000 2281 δὲ

2430 2317 2509 2388 τῷ
2531 2318 2737 2389 μεταξὺ
2774 2318 3100 2388 τεθνηκυίας
3127 2318 3346 2389 Μαρίας
3379 2318 3477 2387 τῆς
3512 2319 3902 2389 πεποθημένης
3925 2319 4007 2390 τῷ

2435 2409 2646 2481 βασιλεῖ
2673 2410 2965 2481 θυγατρὸς,
2993 2410 3093 2480 τὴν
3121 2410 3221 2481 μέν
3252 2410 3495 2480 λάρνακα
3528 2409 3612 2482 [Ρ.
3636 2410 3763 2483 517]
3795 2412 4000 2482 ταύτης

2432 2503 2492 2569 ἐξ
2533 2503 2779 2576 ἀργύρου
2813 2504 3113 2577 ἐκόσμησε,
3156 2505 3250 2557 καὶ
3304 2504 3471 2575 τόμον
3524 2504 3836 2575 ἐλευθερίας
3887 2508 4002 2567 τοῖς

2433 2598 2869 2667 προσφεύγουσιν
2908 2598 2994 2649 ἐπ’
3027 2597 3333 2668 ἐγκλήματί
3376 2615 3483 2650 τινι
3522 2597 3799 2651 τέθεικεν·
3833 2598 4011 2667 ὅνπερ

2432 2689 2673 2759 ἄργυρον
2721 2689 2860 2759 μετὰ
2885 2689 3059 2743 ταῦτα
3108 2689 3260 2743 Λέων
3289 2691 3318 2743 ὁ
3365 2688 3613 2759 βασιλεὺς
3644 2688 3889 2743 ἀνείλετο
3941 2691 4004 2741 ἐκ

2431 2782 2527 2835 τοῦ
2554 2783 2748 2849 τάφου.

2499 2879 2573 2941 η’.
2647 2873 2705 2925 Ὀ
2761 2872 2818 2925 δὲ
2883 2872 3140 2941 Θεόφιλος
3209 2872 3485 2943 Θεόδωρον
3557 2874 3648 2925 τὸν
3710 2873 4007 2926 ἐπίσκοπον

2432 2963 2523 3014 τόν
2568 2963 2858 3032 λεγόμενον
2905 2962 3164 3032 Κρίθινον
3213 2965 3271 3017 ἐν
3300 2963 3378 3033 τῷ
3432 2963 3612 3034 καιρῷ
3658 2964 3758 3034 τῆς
3812 2964 4007 3018 διαϐοο

2433 3051 2531 3123 λῆς
2597 3054 2834 3119 Ἀλεξίου
2897 3055 2956 3106 ἐν
3006 3057 3072 3125 τῇ
3123 3056 3274 3107 πόλει
3333 3056 3564 3125 τυχόντα
3630 3058 4009 3125 προσκαλεσάο

2438 3163 2637 3211 μενος,
2689 3148 2783 3198 καὶ
2820 3145 2946 3208 δοὺς
2980 3148 3041 3197 τδ
3078 3147 3211 3199 ῐδιον
3265 3147 3555 3215 φυλακτδν,
3585 3149 3908 3203 ἀπέστειλεν
3932 3152 4009 3211 εἰς

2436 3236 2691 3289 Σικελίαν
2752 3236 2937 3289 δοῦναι
2976 3236 3134 3304 λόγον
3188 3238 3456 3303 ἀπαθείας
3503 3239 3581 3309 τῷ
3641 3239 3868 3312 Ἀλεξίῳ
3916 3240 4011 3293 καὶ

2438 3329 2672 3398 ἀγαγεῖν
2698 3328 2758 3381 ἐν
2782 3331 2849 3399 τῇ
2890 3330 3042 3383 πόλει
3075 3330 3212 3399 πρὸς
3243 3331 3428 3385 αὐτόν.
3469 3332 3529 3385 '0
3559 3331 3616 3385 δὲ
3641 3332 3894 3386 ἀπελθὼν
3917 3335 4011 3386 καὶ

2437 3422 2506 3492 τῇ
2542 3420 2821 3493 προσούσῃ
2851 3422 2999 3492 αὐτῷ
3056 3423 3269 3476 συνέσει
3302 3424 3498 3488 πείσας
3551 3424 3790 3491 Ἀλέξιον
3836 3426 4011 3497 ἠγαγε

2438 3513 2576 3583 πρὸς
2597 3514 2690 3566 τὸν
2732 3513 2975 3582 βασιλέα.
3009 3514 3109 3568 ’ον
3142 3515 3171 3568 ὁ
3201 3514 3454 3584 βασιλεὺς
3485 3515 3561 3580 ὡς
3600 3517 3879 3588 ἀντάρτ-ην
3921 3517 4010 3570 τύ-

2436 3604 2544 3675 ψας
2569 3605 2724 3660 έθετο
2758 3608 2816 3660 ἐν
2844 3606 2922 3678 τῷ
2963 3606 3345 3678 δεσμωτηρίῳ,
3393 3608 3670 3679 δημεύσας
3704 3612 3888 3663 πᾶσαν
3919 3610 4015 3680 τὴν

2441 3698 2781 3769 περιουσίαν.
2804 3738 2820 3753 .
2842 3738 2858 3753 .
2884 3736 2897 3751 .
2921 3740 2935 3755 .
2980 3696 3247 3770 ἀνέθηκεν
3319 3697 3542 3770 Ἀλεξίῳ
3572 3698 3763 3763 εἰπὼν,
3814 3701 3900 3753 ὅτι
3938 3700 4012 3755 Δι’

2439 3789 2589 3859 ἐμοῦ
2624 3789 2820 3843 πάντα
2839 3789 3146 3856 πέπονθας
3182 3789 3255 3844 τὰ
3280 3788 3467 3844 δεινά.
3502 3792 3612 3845 Καὶ
3632 3791 3725 3845 τοῦ
3753 3791 4015 3863 βασιλέως

2444 3882 2583 3935 κατὰ
2612 3880 2670 3933 τὸ
2718 3879 2839 3944 εθος
2886 3880 2968 3945 είς
2999 3880 3312 3951 Βλαχέρνας
3355 3881 3682 3947 ἀπελθόντος
3728 3883 4019 3954 προλαϐὼν

2443 3974 2572 4044 ἔστη
2604 3973 2817 4027 ἔνδοθεν
2872 3972 2966 4028 τοῦ
3023 3973 3410 4045 θυσιαστηρίου
3466 3974 3495 4029 ό
3550 3975 4017 4046 ἀρχιεπίσκοπος,

2446 4065 2725 4134 ίερατικὴν
2771 4064 2963 4133 στολὴν
3008 4065 3417 4133 ἠμφιεσμένος·
3462 4064 3557 4119 καὶ
3600 4064 3695 4119 τοῦ
3753 4065 4017 4134 βασιλέως

2444 4159 2509 4225 τῇ
2556 4156 2733 4224 σωλέα
2788 4155 3189 4224 πλησιάσαντος
3238 4157 3354 4225 ᾶμα
3408 4159 3474 4226 τῇ
3521 4156 3813 4226 συγκλήτῳ
3868 4163 4016 4226 φωνῇ

2449 4247 2661 4317 μεγάλῃ
2708 4245 2990 4315 ἐφώνησεν
3038 4248 3067 4299 ὁ
3112 4248 3571 4317 άρχιεπίσκοπος”
3618 4249 3888 4302 Ἐντεινε
3925 4250 4020 4302 καί

2447 4338 2775 4394 κατευσδοῦ
2814 4338 2911 4391 καί
2946 4339 3247 4403 ,βασίλευε
3283 4340 3492 4392 ἕνεκεν
3537 4342 3726 4405 τίνος,
3762 4336 3812 4396 ὦ
3839 4342 4021 4406 βασι-

2446 4433 2594 4501 λεῦς
2638 4432 2913 4493 Αίδεσοεὶς
2950 4431 3045 4483 οὖν
3076 4434 3103 4483 ὀ
3140 4431 3393 4499 βασιλεὺς
3432 4435 3497 4503 τῇ
3542 4434 3837 4503 συγκλήτῳ
3881 4436 4019 4504 εᾳιγ

771 4535 938 4589 regna
964 4527 1028 4582 P;
1081 4531 1353 4585 quorsum,
1395 4510 1725 4583 imperator?
1760 4509 1852 4562 Ille
1892 4516 2143 4563 senatum
2184 4521 2337 4559 reve-

2452 4525 2704 4578 ’Ένεκεν
2752 4523 3038 4589 ἀληθείας
3087 4523 3183 4577 καί
3245 4526 3580 4590 πραότητος
3638 4526 3738 4577 καί
3800 4524 4022 4579 δίκαιοι

775 4611 916 4665 ritus
945 4626 958 4662 :
996 4608 1221 4677 Propter
1245 4606 1543 4669 veritatem,
1590 4602 1787 4671 inquit,
1818 4610 1865 4653 et
1894 4600 2347 4654 mansuetudinem

775 4713 826 4757 et
854 4703 1145 4773 justitiam.
1174 4700 1276 4755 Cui
1307 4698 1673 4751 Theodorus:
1717 4696 2035 4764 Ecquaznam
2082 4708 2203 4747 vero
2257 4701 2347 4744 tua

769 4797 1004 4868 justitia,
1038 4794 1127 4863 qui
1154 4808 1272 4846 cum
1322 4791 1504 4845 Alexio
1534 4791 1775 4861 juratam
1819 4788 1978 4853 ﬁdem
2013 4801 2105 4855 per
2137 4800 2220 4838 me
2258 4784 2348 4837 de-

775 4887 937 4947 deris,
979 4882 1112 4937 nihil
1138 4891 1315 4935 tamen
1348 4880 1672 4935 servaveris?
1712 4880 2011 4948 Imperator
2045 4876 2344 4945 reprehen-

776 4980 988 5032 sionem
1020 4989 1132 5029 non
1157 4974 1358 5036 ferens,
1388 4987 1560 5041 eaque
1591 4972 1669 5025 ira
1690 4985 1973 5031 accensus,
2020 4968 2198 5037 ipsum
2226 4967 2346 5018 vio-

775 5068 956 5123 lenter
987 5080 1018 5121 e
1049 5080 1207 5120 sacro
1238 5065 1428 5119 altaris
1450 5064 1571 5118 loco
1599 5062 1824 5132 expulit.
1850 5076 1953 5114 nec
1979 5059 2350 5114 mediocribus

778 5159 953 5229 plagis
986 5156 1258 5227 impositis
1297 5156 1490 5211 exsilio
1525 5154 1820 5225 relegavit;
1854 5169 1955 5207 nec
1992 5169 2056 5207 ea
2086 5152 2352 5206 duntaxat

779 5252 993 5305 ratione
1055 5251 1202 5320 quod
1236 5250 1305 5304 ab
1346 5264 1414 5304 eo
1448 5250 1815 5319 reprehensus
1852 5257 2018 5311 esset,
2074 5247 2169 5301 sed
2204 5245 2348 5315 quod

777 5345 944 5397 ctiam
975 5343 1158 5397 colere
1180 5359 1306 5397 eum
1334 5358 1398 5397 ac
1416 5342 1670 5397 venerari
1700 5355 1884 5395 sacras
1910 5340 2175 5409 imagines
2199 5339 2348 5408 ejus-

777 5449 885 5503 que
913 5435 1249 5505 impietatem
1283 5435 1573 5490 traducere
1616 5434 1945 5488 inaudierat.
1986 5431 2138 5486 Ilaud
2176 5431 2351 5485 multo

777 5536 902 5595 post
935 5544 1086 5593 vero,
1139 5543 1265 5582 cum
1320 5528 1618 5598 imperator
1670 5528 1722 5581 in
1752 5527 1998 5598 Magnam
2050 5525 2345 5580 ecclesiam

778 5618 1024 5674 venisset
1056 5636 1119 5674 ac
1168 5620 1483 5690 patriarcha
1535 5635 1647 5676 rem
1685 5620 1733 5676 ei
1785 5620 1986 5690 probro
2036 5620 2347 5692 objccissct,

854 5804 877 5840 ι’
907 5793 1279 5859 I‘sal.x1.tv,5.

2447 4618 2669 4682 σύνης.
2714 4615 2773 4667 '0
2807 4604 2864 4667 δέ
2889 4631 2904 4646 ο
2942 4616 3050 4668 Καὶ
3096 4615 3241 4668 ποία
3271 4615 3725 4683 δικαιοσύνηὲν
3768 4618 3894 4680 σοί,
3936 4618 4024 4671 ότι

2444 4706 2592 4772 δοὺς
2650 4706 3004 4774 ὐπότιοαςεον
3044 4707 3233 4773 λόγον
3287 4705 3534 4769 Ἀλεείῳ
3584 4705 3662 4758 δι’
3698 4705 3852 4774 ἐμοῦ
3916 4710 4027 4761 οὐκ

2444 4795 2757 4864 ἐφύλαξας
2790 4794 2967 4847 τοῦτο
2984 4810 3004 4857 ;
3047 4791 3106 4845 ὐ
3133 4793 3189 4845 δὲ
3219 4792 3476 4862 βασιλεὺς
3504 4792 3578 4854 ὡς
3602 4793 3886 4861 ἐλεγχθεὶς
3914 4794 4026 4845 τοῦ-

2444 4904 2536 4940 τον
2564 4887 2659 4939 τοῦ
2694 4885 3083 4955 θυσιαστηρίου
3116 4883 3305 4953 βιαίως
3348 4883 3638 4953 ἐξήγαγεν,
3674 4885 3772 4937 καὶ
3810 4885 4025 4950 πληγὰς

2450 4978 2600 5048 αὒτῷ
2635 4979 2693 5030 οὐ
2728 4977 2955 5048 μετρίας
2985 4976 3192 5038 ἐπιθεὶς
3238 4976 3517 5045 ἐξώρισεν,
3546 4975 3605 5025 οὗ
3647 4975 3735 5027 διὰ
3763 4975 3828 5027 τὸ
3870 4976 4025 5040 ἐλεγ-

2450 5066 2646 5135 χθῆναι
2698 5064 2790 5117 ὑπ’
2850 5064 3015 5117 αὑτοῦ
3065 5065 3249 5135 μόνον,
3283 5064 3419 5117 ἀλλὰ
3461 5065 3553 5115 καὶ
3588 5064 3678 5116 διὰ
3726 5066 3789 5116 τὸ
3837 5066 4030 5133 μαθεῖν

2448 5157 2611 5209 αὐτὸν
2638 5156 2736 5219 τὰς
2763 5156 2923 5223 ἁγίας
2957 5156 3172 5217 εἰκόνας
3195 5156 3361 5226 τιμᾷν
3392 5155 3482 5207 καὶ
3508 5154 3789 5219 σέϐεσθαι,
3822 5157 3917 5208 καὶ
3934 5158 4028 5225 τὴν

2451 5248 2616 5303 αὑτοῦ
2643 5249 2963 5303 δυσσέϐειαν
2990 5246 3318 5304 διαϐάλλειν.
3352 5246 3486 5300 Μετ’
3517 5246 3577 5299 ού
3602 5245 3738 5298 πολὺ
3772 5247 3833 5298 δὲ
3877 5250 3938 5300 ἐν
3966 5251 4028 5315 τῇ

2459 5340 2683 5411 Μεγάλῃ
2739 5340 3010 5411 ἐκκλησίᾳ
3032 5339 3490 5409 παραγινομένου,
3516 5338 3611 5391 καὶ
3641 5337 3736 5389 τοῦ
3760 5340 4033 5409 tat-pair»

2458 5450 2552 5502 χον
2595 5431 2755 5484 αὐτὸν
2800 5431 3202 5494 ὀνειδίσαντος,
3239 5429 3402 5482 αὑτὸν
3449 5429 3541 5480 τὸν
3596 5429 4033 5497 ἀρχιεπίσκοττον

2460 5527 2635 5595 ἤγαγε
2672 5524 2809 5594 μετὰ
2860 5517 3279 5593 παρακλήσεως.
3311 5521 3419 5573 Τοῦ
3468 5521 3524 5573 δὲ
3574 5521 3793 5587 ἀνάξιον
3845 5524 4033 5574 ἑαυτὸν

2459 5623 2556 5690 τῆς
2594 5616 2891 5689 ἱερωσύνης
2924 5616 3204 5688 κρίναντος
3232 5615 3299 5669 δι’
3328 5616 3361 5669 ἂ
3399 5614 3685 5679 πέπονθεν,
3711 5617 3739 5668 ό
3779 5613 4033 5685 ﬂanks;
