4158 6438
169 398 273 460 85Ἱ

1255 400 1449 462 νιτλι
1480 401 2027 466 RECENTIORUM
2061 406 2261 467 ΙΜΡΡ.

3297 406 3405 471 858

166 510 453 579 οἰκονόμον
486 508 582 579 τῆς
610 510 867 579 Μεγάλης
902 511 1200 581 ἐκκλησίας
1274 515 1595 587 πεποίηκεν.
1627 518 1730 570 Καὶ

1841 519 2317 591 archiepiscopum
2343 518 2470 574 iacti
2503 518 2667 590 796
2701 519 2916 575 veniam
2954 526 3149 590 petens
3177 520 3413 577 reduxit.

179 598 419 663 Ἀλέξων
450 597 543 652 τοῦ
583 599 962 669 δεσμωτηρίου
1009 600 1284 669 ἐξέϐαλεν,
1320 603 1552 668 ἀποδοὺς
1585 606 1735 676 αὐτῷ

165 689 267 742 καὶ
297 690 481 742 πᾶσαν
524 688 623 759 τὴν
671 690 993 761 περιουσίαν
1046 691 1234 758 αὑτοῦ,
1282 694 1420 765 ἔχων
1465 695 1628 750 αὑτὸν
1678 699 1737 752 ὲν

165 782 325 850 τιμῇ.

235 1048 304 1099 θ’.
334 1042 446 1099 Ἦν
478 1045 534 1099 δὲ
571 1046 662 1099 καὶ
698 1047 958 1116 Mavoth
1007 1048 1442 1117 ὀνομαστότατος
1493 1067 1732 1121 στρατη-

163 1138 337 1207 λάτης
366 1140 585 1191 πάντων
607 1138 717 1190 τῶν
748 1140 804 1192 ἐν
829 1142 895 1209 τῇ
935 1141 1214 1211 Ἀνατολῇ,
1246 1141 1553 1212 τιμώμενος
1587 1146 1735 1213 παρὰ

163 1227 260 1280 τοῦ
287 1228 571 1297 βασιλέως.
592 1223 759 1291 Οὗτος
783 1231 1007 1296 Μύρωνι
1031 1230 1320 1300 συμϐαλὼν
1346 1232 1534 1299 λόγους
1559 1235 1731 1298 τινὰς,

164 1319 429 1389 λογοθέτῃ
461 1335 519 1370 τε
550 1318 661 1371 ὄντι
711 1320 804 1372 τοῦ
862 1321 1062 1389 δρόμου
1097 1323 1189 1375 καὶ
1221 1323 1470 1394 πενθερῷ
1501 1326 1596 1377 τοῦ
1630 1327 1735 1377 Πε-

164 1407 375 1472 τρωνᾶ,
405 1405 657 1476 διεϐλήθη
688 1407 764 1477 τῷ
794 1407 1000 1476 βασιλεί
1040 1411 1146 1463 ὑπὸ
1188 1413 1462 1466 Βασιλείω
1495 1416 1733 1485 ὑποϐολῇ

165 1494 436 1564 Μύρωνος
480 1496 567 1568 [Ρ.
606 1498 732 1569 518]
781 1499 855 1562 ὼς
887 1502 985 1570 τῆς
1038 1501 1313 1570 βασιλείας
1344 1506 1613 1574 ὀρέγεται,
1644 1507 1733 1559 καὶ

164 1586 469 1653 ἐμελετᾶτο
513 1590 663 1643 δεινὰ
697 1592 817 1642 κατ’
850 1592 1037 1644 αὑτοῦ.
1092 1595 1242 1646 Λέων
1272 1596 1328 1648 δὲ
1380 1600 1410 1649 6
1460 1598 1734 1667 πρωτοϐεο

166 1680 415 1748 πιὰριος
439 1680 579 1749 ὑπὲρ
608 1681 700 1734 τοῦ
735 1683 988 1752 Μανουὴλ
1021 1686 1416 1756 προϊστάμενος
1444 1689 1537 1741 καὶ
1571 1706 1733 1758 φρον-

162 1767 330 1832 τίζων
373 1769 745 1826 διεϐεϐαιοῦτο
790 1774 869 1844 τῷ
918 1774 1127 1844 βασιλεί
1170 1779 1243 1841 ὼς
1289 1778 1458 1851 ψευδῆ
1512 1784 1617 1835 εἰσι
1666 1782 1733 1836 τὰ

1837 609 2086 678 Cumque
2121 611 2168 665 is
2198 610 2483 681 indignum
2512 625 2572 665 se
2609 609 2920 666 sacerdotio
2947 610 3221 682 iudicaret
3252 611 3323 665 ob
3354 628 3419 666 ca

1839 714 1961 770 quae
1995 717 2187 771 passus
2230 711 2368 765 erat,
2410 703 2710 773 imperator
2739 718 3083 758 (economum
3142 704 3273 759 fecit
3306 705 3417 758 Ma-

1836 808 1954 862 gnm
2005 792 2271 848 ecclesize.
2322 794 2571 849 Alcxium
2621 809 2841 865 quoque
2886 809 2918 848 e
2956 808 3174 849 carcere
3222 795 3412 865 ejecit,

1838 887 2093 940 restituta
2132 886 2182 940 ei
2209 885 2357 940 omni
2386 885 2567 941 ablata
2596 887 2928 952 substantia,
2954 886 3136 941 virum
3164 886 3219 940 in
3241 885 3419 955 pretio

1838 978 2065 1033 habens.

1904 1070 1958 1123 9.
1994 1070 2124 1124 Erat
2149 1084 2278 1124 vero
2303 1069 2469 1124 etiam
2491 1069 2706 1124 Manuel
2731 1070 2872 1124 fama
2900 1067 3241 1124 clarissimus
3272 1068 3416 1123 inter

1835 1176 2028 1216 omnes
2057 1160 2328 1215 Asiaticos
2356 1161 2610 1216 tribunos
2627 1175 2690 1215 ac
2716 1160 2845 1214 belli
2874 1159 3063 1221 duces,
3092 1173 3255 1229 quem
3284 1157 3416 1213 cha-

1836 1268 1960 1308 rum
1992 1253 2289 1323 imperator
2319 1254 2569 1309 haberet.
2586 1253 2652 1317 Is,
2693 1250 2968 1307 consertis
2993 1251 3273 1304 nonnullis
3296 1265 3416 1304 ser-

1835 1343 2092 1397 monibus
2133 1357 2257 1397 cum
2292 1342 2512 1412 Myrone
2555 1357 2750 1397 cursus
2806 1340 3017 1411 publici
3052 1340 3326 1409 logotbeta
3357 1330 3415 1393 οε

1837 1436 2088 1491 Petronte
2121 1450 2337 1499 socero,
2372 1434 2690 1503 imperatori
2717 1449 2747 1488 a
2779 1434 2981 1487 Basilio
3007 1432 3231 1487 delatus
3262 1434 3414 1502 ejus-

1836 1528 1960 1582 dem
1984 1528 2222 1599 Myronis
2250 1527 2624 1597 suggestione,
2647 1526 2807 1580 velut
2834 1526 2929 1594 qui
2960 1525 3249 1594 imperium
3283 1524 3415 1579 alre-

1836 1626 2013 1673 ctaret
2041 1626 2205 1686 atque
2233 1618 2289 1671 in
2310 1632 2436 1671 eum
2472 1617 2611 1671 mala
2643 1616 2951 1670 moliretur.
2981 1615 3094 1669 Leo
3123 1630 3254 1669 vero
3282 1629 3413 1684 pro-

1838 1708 2211 1773 tovestiarius,
2256 1707 2522 1762 Manuelis
2561 1705 2880 1762 defensione
2933 1712 3189 1773 suscepta
3232 1702 3410 1771 deque

1838 1810 1906 1850 eo
1933 1794 2222 1861 sollicitus,
2259 1794 2578 1871 imperatori
2610 1793 2915 1848 aﬂirmabat
2958 1793 3090 1847 falsa
3136 1804 3258 1847 esse
3291 1807 3414 1860 qua:

162 1864 288 1955 stat’
317 1864 485 1917 αὐτοῦ
516 1866 803 1936 λεγόμενα.
846 1869 913 1920 "A
952 1869 1139 1937 μαθὼν
1184 1872 1462 1941 Μανουὴλ,
1504 1878 1598 1927 καὶ
1635 1876 1730 1945 τήν

1841 1887 1909 1941 de
1942 1886 2035 1940 illo
2056 1856 2397 1941 dicerentur.
2439 1886 2653 1952 Quibus
2682 1885 2897 1938 Manuel
2938 1884 3190 1955 cognitis,
3244 1856 3417 1936 iram-

161 1954 338 2025 ὀργὴν
374 1955 469 2009 τοῦ
501 1955 767 2026 βασιλέως
800 1961 895 2014 καὶ
946 1960 1196 2021 διαϐολὰς
1235 1964 1518 2028 ἐκκλίνων,
1564 1966 1737 2035 λάθρα

160 2046 265 2113 τῆς
306 2047 513 2111 πόλεως
558 2048 789 2113 ἐξελθὼν
839 2052 999 2121 μέχρι
1038 2054 1230 2106 Πυλῶν
1275 2056 1370 2107 καὶ
1412 2059 1524 2119 τοῖς
1571 2057 1738 2126 δημο-

163 2138 305 2200 σίοις
346 2140 621 2209 ὀχήμασιν
677 2142 876 2205 ἐπιϐὰς
926 2144 1138 2214 ἀπῆλθε
1185 2148 1365 2215 φυγὰς
1420 2147 1579 2218 μέχρι
1626 2150 1736 2202 τῶν

163 2230 499 2298 χλεισούρων
534 2231 756 2301 Συρίας,
806 2235 905 2297 τὰς
953 2234 1061 2288 τῶν
1109 2237 1289 2289 ἵππων
1346 2238 1532 2305 ίγνύας
1580 2242 1735 2295 ἐκκό-

161 2341 337 2376 πτων.
390 2324 656 2394 Ἐδήλωσέ
682 2344 741 2378 τε
776 2329 889 2391 τοῖς
932 2330 1253 2400 Ἀγαρήνοῖς
1281 2332 1474 2399 ταῦτα,
1514 2335 1588 2398 ὡς
1619 2338 1735 2389 Βα-

160 2413 385 2479 σιλέως
405 2414 593 2483 ὀργὴν
610 2416 898 2487 ἐκφεύγω,
934 2420 1034 2473 καὶ
1056 2422 1111 2474 εί
1145 2440 1210 2492 γε
1241 2424 1327 2492 μὴ
1365 2428 1735 2497 καταναγκά-

159 2505 315 2572 σητέ
337 2522 416 2573 με
442 2505 558 2575 τὴν
586 2509 847 2577 ἐμαυτοῦ
883 2512 1093 2569 πίστιν
1138 2518 1511 2578 καταλιπεῖν,
1547 2536 1733 2588 προσ-

157 2596 365 2662 ρεύγω
394 2598 557 2664 ὑμῖν.
582 2600 650 2652 Εἰ
682 2600 836 2654 οὕτω
860 2602 957 2655 καὶ
990 2603 1089 2656 ἐπὶ
1131 2606 1367 2672 τούτοις
1402 2611 1731 2680 προσδέχε-

160 2685 276 2737 σθέ
292 2703 392 2753 με,
425 2689 611 2756 λόγον
658 2691 952 2758 ἀπαθείας
989 2712 1092 2762 μοι
1135 2697 1552 2755 ἀποστείλατε.
1574 2705 1634 2756 Oi
1676 2706 1732 2757 δὲ

156 2776 323 2831 τοῦτο
348 2779 557 2853 μεγάλῃ
594 2784 736 2852 χαρᾷ
766 2782 1071 2853 δεξάμενοι,
1114 2786 1272 2855 λόγον
1300 2790 1570 2856 ἀπαθείας
1594 2795 1730 2847 ἁπο-

162 2868 501 2935 στείλαντες,
532 2873 925 2940 προσεδέξαντο
953 2876 1028 2939 ὠς
1064 2876 1288 2947 βασιλέα
1313 2881 1620 2953 Ῥωμαίων.

232 2966 287 3012 ι’.
344 2961 515 3013 Τοῦτο
546 2962 732 3030 μαθὼν
774 2966 803 3017 6
845 2967 1095 3035 βασιλεὺς
1121 2972 1385 3043 ὲνηπολλῇ
1432 2974 1610 3045 θλίψει
1637 2980 1731 3031 καὶ

159 3049 374 3120 ἀθυμίᾳ
405 3052 648 3119 γέγονεν,
680 3055 771 3105 καὶ
814 3054 1007 3127 βουλήν
1037 3058 1273 3114 ἐποιεῖτο
1306 3064 1445 3131 μετὰ
1483 3065 1730 3121 Ἰωάννου

1837 1993 1944 2049 que
1976 1977 2329 2048 imperatoris
2356 1992 2419 2031 ac
2450 1977 2755 2030 calumnias
2778 1975 3080 2040 declinans,
3104 1975 3244 2029 clam
3276 1974 3413 2029 urbe

1836 2086 2090 2140 egressus
2114 2085 2287 2139 usque
2320 2069 2389 2123 ad
2434 2070 2611 2140 Pylas,
2644 2068 2987 2139 publicisque
3031 2066 3292 2122 curribus
3329 2065 3415 2119 in-

1834 2173 2049 2225 vectus,
2081 2162 2149 2216 ad
2191 2162 2359 2233 Syria:
2404 2177 2579 2231 usque
2611 2162 2861 2215 clusuras
2890 2158 3093 2214 excisis
3139 2172 3412 2226 equorum

1835 2253 2139 2322 poplitibus
2174 2252 2437 2321 profugit.
2472 2250 2920 2319 Signiﬁcavitque
2969 2250 3085 2302 hac
3129 2248 3410 2318 Agarenis,

1837 2345 2014 2414 fugere
2055 2360 2109 2396 se
2148 2344 2486 2413 imperatoris
2529 2343 2689 2405 iram,
2725 2358 2787 2393 ae
2833 2342 2878 2394 si
2907 2357 3060 2393 suam
3111 2339 3271 2406 ﬁdem
3310 2355 3413 2391 non

1836 2445 2023 2505 cogant
2076 2437 2333 2499 deserere,
2366 2434 2435 2487 ad
2478 2435 2616 2503 ipsos
2672 2433 2966 2501 profugere.
3006 2430 3195 2500 Itaque
3240 2431 3285 2483 si
3336 2431 3412 2482 ita

1834 2529 2016 2598 hisque
2044 2544 2124 2580 me
2150 2524 2532 2579 conditionibus
2564 2525 2847 2593 suscipitis,
2871 2523 3029 2591 ﬁdem
3064 2523 3189 2576 mihi
3216 2524 3412 2575 immuc

1835 2621 2019 2674 uitatis
2046 2620 2254 2671 mittite.
2285 2618 2367 2671 Illi
2396 2630 2528 2671 vero
2553 2630 2667 2669 rem
2701 2616 2806 2670 laeti
2838 2614 3221 2684 suscipientes,
3246 2613 3412 2667 missa

1834 2711 2148 2768 securitatis
2186 2710 2314 2774 ﬁde,
2340 2710 2487 2764 haud
2511 2709 2673 2763 aliter
2705 2723 2769 2763 ac
2797 2708 3188 2777 imperatorem
3213 2705 3413 2761 Roma-

1833 2820 1963 2859 num
2006 2805 2184 2874 ipsum
2222 2802 2562 2873 reciperent.

1901 2982 1984 3036 10.
2015 2981 2134 3049 Quo
2156 2980 2377 3052 cognito
2416 2980 2717 3050 imperator
2747 2976 2955 3048 ingenti
2982 2991 3219 3033 maerore
3253 2990 3411 3030 men-

1833 3075 2014 3144 tisque
2070 3073 2326 3143 angustia
2378 3071 2644 3134 concidit,
2680 3070 2980 3139 habitoque
3027 3084 3153 3123 eum
3201 3068 3413 3123 Joanne

160 3140 461 3244 ἶυγκέλλου
492 3142 620 3212 περὶ
660 3145 874 3200 τούτου.
919 3146 977 3199 Ὀ
1005 3148 1064 3201 δὲ
1098 3144 1250 3203 εἶπεν
1274 3170 1286 3182 ·
1308 3156 1376 3208 Et
1415 3161 1729 3227 προθύμως

1834 3167 2073 3236 syncello
2102 3180 2166 3219 ea
2188 3164 2256 3217 de
2277 3180 2337 3217 re
2361 3163 2614 3225 consilio,
2645 3162 2725 3216 ait
2759 3161 2849 3215 ille
2878 3178 2892 3213 :
2926 3158 2985 3215 Si
3011 3176 3130 3214 sere
3144 3175 3208 3213 ea:
3233 3161 3413 3212 animo

152 3232 373 3293 ,ϐούλει
418 3233 520 3284 τὸν
573 3236 864 3303 Μανουὴλ
915 3243 1299 3307 προσελθεῖν,
1350 3242 1398 3300 ὦ
1440 3248 1726 3317 βασιλεῦ,

156 3323 342 3388 αὐτὸς
372 3324 487 3391 ἐγὼ
512 3324 746 3393 ἕτοιμος
785 3329 960 3383 τοῦτο
1005 3334 1275 3401 ποιῆσαι,
1316 3340 1589 3407 χρήματα
1623 3347 1731 3396 λα-

157 3410 280 3462 ϐὼν
301 3413 401 3465 καί
426 3413 577 3479 πρὸς
602 3415 711 3468 τὸν
736 3416 1131 3489 Ἀμερουμνῆν
1161 3428 1409 3492 σταλεὶς
1434 3430 1513 3496 ὡς
1547 3431 1733 3500 δῆθεν

156 3504 303 3569 τοὺς
322 3504 393 3557 ἐν
416 3506 618 3574 εἱρκτῇ
647 3509 744 3561 καὶ
775 3509 1022 3579 δεσμοῖς
1047 3514 1545 3589 ἐπισκεψόμενος,
1575 3524 1733 3593 ἔχων

157 3596 258 3684 zeal
282 3597 707 3667 ἑγυπόγραφον
719 3602 906 3670 λόγον
931 3605 1091 3674 παρὰ
1108 3608 1215 3675 τῆς
1236 3609 1358 3678 σῆς
1381 3613 1727 3684 βασιλείας,

155 3682 206 3754 ᾦ
236 3689 429 3741 πείσω
465 3692 571 3743 τὸν
596 3694 888 3761 Μανουίιλ
919 3698 1004 3762 εἰς
1044 3698 1189 3767 ὄψιν
1220 3701 1437 3761 ἐλθεῖν.
1470 3707 1634 3761 Δοκῶ

158 3780 339 3836 τοῦτο
378 3778 600 3849 πρᾶξαι
651 3782 729 3850 τῷ
773 3786 1171 3859 ἐνυπογράεσῳ
1210 3796 1367 3863 λόγῳ
1414 3798 1524 3867 τῆς
1553 3802 1731 3866 βασι-

156 3874 328 3939 λείας
354 3890 471 3928 σου
511 3874 612 3929 καὶ
643 3874 718 3945 τῇ
742 3877 855 3947 ἐμῆ
894 3882 1088 3936 πειθοῖ
1130 3884 1228 3938 καὶ
1261 3886 1335 3955 τῇ
1362 3887 1597 3947 ἐκείνου
1630 3897 1731 3949 εὑ-

156 3969 366 4034 σεσεῐᾳ
409 3968 507 4022 καί
544 3969 625 4037 τῷ
667 3973 829 4039 εἰκὸς
870 3971 1022 4029 εἶναι
1067 3978 1179 4048 τῆς
1231 3985 1517 4053 πατρίδος
1563 3988 1728 4059 ὲρᾷν.

351 4061 605 4130 βασιλεὺς
652 4065 945 4129 πάμπολλα
976 4070 1235 4139 χρήματα
1277 4077 1368 4128 καὶ
1399 4077 1547 4151 δῶρα
1594 4084 1731 4154 πρὸς

156 4150 646 4222 τδνἏμερουμνῆν
675 4154 799 4218 δοὺς
824 4158 973 4227 αὐτῷ
1000 4162 1340 4220 ἀπέστειλεν.

228 4251 320 4298 ια’.
368 4245 425 4297 '0
464 4244 522 4297 δὲ
559 4246 817 4300 εἰσελθὼν
856 4251 995 4320 μετὰ
1042 4254 1255 4310 πολλῶν
1299 4263 1597 4331 χρημάτων
1638 4270 1730 4319 καὶ

156 4337 367 4405 κόσμου
398 4339 677 4404 παντοίου,
708 4341 849 4395 ὥστε
884 4346 977 4397 καὶ
1006 4347 1133 4411 τοὺς
1165 4349 1503 4422 ’Λγαρηνοὺς
1531 4360 1622 4411 ἐπὶ
1654 4361 1730 4422 τῷ

158 4423 378 4519 πλούτῳ
450 4427 1029 4519 αὐτοῦῗὲκπλαγῆναι,
1079 4434 1204 4509 [ὃς]
1241 4416 1334 4495 Ἵτᾶ
1362 4416 1730 4519 ’δεσμωτήρια

1834 3255 1993 3326 797
2034 3254 2330 3309 Dlanuelem
2375 3255 2548 3306 redire
2579 3253 2746 3321 cupis,
2777 3267 2807 3303 ο
2841 3253 3151 3321 imperator,
3188 3250 3314 3301 mihi
3354 3250 3411 3301 in

1834 3357 2023 3419 parato
2057 3355 2133 3400 est
2172 3354 2227 3398 ut
2270 3347 2359 3399 tibi
2386 3346 2440 3399 id
2481 3346 2592 3415 ipse
2634 3354 2897 3415 praestem.
2934 3341 3021 3395 Ita
3075 3342 3326 3393 nimirum
3365 3341 3411 3392 si

1835 3441 2056 3509 acceptis
2090 3439 2319 3509 pecuniis
2362 3456 2394 3490 a
2428 3446 2477 3489 te
2504 3436 2572 3490 ad
2613 3436 2987 3491 Amerumnem
3019 3433 3221 3495 mittar,
3258 3432 3411 3502 quasi

1832 3533 2093 3584 invisurus
2115 3546 2200 3583 eos
2227 3530 2317 3599 qui
2342 3530 2395 3581 in
2423 3544 2633 3581 carcere
2661 3544 2724 3580 ac
2748 3529 2801 3580 in
2832 3523 3051 3579 vinculis
3083 3533 3267 3594 agunt,
3288 3524 3412 3577 sub-

1831 3624 2087 3692 scriptum
2115 3629 2219 3675 tua:
2258 3620 2552 3689 majestatis
2589 3618 2825 3689 diploma
2857 3616 3156 3670 securitatis
3193 3613 3407 3675 habens,

1833 3732 1937 3787 quo
1983 3715 2220 3771 Manueli
2266 3732 2419 3769 suum
2451 3713 2519 3769 ad
2558 3722 2607 3767 te
2655 3727 2921 3767 accessum
2963 3725 3221 3765 suasurus
3269 3725 3407 3763 sum.

1832 3807 2075 3863 Arbitror
2106 3814 2285 3860 autem
2330 3807 2384 3860 id
2425 3822 2508 3861 me
2537 3806 2918 3877 prastiturum,
2950 3811 3061 3856 tum
3104 3810 3207 3856 tute
3242 3801 3411 3871 maje—

1832 3908 1982 3957 statis
2030 3901 2326 3972 subscripta
2380 3899 2679 3954 securitatis
2715 3896 2840 3967 ﬁde,
2920 3904 3032 3949 tum
3081 3910 3198 3948 mea
3246 3893 3408 3963 ipsius

1832 3995 2099 4055 suasione.
2126 3994 2346 4064 ipsaque
2371 3991 2512 4047 illius
2536 3991 2752 4063 pietate,
2780 3998 2829 4043 et
2858 3987 2995 4060 quod
3031 4004 3131 4059 par
3158 3987 3226 4040 sit
3258 3985 3410 4040 illum

1834 4086 2067 4155 patriam
2097 4100 2299 4138 amare.
2340 4084 2642 4152 imperator
2683 4083 2865 4150 itaque
2887 4079 3308 4150 quamplurimis
3340 4078 3409 4132 ad

1838 4176 2219 4229 Amerumnem
2258 4174 2400 4227 datis
2431 4172 2677 4242 pecuniis
2707 4187 2769 4226 ac
2805 4170 3128 4224 muneribus
3150 4167 3358 4223 emisit.

1906 4269 1989 4320 ll.
2018 4267 2301 4336 Ingressus
2334 4266 2426 4319 ille
2458 4280 2582 4319 cum
2610 4264 2798 4317 multis
2827 4263 3094 4333 pecuniis,
3119 4261 3407 4330 omnisque

1834 4359 2052 4427 generis
2083 4366 2273 4411 ornata
2306 4356 2632 4425 supellectili
2685 4370 2749 4409 ac
2781 4355 2955 4418 cultu,
3003 4353 3142 4407 adeo
3178 4361 3237 4406 ut
3268 4353 3409 4423 Aga-

1836 4451 1950 4503 reni
1991 4464 2126 4518 quas
2157 4447 2475 4502 conferebat
2529 4462 2664 4516 opes
2720 4456 2942 4514 stupore
2976 4444 3405 4498 admirarentur.

158 4514 426 4608 ρογεύσας
461 4518 555 4570 καὶ
592 4518 683 4571 τὸν
714 4524 1209 4594 πρωτοσύμϐουλον
1238 4514 1577 4604 θεασάμενος
1603 4514 1729 4608 ήδυ-

1834 4540 2108 4607 Elargitus
2137 4540 2320 4608 itaque
2368 4540 2420 4592 in
2452 4554 2547 4593 eos
2572 4539 2665 4607 qui
2699 4539 2754 4591 in
2789 4552 3014 4591 carcere
3060 4542 3251 4591 essent
3287 4550 3407 4588 mu-

156 4607 293 4676 νήθη
324 4609 419 4660 καὶ
441 4608 615 4680 λάθρα
645 4614 1007 4681 ωνομιλῆσαι
1030 4618 1108 4689 τῷ
1140 4623 1397 4695 Μανουὴλ
1428 4630 1522 4682 καὶ
1547 4607 1728 4687 δοῧναι

156 4700 307 4770 αὐτῷ
344 4700 440 4753 τὸν
483 4703 863 4775 ὲνυπόγραφον
906 4710 1065 4777 λόγον
1097 4716 1193 4766 καὶ
1230 4715 1289 4767 τὸ
1335 4718 1607 4785 φυλακτὸν
1632 4724 1727 4777 τοῦ

158 4793 447 4859 βασιλέως.
502 4797 612 4849 Καὶ
664 4800 693 4850 6
748 4800 847 4868 μὲν
907 4802 1065 4856 τοῦτο
1102 4808 1313 4877 πράξας
1363 4812 1724 4885 ὑπέστρεψεν,

152 4886 489 4953 ἁναγγείλας
522 4888 600 4958 τῷ
650 4890 865 4959 βασιλεί
913 4896 1013 4949 ὅσα
1047 4898 1410 4969 διεπράξατο·
1449 4908 1477 4959 ὀ
1521 4909 1578 4961 δὲ
1613 4912 1730 4964 Μα-

153 4977 317 5045 νουήλ
353 4977 644 5047 ἐξαιτήσας
667 4983 756 5034 τὸν
784 4985 1162 5059 Ἀμερουμνῆν
1193 4994 1286 5046 τοῦ
1322 4997 1556 5062 ἐξελθεῖν
1586 5004 1728 5057 κατὰ

154 5068 341 5132 ἔθνους
378 5071 524 5134 τινὸς
574 5074 835 5144 πολεμίου
871 5079 1054 5144 αὐτοῖς
1087 5083 1244 5153 ἔτυχε
1295 5089 1395 5157 τῆς
1435 5093 1725 5161 αἰτήσεως,

153 5161 247 5212 καὶ
272 5161 453 5213 λαϐὼν
485 5162 578 5217 τὸν
612 5166 706 5219 τοῦ
742 5168 1087 5243 Ἀμερουμνῆ
1136 5177 1251 5230 υἱὸν
1291 5183 1384 5233 καὶ
1416 5182 1541 5236 λαὸν
1572 5186 1726 5239 πλεῖ-

156 5271 280 5306 στον
324 5255 535 5323 ἀπῆλθε
590 5260 685 5311 καὶ
732 5260 890 5329 νίκην
954 5266 1198 5337 μεγάλην
1245 5273 1559 5340 εἰργάσατο.
1618 5280 1725 5332 Καὶ

152 5346 327 5410 τούτῳ
358 5345 418 5397 ἐν
450 5345 657 5433 μείζονι
696 5353 830 5422 τιμῇ
864 5352 1003 5421 ὑπὲρ
1031 5355 1092 5407 τὸ
1132 5358 1345 5426 πρῶτον
1378 5362 1720 5433 καθίσταται,

154 5438 245 5487 καὶ
301 5435 480 5488 πάντα
527 5432 597 5507 ἦν
642 5439 802 5504 αὐτὸς
857 5444 1005 5513 παρᾶ
1045 5444 1122 5515 τῷ
1166 5448 1505 5523 Ἀμερουμειῇ
1565 5432 1719 5507 δυνάέ

155 5546 331 5597 μενος.

357 5797 520 5850 ’Ὅθεν
571 5799 707 5867 ἔχων
741 5804 992 5870 φροντίδα
1026 5809 1223 5878 πολλήν
1271 5814 1359 5865 τοῦ
1403 5816 1631 5877 ἐξελθεῖν
1664 5824 1717 5872 ἐν

1834 4650 1989 4697 nera,
2024 4648 2091 4687 ac
2116 4633 2531 4703 protosymbulo
2557 4647 2740 4686 coram
2777 4631 3035 4693 salutato,
3067 4629 3207 4683 clam
3239 4633 3404 4685 etiam

1834 4739 1959 4777 cum
1984 4723 2231 4776 Mannele
2262 4736 2569 4776 sermonem
2593 4722 2823 4775 miscere
2853 4719 3052 4788 potuit,
3085 4704 3246 4788 eique
3275 4719 3405 4774 sub-

1834 4814 2092 4883 scriptam
2147 4813 2496 4882 imperatoris
2528 4813 2839 4867 seeuritatis
2868 4811 3031 4865 ﬁdem
3073 4825 3402 4877 crucemquc

1834 4906 2008 4975 ipsius
2038 4906 2373 4975 pectoralem
2408 4904 2759 4959 contradere.
2791 4904 3002 4970 Quibus
3044 4903 3134 4957 ille
3167 4904 3409 4971 peractis

1835 5010 2089 5049 reversus
2128 5002 2233 5059 est,
2267 4996 2527 5048 nuntians
2573 4994 2891 5064 imperatori
2925 4994 3268 5062 qniecunque
3301 4992 3402 5061 ipsi

1831 5097 1981 5157 gesta
2010 5096 2215 5141 essent.
2242 5088 2413 5141 Porro
2444 5087 2658 5141 Manuel
2690 5087 2869 5142 oblata
2895 5086 3242 5140 Amerumnaa
3258 5086 3403 5153 peti-

1834 5181 2001 5243 tione,
2033 5188 2091 5233 ut
2116 5180 2311 5234 liceret
2350 5180 2399 5235 ei
2442 5180 2707 5235 adversus
2750 5191 2969 5250 gentem
2994 5181 3285 5249 quamdam
3330 5181 3400 5234 iis

1832 5272 2095 5327 infensam
2116 5273 2417 5337 θείη,ιόιί
2445 5289 2668 5342 compos
2696 5274 2928 5328 etl'ectus
2948 5284 3051 5329 est.
3081 5276 3403 5341 Assumpto-

1830 5378 1937 5431 que
1992 5365 2339 5419 Amerumna:
2396 5366 2508 5418 lilio
2550 5367 2818 5435 longeque
2857 5366 3083 5434 copioso
3126 5366 3396 5429 exercitu,

1827 5450 2126 5519 proiectus,
2153 5454 2359 5523 ingenti
2384 5455 2591 5523 potitus
2617 5456 2845 5509 victoria
2875 5464 2994 5520 est;
3017 5471 3126 5525 quo
3154 5455 3396 5509 facinore

1829 5543 1883 5596 in
1912 5546 2107 5614 majori
2143 5562 2303 5616 quam
2359 5548 2514 5616 prius
2561 5548 2795 5603 habetur
2842 5548 3061 5618 pretio;
3090 5565 3192 5604 nec
3234 5549 3398 5619 quid-

1826 5651 1986 5704 quam
2014 5649 2132 5693 crat
2161 5639 2306 5710 quod
2331 5639 2477 5709 apud
2515 5642 2905 5696 Amernmnein
2940 5645 3060 5713 ejus
3088 5643 3258 5713 gratia
3289 5660 3398 5697 non

1832 5739 2028 5797 posset.

1908 5822 1985 5873 l2.
2021 5822 2154 5877 Cum
2186 5835 2366 5893 itaque
2412 5828 2559 5893 prmi
2592 5842 2720 5883 cura
2768 5838 3045 5883 teneretur
3087 5839 3145 5884 ut
3187 5831 3250 5884 ad
3287 5829 3396 5885 Ro-
