  <div class='ocr_page' id='page_1' title='image "/cluster/home/n/w/nwhite01/storage/ocr_20150623/109/nnc1.0046979867/437.png"; bbox 0 0 4158 6438; ppageno 0'>
   <div class='ocr_carea' id='block_1_1' title="bbox 778 394 882 458">
    <p class='ocr_par' dir='ltr' id='par_1_1' title="bbox 778 394 882 458">
     <span class='ocr_line' id='line_1_1' title="bbox 778 394 882 458; baseline -0.038 0"><span class='ocrx_word' id='word_1_1' title='bbox 778 394 882 458; x_wconf 82' lang='grc'><strong>859</strong></span> 
     </span>
    </p>
   </div>
   <div class='ocr_carea' id='block_1_2' title="bbox 2033 394 2737 457">
    <p class='ocr_par' dir='ltr' id='par_1_2' title="bbox 2033 394 2737 457">
     <span class='ocr_line' id='line_1_2' title="bbox 2033 394 2737 457; baseline 0.001 -3"><span class='ocrx_word' id='word_1_2' title='bbox 2033 394 2349 455; x_wconf 84' lang='lat' dir='ltr'><strong>GEORGII</strong></span> <span class='ocrx_word' id='word_1_3' title='bbox 2391 395 2737 457; x_wconf 76' lang='lat' dir='ltr'><strong>MONACHI</strong></span> 
     </span>
    </p>
   </div>
   <div class='ocr_carea' id='block_1_3' title="bbox 3906 409 4014 470">
    <p class='ocr_par' dir='ltr' id='par_1_3' title="bbox 3906 409 4014 470">
     <span class='ocr_line' id='line_1_3' title="bbox 3906 409 4014 470; baseline 0 0"><span class='ocrx_word' id='word_1_4' title='bbox 3906 409 4014 470; x_wconf 86' lang='lat'><strong>860</strong></span> 
     </span>
    </p>
   </div>
   <div class='ocr_carea' id='block_1_4' title="bbox 776 508 2335 586">
    <p class='ocr_par' dir='ltr' id='par_1_4' title="bbox 776 508 2335 579">
     <span class='ocr_line' id='line_1_4' title="bbox 776 508 2335 579; baseline -0.001 -15"><span class='ocrx_word' id='word_1_5' title='bbox 776 528 992 565; x_wconf 80' lang='lat' dir='ltr'><strong>manant</strong></span> <span class='ocrx_word' id='word_1_6' title='bbox 1021 511 1283 564; x_wconf 93' lang='lat' dir='ltr'><strong>ditionem</strong></span> <span class='ocrx_word' id='word_1_7' title='bbox 1306 525 1361 563; x_wconf 88' lang='lat' dir='ltr'><strong>se</strong></span> <span class='ocrx_word' id='word_1_8' title='bbox 1394 508 1684 578; x_wconf 89' lang='lat' dir='ltr'><strong>reciperet,</strong></span> <span class='ocrx_word' id='word_1_9' title='bbox 1711 511 2095 578; x_wconf 83' lang='lat' dir='ltr'><strong>postelapsum</strong></span> <span class='ocrx_word' id='word_1_10' title='bbox 2124 510 2335 579; x_wconf 79' lang='lat' dir='ltr'><strong>aliquod</strong></span> 
     </span>
    </p>
   </div>
   <div class='ocr_carea' id='block_1_5' title="bbox 2438 508 4014 586">
    <p class='ocr_par' dir='ltr' id='par_1_5' title="bbox 2460 510 4014 586">
     <span class='ocr_line' id='line_1_5' title="bbox 2460 510 4014 586; baseline 0.008 -24"><span class='ocrx_word' id='word_1_11' title='bbox 2460 510 2761 581; x_wconf 76' lang='grc' dir='ltr'>Ῥωμανίᾳ,</span> <span class='ocrx_word' id='word_1_12' title='bbox 2791 512 2927 580; x_wconf 88' lang='grc' dir='ltr'><strong>μετά</strong></span> <span class='ocrx_word' id='word_1_13' title='bbox 2950 512 3141 583; x_wconf 79' lang='grc' dir='ltr'>καιρόν</span> <span class='ocrx_word' id='word_1_14' title='bbox 3156 529 3277 566; x_wconf 88' lang='grc' dir='ltr'>τινα</span> <span class='ocrx_word' id='word_1_15' title='bbox 3299 511 3417 566; x_wconf 80' lang='grc' dir='ltr'>εἷπε</span> <span class='ocrx_word' id='word_1_16' title='bbox 3443 516 3577 585; x_wconf 70' lang='grc' dir='ltr'>πρὸς</span> <span class='ocrx_word' id='word_1_17' title='bbox 3594 517 3717 577; x_wconf 71' lang='grc' dir='ltr'>τοὺς</span> <span class='ocrx_word' id='word_1_18' title='bbox 3743 518 4014 586; x_wconf 78' lang='grc' dir='ltr'><strong>δυνάστας</strong></span> 
     </span>
    </p>
   </div>
   <div class='ocr_carea' id='block_1_6' title="bbox 777 600 2338 671">
    <p class='ocr_par' dir='ltr' id='par_1_6' title="bbox 777 600 2338 671">
     <span class='ocr_line' id='line_1_6' title="bbox 777 600 2338 671; baseline -0.001 -14"><span class='ocrx_word' id='word_1_19' title='bbox 777 614 988 671; x_wconf 86' lang='lat' dir='ltr'><strong>tempus</strong></span> <span class='ocrx_word' id='word_1_20' title='bbox 1016 603 1091 656; x_wconf 95' lang='lat' dir='ltr'><strong>ait</strong></span> <span class='ocrx_word' id='word_1_21' title='bbox 1117 602 1181 656; x_wconf 90' lang='lat' dir='ltr'><strong>ad</strong></span> <span class='ocrx_word' id='word_1_22' title='bbox 1206 603 1553 656; x_wconf 69' lang='lat' dir='ltr'><strong>Amerunmm</strong></span> <span class='ocrx_word' id='word_1_23' title='bbox 1597 616 1886 671; x_wconf 91' lang='lat' dir='ltr'><strong>proceres:</strong></span> <span class='ocrx_word' id='word_1_24' title='bbox 1930 600 1987 655; x_wconf 91' lang='lat' dir='ltr'><strong>Si</strong></span> <span class='ocrx_word' id='word_1_25' title='bbox 2020 603 2147 655; x_wconf 80' lang='lat' dir='ltr'><strong>mihi</strong></span> <span class='ocrx_word' id='word_1_26' title='bbox 2181 602 2338 656; x_wconf 76' lang='lat' dir='ltr'><strong>Ame-</strong></span> 
     </span>
    </p>
   </div>
   <div class='ocr_carea' id='block_1_7' title="bbox 774 692 2341 762">
    <p class='ocr_par' dir='ltr' id='par_1_7' title="bbox 774 692 2341 762">
     <span class='ocr_line' id='line_1_7' title="bbox 774 692 2341 762; baseline 0.001 -18"><span class='ocrx_word' id='word_1_27' title='bbox 774 708 979 745; x_wconf 76' lang='lat' dir='ltr'><strong>rumna:</strong></span> <span class='ocrx_word' id='word_1_28' title='bbox 1004 692 1177 760; x_wconf 82' lang='lat' dir='ltr'><strong>[ilium</strong></span> <span class='ocrx_word' id='word_1_29' title='bbox 1208 709 1268 744; x_wconf 86' lang='lat' dir='ltr'><strong>ac</strong></span> <span class='ocrx_word' id='word_1_30' title='bbox 1300 692 1477 761; x_wconf 76' lang='lat' dir='ltr'><strong>capias</strong></span> <span class='ocrx_word' id='word_1_31' title='bbox 1508 693 2195 762; x_wconf 71' lang='lat' dir='ltr'><strong>prwbueritis,expeditione</strong></span> <span class='ocrx_word' id='word_1_32' title='bbox 2221 710 2341 746; x_wconf 75' lang='lat' dir='ltr'><strong>sus-</strong></span> 
     </span>
    </p>
   </div>
   <div class='ocr_carea' id='block_1_8' title="bbox 773 779 2340 850">
    <p class='ocr_par' dir='ltr' id='par_1_8' title="bbox 773 779 2340 850">
     <span class='ocr_line' id='line_1_8' title="bbox 773 779 2340 850; baseline 0.001 -17"><span class='ocrx_word' id='word_1_33' title='bbox 773 789 922 850; x_wconf 72' lang='lat' dir='ltr'><strong>cepta</strong></span> <span class='ocrx_word' id='word_1_34' title='bbox 955 780 1249 833; x_wconf 84' lang='lat' dir='ltr'><strong>Romanam</strong></span> <span class='ocrx_word' id='word_1_35' title='bbox 1297 782 1439 833; x_wconf 82' lang='lat' dir='ltr'><strong>vobis</strong></span> <span class='ocrx_word' id='word_1_36' title='bbox 1472 780 1751 848; x_wconf 77' lang='lat' dir='ltr'><strong>subjiciam</strong></span> <span class='ocrx_word' id='word_1_37' title='bbox 1793 781 2060 833; x_wconf 76' lang='lat' dir='ltr'><strong>ditionem.</strong></span> <span class='ocrx_word' id='word_1_38' title='bbox 2101 779 2222 845; x_wconf 85' lang='lat' dir='ltr'><strong>Quo</strong></span> <span class='ocrx_word' id='word_1_39' title='bbox 2261 781 2340 835; x_wconf 85' lang='lat' dir='ltr'><strong>illi</strong></span> 
     </span>
    </p>
   </div>
   <div class='ocr_carea' id='block_1_9' title="bbox 771 868 2341 939">
    <p class='ocr_par' dir='ltr' id='par_1_9' title="bbox 771 868 2341 939">
     <span class='ocr_line' id='line_1_9' title="bbox 771 868 2341 939; baseline -0.002 -15"><span class='ocrx_word' id='word_1_40' title='bbox 771 888 896 924; x_wconf 85' lang='lat' dir='ltr'><strong>cum</strong></span> <span class='ocrx_word' id='word_1_41' title='bbox 932 871 1096 939; x_wconf 76' lang='lat'><strong>798</strong></span> <span class='ocrx_word' id='word_1_42' title='bbox 1114 870 1446 923; x_wconf 82' lang='lat' dir='ltr'><strong>Amerumne</strong></span> <span class='ocrx_word' id='word_1_43' title='bbox 1475 870 1878 923; x_wconf 62' lang='lat' dir='ltr'><strong>communium</strong></span> <span class='ocrx_word' id='word_1_44' title='bbox 1903 869 2133 923; x_wconf 88' lang='lat' dir='ltr'><strong>consilio</strong></span> <span class='ocrx_word' id='word_1_45' title='bbox 2164 868 2341 937; x_wconf 92' lang='lat' dir='ltr'><strong>ipsum</strong></span> 
     </span>
    </p>
   </div>
   <div class='ocr_carea' id='block_1_10' title="bbox 771 961 2344 1031">
    <p class='ocr_par' dir='ltr' id='par_1_10' title="bbox 771 961 2344 1031">
     <span class='ocr_line' id='line_1_10' title="bbox 771 961 2344 1031; baseline 0.001 -18"><span class='ocrx_word' id='word_1_46' title='bbox 771 964 1120 1016; x_wconf 83' lang='lat' dir='ltr'><strong>dimiserunt.</strong></span> <span class='ocrx_word' id='word_1_47' title='bbox 1160 962 1368 1014; x_wconf 79' lang='lat' dir='ltr'><strong>Manuel</strong></span> <span class='ocrx_word' id='word_1_48' title='bbox 1393 976 1525 1014; x_wconf 87' lang='lat' dir='ltr'><strong>vero</strong></span> <span class='ocrx_word' id='word_1_49' title='bbox 1554 977 1723 1031; x_wconf 91' lang='lat' dir='ltr'><strong>prope</strong></span> <span class='ocrx_word' id='word_1_50' title='bbox 1754 961 2021 1015; x_wconf 82' lang='lat' dir='ltr'><strong>accedens</strong></span> <span class='ocrx_word' id='word_1_51' title='bbox 2046 961 2114 1014; x_wconf 89' lang='lat' dir='ltr'><strong>ad</strong></span> <span class='ocrx_word' id='word_1_52' title='bbox 2143 962 2344 1015; x_wconf 75' lang='lat' dir='ltr'><strong>Anato-</strong></span> 
     </span>
    </p>
   </div>
   <div class='ocr_carea' id='block_1_11' title="bbox 772 1052 2343 1114">
    <p class='ocr_par' dir='ltr' id='par_1_11' title="bbox 772 1052 2343 1114">
     <span class='ocr_line' id='line_1_11' title="bbox 772 1052 2343 1114; baseline 0 -8"><span class='ocrx_word' id='word_1_53' title='bbox 772 1055 937 1107; x_wconf 89' lang='lat' dir='ltr'><strong>licum</strong></span> <span class='ocrx_word' id='word_1_54' title='bbox 961 1054 1162 1114; x_wconf 91' lang='lat' dir='ltr'><strong>thema,</strong></span> <span class='ocrx_word' id='word_1_55' title='bbox 1188 1053 1500 1107; x_wconf 90' lang='lat' dir='ltr'><strong>convocatis</strong></span> <span class='ocrx_word' id='word_1_56' title='bbox 1521 1053 1758 1107; x_wconf 86' lang='lat' dir='ltr'><strong>subditis</strong></span> <span class='ocrx_word' id='word_1_57' title='bbox 1781 1052 1896 1105; x_wconf 92' lang='lat' dir='ltr'><strong>suis</strong></span> <span class='ocrx_word' id='word_1_58' title='bbox 1922 1068 1986 1105; x_wconf 86' lang='lat' dir='ltr'><strong>ac</strong></span> <span class='ocrx_word' id='word_1_59' title='bbox 2000 1052 2343 1106; x_wconf 75' lang='lat' dir='ltr'><strong>Amerumna:</strong></span> 
     </span>
    </p>
   </div>
   <div class='ocr_carea' id='block_1_12' title="bbox 772 1143 2340 1213">
    <p class='ocr_par' dir='ltr' id='par_1_12' title="bbox 772 1143 2340 1213">
     <span class='ocr_line' id='line_1_12' title="bbox 772 1143 2340 1213; baseline -0.001 -16"><span class='ocrx_word' id='word_1_60' title='bbox 772 1145 907 1207; x_wconf 79' lang='lat' dir='ltr'><strong>tilio,</strong></span> <span class='ocrx_word' id='word_1_61' title='bbox 941 1143 1096 1213; x_wconf 85' lang='lat' dir='ltr'><strong>quasi</strong></span> <span class='ocrx_word' id='word_1_62' title='bbox 1140 1143 1405 1196; x_wconf 91' lang='lat' dir='ltr'><strong>nimirum</strong></span> <span class='ocrx_word' id='word_1_63' title='bbox 1458 1152 1636 1197; x_wconf 87' lang='lat' dir='ltr'><strong>castra</strong></span> <span class='ocrx_word' id='word_1_64' title='bbox 1667 1152 1916 1196; x_wconf 91' lang='lat' dir='ltr'><strong>moturus</strong></span> <span class='ocrx_word' id='word_1_65' title='bbox 1942 1152 2340 1207; x_wconf 83' lang='lat' dir='ltr'><strong>etvenaturus,</strong></span> 
     </span>
    </p>
   </div>
   <div class='ocr_carea' id='block_1_13' title="bbox 769 1234 2342 1305">
    <p class='ocr_par' dir='ltr' id='par_1_13' title="bbox 769 1234 2342 1305">
     <span class='ocr_line' id='line_1_13' title="bbox 769 1234 2342 1305; baseline -0.002 -14"><span class='ocrx_word' id='word_1_66' title='bbox 769 1253 895 1291; x_wconf 90' lang='lat' dir='ltr'><strong>eum</strong></span> <span class='ocrx_word' id='word_1_67' title='bbox 929 1236 997 1289; x_wconf 94' lang='lat' dir='ltr'><strong>ab</strong></span> <span class='ocrx_word' id='word_1_68' title='bbox 1030 1235 1285 1290; x_wconf 77' lang='lat' dir='ltr'><strong>hostibus</strong></span> <span class='ocrx_word' id='word_1_69' title='bbox 1314 1236 1424 1305; x_wconf 89' lang='lat' dir='ltr'><strong>jam</strong></span> <span class='ocrx_word' id='word_1_70' title='bbox 1457 1236 1647 1304; x_wconf 89' lang='lat' dir='ltr'><strong>procul</strong></span> <span class='ocrx_word' id='word_1_71' title='bbox 1695 1234 1876 1289; x_wconf 82' lang='lat' dir='ltr'><strong>factus</strong></span> <span class='ocrx_word' id='word_1_72' title='bbox 1897 1244 2063 1299; x_wconf 88' lang='lat' dir='ltr'><strong>esset,</strong></span> <span class='ocrx_word' id='word_1_73' title='bbox 2102 1236 2342 1290; x_wconf 90' lang='lat' dir='ltr'><strong>cireum-</strong></span> 
     </span>
    </p>
   </div>
   <div class='ocr_carea' id='block_1_14' title="bbox 769 1324 2343 1395">
    <p class='ocr_par' dir='ltr' id='par_1_14' title="bbox 769 1324 2343 1395">
     <span class='ocr_line' id='line_1_14' title="bbox 769 1324 2343 1395; baseline 0 -16"><span class='ocrx_word' id='word_1_74' title='bbox 769 1326 925 1379; x_wconf 81' lang='lat' dir='ltr'><strong>fusus</strong></span> <span class='ocrx_word' id='word_1_75' title='bbox 945 1327 1293 1379; x_wconf 63' lang='lat' dir='ltr'><strong>Amerumna:</strong></span> <span class='ocrx_word' id='word_1_76' title='bbox 1333 1324 1445 1377; x_wconf 83' lang='lat' dir='ltr'><strong>ﬁlio</strong></span> <span class='ocrx_word' id='word_1_77' title='bbox 1465 1339 1529 1376; x_wconf 91' lang='lat' dir='ltr'><strong>ac</strong></span> <span class='ocrx_word' id='word_1_78' title='bbox 1549 1339 1675 1377; x_wconf 90' lang='lat' dir='ltr'><strong>eum</strong></span> <span class='ocrx_word' id='word_1_79' title='bbox 1704 1326 2053 1379; x_wconf 77' lang='lat' dir='ltr'><strong>exosculatus</strong></span> <span class='ocrx_word' id='word_1_80' title='bbox 2078 1325 2156 1377; x_wconf 91' lang='lat' dir='ltr'><strong>ait</strong></span> <span class='ocrx_word' id='word_1_81' title='bbox 2185 1344 2196 1377; x_wconf 91' lang='lat'>:</span> <span class='ocrx_word' id='word_1_82' title='bbox 2229 1326 2343 1395; x_wconf 80' lang='lat' dir='ltr'><strong>Ego</strong></span> 
     </span>
    </p>
   </div>
   <div class='ocr_carea' id='block_1_15' title="bbox 768 1417 2339 1487">
    <p class='ocr_par' dir='ltr' id='par_1_15' title="bbox 768 1417 2339 1487">
     <span class='ocr_line' id='line_1_15' title="bbox 768 1417 2339 1487; baseline -0.001 -18"><span class='ocrx_word' id='word_1_83' title='bbox 768 1421 977 1487; x_wconf 79' lang='lat' dir='ltr'><strong>quidem</strong></span> <span class='ocrx_word' id='word_1_84' title='bbox 1018 1418 1087 1471; x_wconf 87' lang='lat' dir='ltr'><strong>ad</strong></span> <span class='ocrx_word' id='word_1_85' title='bbox 1125 1433 1295 1469; x_wconf 84' lang='lat' dir='ltr'><strong>meum</strong></span> <span class='ocrx_word' id='word_1_86' title='bbox 1328 1417 1699 1485; x_wconf 82' lang='lat' dir='ltr'><strong>imperatorem</strong></span> <span class='ocrx_word' id='word_1_87' title='bbox 1740 1424 1790 1468; x_wconf 81' lang='lat' dir='ltr'><strong>et</strong></span> <span class='ocrx_word' id='word_1_88' title='bbox 1839 1417 1908 1467; x_wconf 89' lang='lat' dir='ltr'><strong>ad</strong></span> <span class='ocrx_word' id='word_1_89' title='bbox 1940 1418 2155 1485; x_wconf 83' lang='lat' dir='ltr'><strong>propria</strong></span> <span class='ocrx_word' id='word_1_90' title='bbox 2194 1420 2339 1480; x_wconf 77' lang='lat' dir='ltr'><strong>abeo,</strong></span> 
     </span>
    </p>
   </div>
   <div class='ocr_carea' id='block_1_16' title="bbox 770 1509 2344 1580">
    <p class='ocr_par' dir='ltr' id='par_1_16' title="bbox 770 1509 2344 1580">
     <span class='ocr_line' id='line_1_16' title="bbox 770 1509 2344 1580; baseline -0.003 -17"><span class='ocrx_word' id='word_1_91' title='bbox 770 1515 962 1580; x_wconf 77' lang='lat' dir='ltr'><strong>quippe</strong></span> <span class='ocrx_word' id='word_1_92' title='bbox 1016 1511 1100 1563; x_wconf 87' lang='lat' dir='ltr'><strong>cui</strong></span> <span class='ocrx_word' id='word_1_93' title='bbox 1136 1509 1270 1563; x_wconf 80' lang='lat' dir='ltr'><strong>nihil</strong></span> <span class='ocrx_word' id='word_1_94' title='bbox 1320 1511 1375 1562; x_wconf 90' lang='lat' dir='ltr'><strong>in</strong></span> <span class='ocrx_word' id='word_1_95' title='bbox 1427 1510 1531 1561; x_wconf 85' lang='lat' dir='ltr'><strong>vita</strong></span> <span class='ocrx_word' id='word_1_96' title='bbox 1570 1509 1742 1560; x_wconf 79' lang='lat' dir='ltr'><strong>carius</strong></span> <span class='ocrx_word' id='word_1_97' title='bbox 1792 1509 1858 1559; x_wconf 80' lang='lat' dir='ltr'><strong>sit</strong></span> <span class='ocrx_word' id='word_1_98' title='bbox 1904 1509 2079 1576; x_wconf 86' lang='lat' dir='ltr'><strong>patria</strong></span> <span class='ocrx_word' id='word_1_99' title='bbox 2114 1524 2344 1577; x_wconf 72' lang='lat' dir='ltr'><strong>memque</strong></span> 
     </span>
    </p>
   </div>
   <div class='ocr_carea' id='block_1_17' title="bbox 768 1600 2341 1672">
    <p class='ocr_par' dir='ltr' id='par_1_17' title="bbox 768 1600 2341 1672">
     <span class='ocr_line' id='line_1_17' title="bbox 768 1600 2341 1672; baseline -0.001 -17"><span class='ocrx_word' id='word_1_100' title='bbox 768 1606 936 1672; x_wconf 70' lang='lat' dir='ltr'><strong>gentis</strong></span> <span class='ocrx_word' id='word_1_101' title='bbox 962 1604 1273 1655; x_wconf 81' lang='lat' dir='ltr'><strong>hominibus.</strong></span> <span class='ocrx_word' id='word_1_102' title='bbox 1325 1601 1397 1654; x_wconf 87' lang='lat' dir='ltr'><strong>Tu</strong></span> <span class='ocrx_word' id='word_1_103' title='bbox 1447 1616 1566 1653; x_wconf 82' lang='lat' dir='ltr'><strong>vero</strong></span> <span class='ocrx_word' id='word_1_104' title='bbox 1592 1616 1708 1651; x_wconf 87' lang='lat' dir='ltr'><strong>cum</strong></span> <span class='ocrx_word' id='word_1_105' title='bbox 1753 1600 1873 1665; x_wconf 80' lang='lat' dir='ltr'><strong>tuis,</strong></span> <span class='ocrx_word' id='word_1_106' title='bbox 1915 1602 2085 1653; x_wconf 78' lang='lat' dir='ltr'><strong>omnis</strong></span> <span class='ocrx_word' id='word_1_107' title='bbox 2133 1602 2261 1653; x_wconf 85' lang='lat' dir='ltr'><strong>mali</strong></span> <span class='ocrx_word' id='word_1_108' title='bbox 2309 1620 2341 1654; x_wconf 79' lang='grc' dir='ltr'>ιι</span> 
     </span>
    </p>
   </div>
   <div class='ocr_carea' id='block_1_18' title="bbox 772 1692 2339 1759">
    <p class='ocr_par' dir='ltr' id='par_1_18' title="bbox 772 1692 2339 1759">
     <span class='ocr_line' id='line_1_18' title="bbox 772 1692 2339 1759; baseline 0 -13"><span class='ocrx_word' id='word_1_109' title='bbox 772 1698 916 1747; x_wconf 80' lang='lat' dir='ltr'><strong>nobis</strong></span> <span class='ocrx_word' id='word_1_110' title='bbox 954 1711 1188 1757; x_wconf 74' lang='lat' dir='ltr'><strong>securus,</strong></span> <span class='ocrx_word' id='word_1_111' title='bbox 1228 1694 1297 1747; x_wconf 88' lang='lat' dir='ltr'><strong>ad</strong></span> <span class='ocrx_word' id='word_1_112' title='bbox 1332 1701 1447 1745; x_wconf 80' lang='lat' dir='ltr'><strong>tuos</strong></span> <span class='ocrx_word' id='word_1_113' title='bbox 1476 1693 1707 1746; x_wconf 76' lang='lat' dir='ltr'><strong>abscede.</strong></span> <span class='ocrx_word' id='word_1_114' title='bbox 1734 1693 1809 1745; x_wconf 86' lang='lat' dir='ltr'><strong>Ac</strong></span> <span class='ocrx_word' id='word_1_115' title='bbox 1838 1692 2057 1759; x_wconf 87' lang='lat' dir='ltr'><strong>quidem</strong></span> <span class='ocrx_word' id='word_1_116' title='bbox 2093 1694 2183 1746; x_wconf 90' lang='lat' dir='ltr'><strong>ille</strong></span> <span class='ocrx_word' id='word_1_117' title='bbox 2212 1708 2339 1746; x_wconf 91' lang='lat' dir='ltr'><strong>eum</strong></span> 
     </span>
    </p>
   </div>
   <div class='ocr_carea' id='block_1_19' title="bbox 770 1785 2334 1856">
    <p class='ocr_par' dir='ltr' id='par_1_19' title="bbox 770 1785 2334 1856">
     <span class='ocr_line' id='line_1_19' title="bbox 770 1785 2334 1856; baseline 0.001 -17"><span class='ocrx_word' id='word_1_118' title='bbox 770 1788 825 1839; x_wconf 89' lang='lat' dir='ltr'><strong>in</strong></span> <span class='ocrx_word' id='word_1_119' title='bbox 878 1788 1096 1841; x_wconf 92' lang='lat' dir='ltr'><strong>modum</strong></span> <span class='ocrx_word' id='word_1_120' title='bbox 1132 1802 1257 1840; x_wconf 91' lang='lat' dir='ltr'><strong>cum</strong></span> <span class='ocrx_word' id='word_1_121' title='bbox 1300 1786 1555 1856; x_wconf 78' lang='lat' dir='ltr'><strong>laerymis</strong></span> <span class='ocrx_word' id='word_1_122' title='bbox 1589 1801 1652 1838; x_wconf 91' lang='lat' dir='ltr'><strong>ac</strong></span> <span class='ocrx_word' id='word_1_123' title='bbox 1682 1785 1890 1853; x_wconf 91' lang='lat' dir='ltr'><strong>pudore</strong></span> <span class='ocrx_word' id='word_1_124' title='bbox 1931 1800 2183 1839; x_wconf 86' lang='lat' dir='ltr'><strong>reversus</strong></span> <span class='ocrx_word' id='word_1_125' title='bbox 2209 1797 2290 1841; x_wconf 90' lang='lat' dir='ltr'><strong>est</strong></span> <span class='ocrx_word' id='word_1_126' title='bbox 2320 1804 2334 1840; x_wconf 89' lang='lat'>:</span> 
     </span>
    </p>
   </div>
   <div class='ocr_carea' id='block_1_20' title="bbox 770 1879 2332 1951">
    <p class='ocr_par' dir='ltr' id='par_1_20' title="bbox 770 1879 2332 1951">
     <span class='ocr_line' id='line_1_20' title="bbox 770 1879 2332 1951; baseline 0.002 -18"><span class='ocrx_word' id='word_1_127' title='bbox 770 1880 979 1933; x_wconf 84' lang='lat' dir='ltr'><strong>Manuel</strong></span> <span class='ocrx_word' id='word_1_128' title='bbox 1030 1895 1155 1933; x_wconf 84' lang='lat' dir='ltr'><strong>vero</strong></span> <span class='ocrx_word' id='word_1_129' title='bbox 1193 1879 1259 1933; x_wconf 89' lang='lat' dir='ltr'><strong>ad</strong></span> <span class='ocrx_word' id='word_1_130' title='bbox 1301 1880 1684 1947; x_wconf 88' lang='lat' dir='ltr'><strong>imperatorem</strong></span> <span class='ocrx_word' id='word_1_131' title='bbox 1716 1879 1885 1945; x_wconf 88' lang='lat' dir='ltr'><strong>venit,</strong></span> <span class='ocrx_word' id='word_1_132' title='bbox 1928 1882 2208 1949; x_wconf 64' lang='lat' dir='ltr'><strong>prmmisso</strong></span> <span class='ocrx_word' id='word_1_133' title='bbox 2240 1882 2332 1951; x_wconf 90' lang='lat' dir='ltr'><strong>qui</strong></span> 
     </span>
    </p>
   </div>
   <div class='ocr_carea' id='block_1_21' title="bbox 764 1972 1631 2040">
    <p class='ocr_par' dir='ltr' id='par_1_21' title="bbox 764 1972 1631 2040">
     <span class='ocr_line' id='line_1_21' title="bbox 764 1972 1631 2040; baseline -0.001 -15"><span class='ocrx_word' id='word_1_134' title='bbox 764 1972 886 2040; x_wconf 90' lang='lat' dir='ltr'><strong>ejus</strong></span> <span class='ocrx_word' id='word_1_135' title='bbox 924 1972 1224 2027; x_wconf 80' lang='lat' dir='ltr'><strong>adventum</strong></span> <span class='ocrx_word' id='word_1_136' title='bbox 1258 1972 1631 2026; x_wconf 85' lang='lat' dir='ltr'><strong>annuntiaret.</strong></span> 
     </span>
    </p>
   </div>
   <div class='ocr_carea' id='block_1_22' title="bbox 840 2152 2335 2223">
    <p class='ocr_par' dir='ltr' id='par_1_22' title="bbox 840 2152 2335 2223">
     <span class='ocr_line' id='line_1_22' title="bbox 840 2152 2335 2223; baseline 0.002 -18"><span class='ocrx_word' id='word_1_137' title='bbox 840 2154 925 2205; x_wconf 75' lang='grc'><strong>13.</strong></span> <span class='ocrx_word' id='word_1_138' title='bbox 960 2152 1261 2221; x_wconf 87' lang='lat' dir='ltr'><strong>Imperator</strong></span> <span class='ocrx_word' id='word_1_139' title='bbox 1291 2168 1416 2206; x_wconf 90' lang='lat' dir='ltr'><strong>eum</strong></span> <span class='ocrx_word' id='word_1_140' title='bbox 1443 2152 1535 2221; x_wconf 90' lang='lat' dir='ltr'><strong>qui</strong></span> <span class='ocrx_word' id='word_1_141' title='bbox 1568 2152 1749 2206; x_wconf 80' lang='lat' dir='ltr'><strong>fuerat</strong></span> <span class='ocrx_word' id='word_1_142' title='bbox 1784 2152 2209 2220; x_wconf 83' lang='lat' dir='ltr'><strong>destinatus,_ut</strong></span> <span class='ocrx_word' id='word_1_143' title='bbox 2242 2155 2335 2223; x_wconf 85' lang='lat' dir='ltr'><strong>qui</strong></span> 
     </span>
    </p>
   </div>
   <div class='ocr_carea' id='block_1_23' title="bbox 766 2245 2337 2315">
    <p class='ocr_par' dir='ltr' id='par_1_23' title="bbox 766 2245 2337 2315">
     <span class='ocr_line' id='line_1_23' title="bbox 766 2245 2337 2315; baseline 0.001 -18"><span class='ocrx_word' id='word_1_144' title='bbox 766 2260 1087 2312; x_wconf 76' lang='lat' dir='ltr'><strong>magnorum</strong></span> <span class='ocrx_word' id='word_1_145' title='bbox 1136 2245 1210 2297; x_wconf 90' lang='lat' dir='ltr'><strong>illi</strong></span> <span class='ocrx_word' id='word_1_146' title='bbox 1253 2245 1521 2298; x_wconf 90' lang='lat' dir='ltr'><strong>bonorum</strong></span> <span class='ocrx_word' id='word_1_147' title='bbox 1558 2246 1783 2298; x_wconf 89' lang='lat' dir='ltr'><strong>nuntius</strong></span> <span class='ocrx_word' id='word_1_148' title='bbox 1828 2256 1995 2308; x_wconf 89' lang='lat' dir='ltr'><strong>esset,</strong></span> <span class='ocrx_word' id='word_1_149' title='bbox 2022 2255 2337 2315; x_wconf 89' lang='lat' dir='ltr'><strong>susceptum</strong></span> 
     </span>
    </p>
   </div>
   <div class='ocr_carea' id='block_1_24' title="bbox 767 2335 2339 2406">
    <p class='ocr_par' dir='ltr' id='par_1_24' title="bbox 767 2335 2339 2406">
     <span class='ocr_line' id='line_1_24' title="bbox 767 2335 2339 2406; baseline 0.004 -21"><span class='ocrx_word' id='word_1_150' title='bbox 767 2336 1021 2404; x_wconf 69' lang='lat' dir='ltr'><strong>pecuniis</strong></span> <span class='ocrx_word' id='word_1_151' title='bbox 1069 2351 1133 2388; x_wconf 92' lang='lat' dir='ltr'><strong>ac</strong></span> <span class='ocrx_word' id='word_1_152' title='bbox 1184 2335 1546 2405; x_wconf 81' lang='lat' dir='ltr'><strong>dignitatibus</strong></span> <span class='ocrx_word' id='word_1_153' title='bbox 1608 2336 1911 2389; x_wconf 79' lang='lat' dir='ltr'><strong>liberaliter</strong></span> <span class='ocrx_word' id='word_1_154' title='bbox 1949 2337 2179 2406; x_wconf 90' lang='lat' dir='ltr'><strong>accepit.</strong></span> <span class='ocrx_word' id='word_1_155' title='bbox 2229 2338 2339 2391; x_wconf 84' lang='lat' dir='ltr'><strong>Ma-</strong></span> 
     </span>
    </p>
   </div>
   <div class='ocr_carea' id='block_1_25' title="bbox 771 2426 2341 2500">
    <p class='ocr_par' dir='ltr' id='par_1_25' title="bbox 771 2426 2341 2500">
     <span class='ocr_line' id='line_1_25' title="bbox 771 2426 2341 2500; baseline 0.001 -19"><span class='ocrx_word' id='word_1_156' title='bbox 771 2429 989 2481; x_wconf 83' lang='lat' dir='ltr'><strong>nnelem</strong></span> <span class='ocrx_word' id='word_1_157' title='bbox 1044 2428 1195 2491; x_wconf 86' lang='lat' dir='ltr'><strong>item,</strong></span> <span class='ocrx_word' id='word_1_158' title='bbox 1233 2426 1312 2481; x_wconf 91' lang='lat' dir='ltr'><strong>uti</strong></span> <span class='ocrx_word' id='word_1_159' title='bbox 1359 2426 1581 2495; x_wconf 82' lang='lat' dir='ltr'><strong>dignum</strong></span> <span class='ocrx_word' id='word_1_160' title='bbox 1612 2436 1751 2491; x_wconf 86' lang='lat' dir='ltr'><strong>erat,</strong></span> <span class='ocrx_word' id='word_1_161' title='bbox 1788 2428 2114 2498; x_wconf 88' lang='lat' dir='ltr'><strong>suscipiens,</strong></span> <span class='ocrx_word' id='word_1_162' title='bbox 2174 2430 2341 2500; x_wconf 85' lang='lat' dir='ltr'><strong>magi-</strong></span> 
     </span>
    </p>
   </div>
   <div class='ocr_carea' id='block_1_26' title="bbox 771 2518 2336 2591">
    <p class='ocr_par' dir='ltr' id='par_1_26' title="bbox 771 2518 2336 2591">
     <span class='ocr_line' id='line_1_26' title="bbox 771 2518 2336 2591; baseline 0.001 -19"><span class='ocrx_word' id='word_1_163' title='bbox 771 2529 947 2572; x_wconf 84' lang='lat' dir='ltr'><strong>slrum</strong></span> <span class='ocrx_word' id='word_1_164' title='bbox 977 2519 1161 2572; x_wconf 87' lang='lat' dir='ltr'><strong>statim</strong></span> <span class='ocrx_word' id='word_1_165' title='bbox 1192 2534 1255 2572; x_wconf 84' lang='lat' dir='ltr'><strong>ac</strong></span> <span class='ocrx_word' id='word_1_166' title='bbox 1304 2518 1615 2573; x_wconf 85' lang='lat' dir='ltr'><strong>scholarum</strong></span> <span class='ocrx_word' id='word_1_167' title='bbox 1664 2520 2021 2575; x_wconf 90' lang='lat' dir='ltr'><strong>domesticum</strong></span> <span class='ocrx_word' id='word_1_168' title='bbox 2074 2521 2336 2591; x_wconf 69' lang='lat' dir='ltr'><strong>praefecit,</strong></span> 
     </span>
    </p>
   </div>
   <div class='ocr_carea' id='block_1_27' title="bbox 767 2608 2337 2679">
    <p class='ocr_par' dir='ltr' id='par_1_27' title="bbox 767 2608 2337 2679">
     <span class='ocr_line' id='line_1_27' title="bbox 767 2608 2337 2679; baseline 0.004 -18"><span class='ocrx_word' id='word_1_169' title='bbox 767 2618 932 2676; x_wconf 89' lang='lat' dir='ltr'><strong>atque</strong></span> <span class='ocrx_word' id='word_1_170' title='bbox 991 2609 1110 2679; x_wconf 86' lang='lat' dir='ltr'><strong>ejus</strong></span> <span class='ocrx_word' id='word_1_171' title='bbox 1160 2608 1365 2663; x_wconf 90' lang='lat' dir='ltr'><strong>liberos</strong></span> <span class='ocrx_word' id='word_1_172' title='bbox 1428 2624 1495 2662; x_wconf 82' lang='lat' dir='ltr'><strong>ex</strong></span> <span class='ocrx_word' id='word_1_173' title='bbox 1559 2624 1714 2663; x_wconf 89' lang='lat' dir='ltr'><strong>sacro</strong></span> <span class='ocrx_word' id='word_1_174' title='bbox 1767 2610 2093 2678; x_wconf 84' lang='lat' dir='ltr'><strong>baptismate</strong></span> <span class='ocrx_word' id='word_1_175' title='bbox 2148 2626 2337 2667; x_wconf 89' lang='lat' dir='ltr'><strong>susce-</strong></span> 
     </span>
    </p>
   </div>
   <div class='ocr_carea' id='block_1_28' title="bbox 766 2702 866 2769">
    <p class='ocr_par' dir='ltr' id='par_1_28' title="bbox 766 2702 866 2769">
     <span class='ocr_line' id='line_1_28' title="bbox 766 2702 866 2769; baseline 0.01 -17"><span class='ocrx_word' id='word_1_176' title='bbox 766 2702 866 2769; x_wconf 87' lang='lat' dir='ltr'><strong>pit.</strong></span> 
     </span>
    </p>
   </div>
   <div class='ocr_carea' id='block_1_29' title="bbox 840 2792 2338 2863">
    <p class='ocr_par' dir='ltr' id='par_1_29' title="bbox 840 2792 2338 2863">
     <span class='ocr_line' id='line_1_29' title="bbox 840 2792 2338 2863; baseline 0.004 -18"><span class='ocrx_word' id='word_1_177' title='bbox 840 2793 925 2846; x_wconf 74' lang='grc' dir='ltr'><strong>Η.</strong></span> <span class='ocrx_word' id='word_1_178' title='bbox 963 2792 1041 2845; x_wconf 88' lang='lat' dir='ltr'><strong>Eo</strong></span> <span class='ocrx_word' id='word_1_179' title='bbox 1068 2805 1323 2847; x_wconf 87' lang='lat' dir='ltr'><strong>successu</strong></span> <span class='ocrx_word' id='word_1_180' title='bbox 1350 2793 1528 2847; x_wconf 89' lang='lat' dir='ltr'><strong>elatus</strong></span> <span class='ocrx_word' id='word_1_181' title='bbox 1569 2792 1884 2863; x_wconf 85' lang='lat' dir='ltr'><strong>imperator,</strong></span> <span class='ocrx_word' id='word_1_182' title='bbox 1930 2810 2052 2848; x_wconf 92' lang='lat' dir='ltr'><strong>cum</strong></span> <span class='ocrx_word' id='word_1_183' title='bbox 2092 2794 2338 2851; x_wconf 78' lang='lat' dir='ltr'><strong>Manuele</strong></span> 
     </span>
    </p>
   </div>
   <div class='ocr_carea' id='block_1_30' title="bbox 766 2886 2339 2953">
    <p class='ocr_par' dir='ltr' id='par_1_30' title="bbox 766 2886 2339 2953">
     <span class='ocr_line' id='line_1_30' title="bbox 766 2886 2339 2953; baseline 0.004 -15"><span class='ocrx_word' id='word_1_184' title='bbox 766 2894 821 2938; x_wconf 90' lang='lat' dir='ltr'><strong>et</strong></span> <span class='ocrx_word' id='word_1_185' title='bbox 874 2893 1069 2938; x_wconf 84' lang='lat' dir='ltr'><strong>senatu</strong></span> <span class='ocrx_word' id='word_1_186' title='bbox 1116 2886 1377 2953; x_wconf 87' lang='lat' dir='ltr'><strong>omnique</strong></span> <span class='ocrx_word' id='word_1_187' title='bbox 1431 2887 1674 2941; x_wconf 87' lang='lat' dir='ltr'><strong>exercitu</strong></span> <span class='ocrx_word' id='word_1_188' title='bbox 1734 2890 1997 2941; x_wconf 84' lang='lat' dir='ltr'><strong>adversus</strong></span> <span class='ocrx_word' id='word_1_189' title='bbox 2040 2889 2339 2945; x_wconf 85' lang='lat' dir='ltr'><strong>Saracenos</strong></span> 
     </span>
    </p>
   </div>
   <div class='ocr_carea' id='block_1_31' title="bbox 766 2973 2338 3047">
    <p class='ocr_par' dir='ltr' id='par_1_31' title="bbox 766 2973 2338 3047">
     <span class='ocr_line' id='line_1_31' title="bbox 766 2973 2338 3047; baseline 0.007 -26"><span class='ocrx_word' id='word_1_190' title='bbox 766 2973 1050 3041; x_wconf 78' lang='lat' dir='ltr'><strong>proiectus</strong></span> <span class='ocrx_word' id='word_1_191' title='bbox 1080 2982 1193 3037; x_wconf 91' lang='lat' dir='ltr'><strong>est;</strong></span> <span class='ocrx_word' id='word_1_192' title='bbox 1232 2974 1490 3042; x_wconf 82' lang='lat' dir='ltr'><strong>facilique</strong></span> <span class='ocrx_word' id='word_1_193' title='bbox 1522 2975 1742 3044; x_wconf 77' lang='lat' dir='ltr'><strong>negotio</strong></span> <span class='ocrx_word' id='word_1_194' title='bbox 1796 2977 1968 3044; x_wconf 88' lang='lat' dir='ltr'><strong>captis</strong></span> <span class='ocrx_word' id='word_1_195' title='bbox 2014 2978 2248 3047; x_wconf 86' lang='lat' dir='ltr'><strong>Zapctro</strong></span> <span class='ocrx_word' id='word_1_196' title='bbox 2284 2988 2338 3033; x_wconf 88' lang='lat' dir='ltr'><strong>et</strong></span> 
     </span>
    </p>
   </div>
   <div class='ocr_carea' id='block_1_32' title="bbox 768 3064 2334 3138">
    <p class='ocr_par' dir='ltr' id='par_1_32' title="bbox 768 3064 2334 3138">
     <span class='ocr_line' id='line_1_32' title="bbox 768 3064 2334 3138; baseline 0.006 -24"><span class='ocrx_word' id='word_1_197' title='bbox 768 3064 1072 3126; x_wconf 86' lang='lat' dir='ltr'><strong>Samosato,</strong></span> <span class='ocrx_word' id='word_1_198' title='bbox 1112 3064 1258 3133; x_wconf 91' lang='lat' dir='ltr'><strong>quod</strong></span> <span class='ocrx_word' id='word_1_199' title='bbox 1292 3065 1554 3134; x_wconf 80' lang='lat' dir='ltr'><strong>Oppidum</strong></span> <span class='ocrx_word' id='word_1_200' title='bbox 1586 3076 1699 3119; x_wconf 91' lang='lat' dir='ltr'><strong>tum</strong></span> <span class='ocrx_word' id='word_1_201' title='bbox 1740 3066 1946 3123; x_wconf 75' lang='lat' dir='ltr'><strong>divitiis</strong></span> <span class='ocrx_word' id='word_1_202' title='bbox 1985 3084 2047 3123; x_wconf 91' lang='lat' dir='ltr'><strong>ac</strong></span> <span class='ocrx_word' id='word_1_203' title='bbox 2093 3072 2334 3138; x_wconf 88' lang='lat' dir='ltr'><strong>potentia</strong></span> 
     </span>
    </p>
   </div>
   <div class='ocr_carea' id='block_1_33' title="bbox 2444 600 4014 673">
    <p class='ocr_par' dir='ltr' id='par_1_33' title="bbox 2444 600 4014 673">
     <span class='ocr_line' id='line_1_33' title="bbox 2444 600 4014 673; baseline 0.008 -20"><span class='ocrx_word' id='word_1_204' title='bbox 2444 602 2539 654; x_wconf 84' lang='grc' dir='ltr'><strong>τοῦ</strong></span> <span class='ocrx_word' id='word_1_205' title='bbox 2572 601 2653 673; x_wconf 85' lang='grc' dir='ltr'><strong>[Ρ.</strong></span> <span class='ocrx_word' id='word_1_206' title='bbox 2700 600 2827 671; x_wconf 83' lang='grc'><strong>519]</strong></span> <span class='ocrx_word' id='word_1_207' title='bbox 2847 603 3213 673; x_wconf 83' lang='grc' dir='ltr'>Ἀμερουμνῆ,</span> <span class='ocrx_word' id='word_1_208' title='bbox 3270 606 3354 657; x_wconf 85' lang='grc' dir='ltr'>ὅτι</span> <span class='ocrx_word' id='word_1_209' title='bbox 3417 606 3557 658; x_wconf 80' lang='grc' dir='ltr'><strong>Ἔιὶν</strong></span> <span class='ocrx_word' id='word_1_210' title='bbox 3609 625 3707 672; x_wconf 83' lang='grc' dir='ltr'><strong>μοι</strong></span> <span class='ocrx_word' id='word_1_211' title='bbox 3745 608 3852 661; x_wconf 79' lang='grc' dir='ltr'><strong>τὸν</strong></span> <span class='ocrx_word' id='word_1_212' title='bbox 3878 614 4014 664; x_wconf 70' lang='grc' dir='ltr'><strong>υἱὸν·</strong></span> 
     </span>
    </p>
   </div>
   <div class='ocr_carea' id='block_1_34' title="bbox 2443 693 4013 763">
    <p class='ocr_par' dir='ltr' id='par_1_34' title="bbox 2443 693 4013 763">
     <span class='ocr_line' id='line_1_34' title="bbox 2443 693 4013 763; baseline 0.006 -18"><span class='ocrx_word' id='word_1_213' title='bbox 2443 694 2549 747; x_wconf 84' lang='grc' dir='ltr'>τοῦ</span> <span class='ocrx_word' id='word_1_214' title='bbox 2565 693 2925 761; x_wconf 77' lang='grc' dir='ltr'>Ἀμερουμνῆ</span> <span class='ocrx_word' id='word_1_215' title='bbox 2948 694 3045 748; x_wconf 78' lang='grc' dir='ltr'>καὶ</span> <span class='ocrx_word' id='word_1_216' title='bbox 3067 695 3221 747; x_wconf 74' lang='grc' dir='ltr'>λαὸν</span> <span class='ocrx_word' id='word_1_217' title='bbox 3243 695 3550 763; x_wconf 78' lang='grc' dir='ltr'>παρέξετε,</span> <span class='ocrx_word' id='word_1_218' title='bbox 3574 698 3836 761; x_wconf 69' lang='grc' dir='ltr'>ἐξελθὼν</span> <span class='ocrx_word' id='word_1_219' title='bbox 3859 703 4013 755; x_wconf 71' lang='grc' dir='ltr'>ὐπο-</span> 
     </span>
    </p>
   </div>
   <div class='ocr_carea' id='block_1_35' title="bbox 2441 783 4013 859">
    <p class='ocr_par' dir='ltr' id='par_1_35' title="bbox 2441 783 4013 859">
     <span class='ocr_line' id='line_1_35' title="bbox 2441 783 4013 859; baseline 0.006 -24"><span class='ocrx_word' id='word_1_220' title='bbox 2441 783 2598 847; x_wconf 79' lang='grc' dir='ltr'><strong>τὰξω</strong></span> <span class='ocrx_word' id='word_1_221' title='bbox 2622 784 3101 852; x_wconf 73' lang='grc' dir='ltr'><strong>τὴν-Ῥωμανίιιν.</strong></span> <span class='ocrx_word' id='word_1_222' title='bbox 3127 786 3188 837; x_wconf 81' lang='lat' dir='ltr'><strong>Ui</strong></span> <span class='ocrx_word' id='word_1_223' title='bbox 3215 785 3271 837; x_wconf 79' lang='grc' dir='ltr'>δὲ</span> <span class='ocrx_word' id='word_1_224' title='bbox 3295 786 3371 856; x_wconf 81' lang='grc' dir='ltr'><strong>τῷ</strong></span> <span class='ocrx_word' id='word_1_225' title='bbox 3388 788 3731 859; x_wconf 82' lang='grc' dir='ltr'>Ἀμερουμνῇ</span> <span class='ocrx_word' id='word_1_226' title='bbox 3762 792 4013 853; x_wconf 73' lang='grc' dir='ltr'><strong>εἰπόντες</strong></span> 
     </span>
    </p>
   </div>
   <div class='ocr_carea' id='block_1_36' title="bbox 2442 874 4014 952">
    <p class='ocr_par' dir='ltr' id='par_1_36' title="bbox 2442 874 4014 952">
     <span class='ocr_line' id='line_1_36' title="bbox 2442 874 4014 952; baseline 0.006 -26"><span class='ocrx_word' id='word_1_227' title='bbox 2442 874 2603 927; x_wconf 83' lang='grc' dir='ltr'>αὐτὸν</span> <span class='ocrx_word' id='word_1_228' title='bbox 2622 874 2965 928; x_wconf 81' lang='grc' dir='ltr'>ἀπέστειλαν.</span> <span class='ocrx_word' id='word_1_229' title='bbox 3005 874 3065 928; x_wconf 85' lang='lat'><strong>&#39;0</strong></span> <span class='ocrx_word' id='word_1_230' title='bbox 3094 876 3149 928; x_wconf 81' lang='grc' dir='ltr'>δὲ</span> <span class='ocrx_word' id='word_1_231' title='bbox 3176 876 3343 930; x_wconf 88' lang='grc' dir='ltr'>ἐλθὼν</span> <span class='ocrx_word' id='word_1_232' title='bbox 3392 879 3618 948; x_wconf 81' lang='grc' dir='ltr'><strong>πλησίον</strong></span> <span class='ocrx_word' id='word_1_233' title='bbox 3647 882 3740 933; x_wconf 82' lang='grc' dir='ltr'>τοῦ</span> <span class='ocrx_word' id='word_1_234' title='bbox 3775 882 4014 952; x_wconf 79' lang='grc' dir='ltr'>θὲματος</span> 
     </span>
    </p>
   </div>
   <div class='ocr_carea' id='block_1_37' title="bbox 2442 966 4014 1045">
    <p class='ocr_par' dir='ltr' id='par_1_37' title="bbox 2442 966 4014 1045">
     <span class='ocr_line' id='line_1_37' title="bbox 2442 966 4014 1045; baseline 0.007 -30"><span class='ocrx_word' id='word_1_235' title='bbox 2442 966 2539 1033; x_wconf 79' lang='grc' dir='ltr'>τῆς</span> <span class='ocrx_word' id='word_1_236' title='bbox 2585 966 2897 1035; x_wconf 77' lang='grc' dir='ltr'>’Δνατολῆς,</span> <span class='ocrx_word' id='word_1_237' title='bbox 2935 968 3451 1037; x_wconf 86' lang='grc' dir='ltr'>προσκαλεσάμενος</span> <span class='ocrx_word' id='word_1_238' title='bbox 3495 972 3621 1034; x_wconf 80' lang='grc' dir='ltr'>τοὺς</span> <span class='ocrx_word' id='word_1_239' title='bbox 3663 973 4014 1045; x_wconf 76' lang='grc' dir='ltr'><strong>ὑποχειρίους</strong></span> 
     </span>
    </p>
   </div>
   <div class='ocr_carea' id='block_1_38' title="bbox 2443 1055 4013 1131">
    <p class='ocr_par' dir='ltr' id='par_1_38' title="bbox 2443 1055 4013 1131">
     <span class='ocr_line' id='line_1_38' title="bbox 2443 1055 4013 1131; baseline 0.006 -24"><span class='ocrx_word' id='word_1_240' title='bbox 2443 1055 2608 1107; x_wconf 77' lang='grc' dir='ltr'>αὐτοῦ</span> <span class='ocrx_word' id='word_1_241' title='bbox 2637 1056 2730 1108; x_wconf 72' lang='grc' dir='ltr'><strong>καὶ</strong></span> <span class='ocrx_word' id='word_1_242' title='bbox 2754 1056 2845 1107; x_wconf 79' lang='grc' dir='ltr'><strong>τὸν</strong></span> <span class='ocrx_word' id='word_1_243' title='bbox 2874 1056 2989 1108; x_wconf 81' lang='grc' dir='ltr'>υίδν</span> <span class='ocrx_word' id='word_1_244' title='bbox 3018 1057 3110 1110; x_wconf 81' lang='grc' dir='ltr'>τοῦ</span> <span class='ocrx_word' id='word_1_245' title='bbox 3128 1058 3474 1129; x_wconf 81' lang='grc' dir='ltr'>Ἀμερουμνῆ</span> <span class='ocrx_word' id='word_1_246' title='bbox 3508 1062 3583 1123; x_wconf 83' lang='grc' dir='ltr'>ὡς</span> <span class='ocrx_word' id='word_1_247' title='bbox 3632 1062 3793 1131; x_wconf 84' lang='grc' dir='ltr'>δῆθεν</span> <span class='ocrx_word' id='word_1_248' title='bbox 3834 1065 4013 1117; x_wconf 85' lang='grc' dir='ltr'>διακι-</span> 
     </span>
    </p>
   </div>
   <div class='ocr_carea' id='block_1_39' title="bbox 2443 1148 4015 1225">
    <p class='ocr_par' dir='ltr' id='par_1_39' title="bbox 2443 1148 4015 1225">
     <span class='ocr_line' id='line_1_39' title="bbox 2443 1148 4015 1225; baseline 0.006 -28"><span class='ocrx_word' id='word_1_249' title='bbox 2443 1148 2623 1215; x_wconf 89' lang='grc' dir='ltr'>νήσων</span> <span class='ocrx_word' id='word_1_250' title='bbox 2650 1148 2745 1199; x_wconf 67' lang='lat' dir='ltr'><strong>atat</strong></span> <span class='ocrx_word' id='word_1_251' title='bbox 2768 1150 3117 1219; x_wconf 84' lang='grc' dir='ltr'>κυνηγήσων,</span> <span class='ocrx_word' id='word_1_252' title='bbox 3160 1151 3445 1221; x_wconf 61' lang='grc' dir='ltr'>πόρρωθεν</span> <span class='ocrx_word' id='word_1_253' title='bbox 3477 1153 3585 1205; x_wconf 80' lang='grc' dir='ltr'><strong>τῶν</strong></span> <span class='ocrx_word' id='word_1_254' title='bbox 3616 1154 3895 1225; x_wconf 84' lang='grc' dir='ltr'>πολεμίων</span> <span class='ocrx_word' id='word_1_255' title='bbox 3922 1173 4015 1223; x_wconf 74' lang='grc' dir='ltr'>γερ-</span> 
     </span>
    </p>
   </div>
   <div class='ocr_carea' id='block_1_40' title="bbox 2444 1238 4012 1314">
    <p class='ocr_par' dir='ltr' id='par_1_40' title="bbox 2444 1238 4012 1314">
     <span class='ocr_line' id='line_1_40' title="bbox 2444 1238 4012 1314; baseline 0.006 -27"><span class='ocrx_word' id='word_1_256' title='bbox 2444 1238 2689 1305; x_wconf 79' lang='grc' dir='ltr'>νὸμενος,</span> <span class='ocrx_word' id='word_1_257' title='bbox 2731 1240 3089 1308; x_wconf 69' lang='grc' dir='ltr'><strong>περιπλακεὶς</strong></span> <span class='ocrx_word' id='word_1_258' title='bbox 3144 1240 3221 1310; x_wconf 79' lang='grc' dir='ltr'>τῷ</span> <span class='ocrx_word' id='word_1_259' title='bbox 3267 1240 3367 1310; x_wconf 83' lang='grc' dir='ltr'>υἱῷ</span> <span class='ocrx_word' id='word_1_260' title='bbox 3406 1244 3861 1314; x_wconf 75' lang='grc' dir='ltr'>τοῦἋμερουμνῆ</span> <span class='ocrx_word' id='word_1_261' title='bbox 3917 1246 4012 1300; x_wconf 82' lang='grc' dir='ltr'>καὶ</span> 
     </span>
    </p>
   </div>
   <div class='ocr_carea' id='block_1_41' title="bbox 2444 1327 4012 1405">
    <p class='ocr_par' dir='ltr' id='par_1_41' title="bbox 2444 1327 4012 1405">
     <span class='ocr_line' id='line_1_41' title="bbox 2444 1327 4012 1405; baseline 0.006 -26"><span class='ocrx_word' id='word_1_262' title='bbox 2444 1327 2820 1398; x_wconf 79' lang='grc' dir='ltr'><strong>καταφιλήσας</strong></span> <span class='ocrx_word' id='word_1_263' title='bbox 2849 1330 3010 1383; x_wconf 79' lang='grc' dir='ltr'>αὑτὸν</span> <span class='ocrx_word' id='word_1_264' title='bbox 3040 1328 3213 1397; x_wconf 82' lang='grc' dir='ltr'>εἶπεν,</span> <span class='ocrx_word' id='word_1_265' title='bbox 3253 1333 3334 1385; x_wconf 84' lang='grc' dir='ltr'>ὃτι</span> <span class='ocrx_word' id='word_1_266' title='bbox 3396 1333 3537 1402; x_wconf 74' lang='grc' dir='ltr'><strong>Ἐγὼ</strong></span> <span class='ocrx_word' id='word_1_267' title='bbox 3596 1335 3716 1403; x_wconf 79' lang='grc' dir='ltr'><strong>μὲν</strong></span> <span class='ocrx_word' id='word_1_268' title='bbox 3748 1336 4012 1405; x_wconf 73' lang='grc' dir='ltr'>ἀπέρχο-</span> 
     </span>
    </p>
   </div>
   <div class='ocr_carea' id='block_1_42' title="bbox 2438 1419 4013 1495">
    <p class='ocr_par' dir='ltr' id='par_1_42' title="bbox 2438 1419 4013 1495">
     <span class='ocr_line' id='line_1_42' title="bbox 2438 1419 4013 1495; baseline 0.009 -28"><span class='ocrx_word' id='word_1_269' title='bbox 2438 1435 2543 1485; x_wconf 76' lang='grc' dir='ltr'><strong>μαι</strong></span> <span class='ocrx_word' id='word_1_270' title='bbox 2575 1420 2723 1483; x_wconf 73' lang='grc' dir='ltr'>πρὸς</span> <span class='ocrx_word' id='word_1_271' title='bbox 2766 1419 2874 1471; x_wconf 79' lang='grc' dir='ltr'>τὸν</span> <span class='ocrx_word' id='word_1_272' title='bbox 2904 1420 3171 1483; x_wconf 75' lang='grc' dir='ltr'>,βασιλέα</span> <span class='ocrx_word' id='word_1_273' title='bbox 3211 1441 3331 1490; x_wconf 83' lang='grc' dir='ltr'><strong>μου</strong></span> <span class='ocrx_word' id='word_1_274' title='bbox 3386 1425 3483 1477; x_wconf 74' lang='grc' dir='ltr'>καὶ</span> <span class='ocrx_word' id='word_1_275' title='bbox 3521 1427 3591 1477; x_wconf 85' lang='grc' dir='ltr'>τὰ</span> <span class='ocrx_word' id='word_1_276' title='bbox 3636 1427 3773 1489; x_wconf 81' lang='grc' dir='ltr'>ῖδια,</span> <span class='ocrx_word' id='word_1_277' title='bbox 3815 1429 4013 1495; x_wconf 79' lang='grc' dir='ltr'>μηδὲν</span> 
     </span>
    </p>
   </div>
   <div class='ocr_carea' id='block_1_43' title="bbox 2442 1507 4012 1587">
    <p class='ocr_par' dir='ltr' id='par_1_43' title="bbox 2442 1507 4012 1587">
     <span class='ocr_line' id='line_1_43' title="bbox 2442 1507 4012 1587; baseline 0.008 -27"><span class='ocrx_word' id='word_1_278' title='bbox 2442 1507 2561 1560; x_wconf 80' lang='grc' dir='ltr'><strong>τῶν</strong></span> <span class='ocrx_word' id='word_1_279' title='bbox 2583 1510 2653 1561; x_wconf 84' lang='grc' dir='ltr'>ἐν</span> <span class='ocrx_word' id='word_1_280' title='bbox 2698 1507 2778 1573; x_wconf 83' lang='grc' dir='ltr'>τῷ</span> <span class='ocrx_word' id='word_1_281' title='bbox 2818 1511 2936 1574; x_wconf 80' lang='grc' dir='ltr'>βίῳ</span> <span class='ocrx_word' id='word_1_282' title='bbox 2980 1512 3361 1581; x_wconf 73' lang='grc' dir='ltr'>προτιμήσας</span> <span class='ocrx_word' id='word_1_283' title='bbox 3390 1517 3672 1583; x_wconf 76' lang='grc' dir='ltr'><strong>πατρίδος</strong></span> <span class='ocrx_word' id='word_1_284' title='bbox 3710 1520 3805 1571; x_wconf 74' lang='grc' dir='ltr'>καὶ</span> <span class='ocrx_word' id='word_1_285' title='bbox 3855 1536 4012 1587; x_wconf 77' lang='grc' dir='ltr'>συμ-</span> 
     </span>
    </p>
   </div>
   <div class='ocr_carea' id='block_1_44' title="bbox 2441 1600 4013 1677">
    <p class='ocr_par' dir='ltr' id='par_1_44' title="bbox 2441 1600 4013 1677">
     <span class='ocr_line' id='line_1_44' title="bbox 2441 1600 4013 1677; baseline 0.006 -25"><span class='ocrx_word' id='word_1_286' title='bbox 2441 1600 2719 1667; x_wconf 65' lang='grc' dir='ltr'>φυλετῶν</span> <span class='ocrx_word' id='word_1_287' title='bbox 2738 1616 2752 1629; x_wconf 75' lang='grc'><strong><em>⁸</em></strong></span> <span class='ocrx_word' id='word_1_288' title='bbox 2791 1602 2873 1654; x_wconf 88' lang='grc' dir='ltr'>σὺ</span> <span class='ocrx_word' id='word_1_289' title='bbox 2901 1601 2968 1654; x_wconf 86' lang='grc' dir='ltr'>δὲ</span> <span class='ocrx_word' id='word_1_290' title='bbox 2992 1604 3141 1671; x_wconf 75' lang='grc' dir='ltr'>μετὰ</span> <span class='ocrx_word' id='word_1_291' title='bbox 3174 1604 3289 1657; x_wconf 78' lang='grc' dir='ltr'>τῶν</span> <span class='ocrx_word' id='word_1_292' title='bbox 3311 1606 3458 1670; x_wconf 79' lang='grc' dir='ltr'>σῶν,</span> <span class='ocrx_word' id='word_1_293' title='bbox 3483 1608 3563 1673; x_wconf 87' lang='grc' dir='ltr'>ὡς</span> <span class='ocrx_word' id='word_1_294' title='bbox 3588 1609 3780 1677; x_wconf 78' lang='grc' dir='ltr'>μηδὲν</span> <span class='ocrx_word' id='word_1_295' title='bbox 3806 1609 4013 1663; x_wconf 72' lang='grc' dir='ltr'>δεινὸν</span> 
     </span>
    </p>
   </div>
   <div class='ocr_carea' id='block_1_45' title="bbox 2442 1691 4013 1768">
    <p class='ocr_par' dir='ltr' id='par_1_45' title="bbox 2442 1691 4013 1768">
     <span class='ocr_line' id='line_1_45' title="bbox 2442 1691 4013 1768; baseline 0.008 -27"><span class='ocrx_word' id='word_1_296' title='bbox 2442 1691 2730 1746; x_wconf 80' lang='grc' dir='ltr'>πείσεσθε</span> <span class='ocrx_word' id='word_1_297' title='bbox 2769 1692 3213 1759; x_wconf 80' lang='grc' dir='ltr'>ὑποπτεύοντες</span> <span class='ocrx_word' id='word_1_298' title='bbox 3255 1698 3391 1764; x_wconf 83' lang='grc' dir='ltr'>παρ’</span> <span class='ocrx_word' id='word_1_299' title='bbox 3429 1697 3617 1765; x_wconf 71' lang='grc' dir='ltr'>ἡμῶν,</span> <span class='ocrx_word' id='word_1_300' title='bbox 3653 1700 3815 1753; x_wconf 78' lang='grc' dir='ltr'>ἄπιθι</span> <span class='ocrx_word' id='word_1_301' title='bbox 3860 1702 4013 1768; x_wconf 71' lang='grc' dir='ltr'>πρός</span> 
     </span>
    </p>
   </div>
   <div class='ocr_carea' id='block_1_46' title="bbox 2440 1777 4010 1860">
    <p class='ocr_par' dir='ltr' id='par_1_46' title="bbox 2440 1777 4010 1860">
     <span class='ocr_line' id='line_1_46' title="bbox 2440 1777 4010 1860; baseline 0.006 -27"><span class='ocrx_word' id='word_1_302' title='bbox 2440 1783 2586 1850; x_wconf 80' lang='grc' dir='ltr'>τοὺς</span> <span class='ocrx_word' id='word_1_303' title='bbox 2632 1784 2805 1849; x_wconf 86' lang='grc' dir='ltr'>σούς.</span> <span class='ocrx_word' id='word_1_304' title='bbox 2848 1784 2957 1836; x_wconf 74' lang='grc' dir='ltr'><strong>Καὶ</strong></span> <span class='ocrx_word' id='word_1_305' title='bbox 3006 1777 3161 1847; x_wconf 77' lang='grc' dir='ltr'>οὗτος</span> <span class='ocrx_word' id='word_1_306' title='bbox 3219 1786 3318 1854; x_wconf 82' lang='grc' dir='ltr'>μὲν</span> <span class='ocrx_word' id='word_1_307' title='bbox 3370 1787 3513 1840; x_wconf 83' lang='grc' dir='ltr'>οὕτω</span> <span class='ocrx_word' id='word_1_308' title='bbox 3565 1790 3699 1856; x_wconf 76' lang='grc' dir='ltr'>μετὰ</span> <span class='ocrx_word' id='word_1_309' title='bbox 3754 1792 4010 1860; x_wconf 76' lang='grc' dir='ltr'><strong>δακρύων</strong></span> 
     </span>
    </p>
   </div>
   <div class='ocr_carea' id='block_1_47' title="bbox 2445 1874 4010 1951">
    <p class='ocr_par' dir='ltr' id='par_1_47' title="bbox 2445 1874 4010 1951">
     <span class='ocr_line' id='line_1_47' title="bbox 2445 1874 4010 1951; baseline 0.003 -24"><span class='ocrx_word' id='word_1_310' title='bbox 2445 1875 2538 1928; x_wconf 78' lang='grc' dir='ltr'><strong>καὶ</strong></span> <span class='ocrx_word' id='word_1_311' title='bbox 2590 1874 2851 1944; x_wconf 75' lang='grc' dir='ltr'><strong>αἰσχύνης</strong></span> <span class='ocrx_word' id='word_1_312' title='bbox 2906 1875 3247 1946; x_wconf 73' lang='grc' dir='ltr'><strong>ὑπέστρεψεν</strong></span> <span class='ocrx_word' id='word_1_313' title='bbox 3284 1894 3297 1907; x_wconf 78' lang='grc'><em>’</em></span> <span class='ocrx_word' id='word_1_314' title='bbox 3346 1879 3375 1931; x_wconf 84' lang='grc' dir='ltr'>ὁ</span> <span class='ocrx_word' id='word_1_315' title='bbox 3412 1878 3467 1931; x_wconf 82' lang='grc' dir='ltr'><strong>δὲ</strong></span> <span class='ocrx_word' id='word_1_316' title='bbox 3507 1880 3763 1950; x_wconf 59' lang='lat' dir='ltr'><strong>Naves-&#39;13).</strong></span> <span class='ocrx_word' id='word_1_317' title='bbox 3812 1879 4010 1951; x_wconf 77' lang='grc' dir='ltr'>ἐχώρει</span> 
     </span>
    </p>
   </div>
   <div class='ocr_carea' id='block_1_48' title="bbox 2437 1966 4012 2041">
    <p class='ocr_par' dir='ltr' id='par_1_48' title="bbox 2437 1966 4012 2041">
     <span class='ocr_line' id='line_1_48' title="bbox 2437 1966 4012 2041; baseline 0.004 -23"><span class='ocrx_word' id='word_1_318' title='bbox 2437 1966 2575 2037; x_wconf 88' lang='grc' dir='ltr'>πρὸς</span> <span class='ocrx_word' id='word_1_319' title='bbox 2610 1966 2702 2018; x_wconf 81' lang='grc' dir='ltr'><strong>τὸν</strong></span> <span class='ocrx_word' id='word_1_320' title='bbox 2735 1966 2980 2036; x_wconf 80' lang='grc' dir='ltr'><strong>βασιλέα,</strong></span> <span class='ocrx_word' id='word_1_321' title='bbox 3027 1968 3463 2039; x_wconf 76' lang='grc' dir='ltr'><strong>προαποστείλας</strong></span> <span class='ocrx_word' id='word_1_322' title='bbox 3512 1971 3662 2041; x_wconf 79' lang='grc' dir='ltr'>αὐτῷ</span> <span class='ocrx_word' id='word_1_323' title='bbox 3704 1972 3796 2024; x_wconf 86' lang='grc' dir='ltr'><strong>τὸν</strong></span> <span class='ocrx_word' id='word_1_324' title='bbox 3838 1974 4012 2041; x_wconf 73' lang='grc' dir='ltr'>μηνύ-</span> 
     </span>
    </p>
   </div>
   <div class='ocr_carea' id='block_1_49' title="bbox 2440 2074 2625 2112">
    <p class='ocr_par' dir='ltr' id='par_1_49' title="bbox 2440 2074 2625 2112">
     <span class='ocr_line' id='line_1_49' title="bbox 2440 2074 2625 2112; baseline 0.016 -3"><span class='ocrx_word' id='word_1_325' title='bbox 2440 2074 2625 2112; x_wconf 89' lang='grc' dir='ltr'>σοντα.</span> 
     </span>
    </p>
   </div>
   <div class='ocr_carea' id='block_1_50' title="bbox 2512 2148 4012 2222">
    <p class='ocr_par' dir='ltr' id='par_1_50' title="bbox 2512 2148 4012 2222">
     <span class='ocr_line' id='line_1_50' title="bbox 2512 2148 4012 2222; baseline 0.001 -21"><span class='ocrx_word' id='word_1_326' title='bbox 2512 2156 2600 2215; x_wconf 84' lang='grc' dir='ltr'>ιγ’.</span> <span class='ocrx_word' id='word_1_327' title='bbox 2645 2148 2704 2204; x_wconf 78' lang='grc' dir='ltr'><strong>Ὀ</strong></span> <span class='ocrx_word' id='word_1_328' title='bbox 2731 2150 2789 2203; x_wconf 79' lang='grc' dir='ltr'><strong>δέ</strong></span> <span class='ocrx_word' id='word_1_329' title='bbox 2821 2150 3077 2219; x_wconf 85' lang='grc' dir='ltr'>βασιλεὺς</span> <span class='ocrx_word' id='word_1_330' title='bbox 3113 2152 3209 2204; x_wconf 83' lang='grc' dir='ltr'>καὶ</span> <span class='ocrx_word' id='word_1_331' title='bbox 3246 2152 3339 2205; x_wconf 79' lang='grc' dir='ltr'><strong>τὸν</strong></span> <span class='ocrx_word' id='word_1_332' title='bbox 3381 2153 3621 2222; x_wconf 82' lang='grc' dir='ltr'><strong>μηνυτὴν</strong></span> <span class='ocrx_word' id='word_1_333' title='bbox 3652 2153 3727 2214; x_wconf 82' lang='grc' dir='ltr'>ὡς</span> <span class='ocrx_word' id='word_1_334' title='bbox 3760 2152 4012 2221; x_wconf 80' lang='grc' dir='ltr'>μεγάλων</span> 
     </span>
    </p>
   </div>
   <div class='ocr_carea' id='block_1_51' title="bbox 2438 2237 4014 2310">
    <p class='ocr_par' dir='ltr' id='par_1_51' title="bbox 2438 2237 4014 2310">
     <span class='ocr_line' id='line_1_51' title="bbox 2438 2237 4014 2310; baseline 0.002 -20"><span class='ocrx_word' id='word_1_335' title='bbox 2438 2237 2663 2305; x_wconf 80' lang='grc' dir='ltr'>ἀγαθῶν</span> <span class='ocrx_word' id='word_1_336' title='bbox 2684 2240 2916 2307; x_wconf 77' lang='grc' dir='ltr'>ἄγγελον</span> <span class='ocrx_word' id='word_1_337' title='bbox 2941 2240 3341 2310; x_wconf 80' lang='grc' dir='ltr'><strong>ἀποδεξάμενος</strong></span> <span class='ocrx_word' id='word_1_338' title='bbox 3371 2242 3617 2310; x_wconf 86' lang='grc' dir='ltr'>χρήμασί</span> <span class='ocrx_word' id='word_1_339' title='bbox 3644 2260 3704 2295; x_wconf 89' lang='grc' dir='ltr'><strong>τε</strong></span> <span class='ocrx_word' id='word_1_340' title='bbox 3730 2245 3826 2295; x_wconf 77' lang='grc' dir='ltr'><strong>καὶ</strong></span> <span class='ocrx_word' id='word_1_341' title='bbox 3852 2243 4014 2308; x_wconf 75' lang='grc' dir='ltr'>ἀξιώ-</span> 
     </span>
    </p>
   </div>
   <div class='ocr_carea' id='block_1_52' title="bbox 2442 2331 4013 2401">
    <p class='ocr_par' dir='ltr' id='par_1_52' title="bbox 2442 2331 4013 2401">
     <span class='ocr_line' id='line_1_52' title="bbox 2442 2331 4013 2401; baseline 0.003 -19"><span class='ocrx_word' id='word_1_342' title='bbox 2442 2346 2607 2399; x_wconf 87' lang='grc' dir='ltr'>μασιν</span> <span class='ocrx_word' id='word_1_343' title='bbox 2654 2331 3099 2401; x_wconf 87' lang='grc' dir='ltr'>ἐφιλοτιμήσατο,</span> <span class='ocrx_word' id='word_1_344' title='bbox 3135 2334 3231 2385; x_wconf 76' lang='grc' dir='ltr'>καὶ</span> <span class='ocrx_word' id='word_1_345' title='bbox 3274 2333 3367 2385; x_wconf 83' lang='grc' dir='ltr'><strong>τὸν</strong></span> <span class='ocrx_word' id='word_1_346' title='bbox 3413 2334 3691 2401; x_wconf 81' lang='grc' dir='ltr'>Μανουὴλ,</span> <span class='ocrx_word' id='word_1_347' title='bbox 3734 2334 3811 2397; x_wconf 83' lang='grc' dir='ltr'><strong>ὡς</strong></span> <span class='ocrx_word' id='word_1_348' title='bbox 3862 2336 4013 2400; x_wconf 79' lang='grc' dir='ltr'>ἄξιον</span> 
     </span>
    </p>
   </div>
   <div class='ocr_carea' id='block_1_53' title="bbox 2437 2418 4013 2496">
    <p class='ocr_par' dir='ltr' id='par_1_53' title="bbox 2437 2418 4013 2496">
     <span class='ocr_line' id='line_1_53' title="bbox 2437 2418 4013 2496; baseline 0.004 -23"><span class='ocrx_word' id='word_1_349' title='bbox 2437 2418 2526 2493; x_wconf 82' lang='grc' dir='ltr'>ἦν,</span> <span class='ocrx_word' id='word_1_350' title='bbox 2557 2422 2869 2488; x_wconf 72' lang='grc' dir='ltr'>ὑπεδέξατο,</span> <span class='ocrx_word' id='word_1_351' title='bbox 2909 2425 3210 2496; x_wconf 86' lang='grc' dir='ltr'>μάγιστρον</span> <span class='ocrx_word' id='word_1_352' title='bbox 3236 2425 3398 2488; x_wconf 83' lang='grc' dir='ltr'>εὐθὺς</span> <span class='ocrx_word' id='word_1_353' title='bbox 3424 2427 3517 2478; x_wconf 71' lang='grc' dir='ltr'>καὶ</span> <span class='ocrx_word' id='word_1_354' title='bbox 3550 2426 3871 2495; x_wconf 80' lang='grc' dir='ltr'>δομέστικον</span> <span class='ocrx_word' id='word_1_355' title='bbox 3903 2430 4013 2479; x_wconf 84' lang='grc' dir='ltr'><strong>τῶν</strong></span> 
     </span>
    </p>
   </div>
   <div class='ocr_carea' id='block_1_54' title="bbox 2441 2515 4011 2587">
    <p class='ocr_par' dir='ltr' id='par_1_54' title="bbox 2441 2515 4011 2587">
     <span class='ocr_line' id='line_1_54' title="bbox 2441 2515 4011 2587; baseline 0.004 -19"><span class='ocrx_word' id='word_1_356' title='bbox 2441 2515 2649 2583; x_wconf 84' lang='grc' dir='ltr'>σχολῶν</span> <span class='ocrx_word' id='word_1_357' title='bbox 2680 2518 3069 2587; x_wconf 84' lang='grc' dir='ltr'>ποιησάμενος,</span> <span class='ocrx_word' id='word_1_358' title='bbox 3104 2518 3199 2571; x_wconf 78' lang='grc' dir='ltr'><strong>καὶ</strong></span> <span class='ocrx_word' id='word_1_359' title='bbox 3226 2518 3357 2580; x_wconf 81' lang='grc' dir='ltr'>τοὺς</span> <span class='ocrx_word' id='word_1_360' title='bbox 3396 2518 3563 2571; x_wconf 80' lang='grc' dir='ltr'>αὐτοῦ</span> <span class='ocrx_word' id='word_1_361' title='bbox 3598 2520 3793 2584; x_wconf 86' lang='grc' dir='ltr'>παῖδας</span> <span class='ocrx_word' id='word_1_362' title='bbox 3819 2522 3887 2573; x_wconf 78' lang='grc' dir='ltr'><strong>ἐκ</strong></span> <span class='ocrx_word' id='word_1_363' title='bbox 3916 2522 4011 2574; x_wconf 76' lang='grc' dir='ltr'>τοῦ</span> 
     </span>
    </p>
   </div>
   <div class='ocr_carea' id='block_1_55' title="bbox 2439 2607 3461 2678">
    <p class='ocr_par' dir='ltr' id='par_1_55' title="bbox 2439 2607 3461 2678">
     <span class='ocr_line' id='line_1_55' title="bbox 2439 2607 3461 2678; baseline 0.001 -16"><span class='ocrx_word' id='word_1_364' title='bbox 2439 2608 2598 2676; x_wconf 81' lang='grc' dir='ltr'>ἁγίου</span> <span class='ocrx_word' id='word_1_365' title='bbox 2634 2607 3011 2678; x_wconf 78' lang='grc' dir='ltr'>βαπτίσματος</span> <span class='ocrx_word' id='word_1_366' title='bbox 3043 2608 3461 2677; x_wconf 81' lang='grc' dir='ltr'>ἀναδεξάμενος.</span> 
     </span>
    </p>
   </div>
   <div class='ocr_carea' id='block_1_56' title="bbox 2510 2789 4010 2861">
    <p class='ocr_par' dir='ltr' id='par_1_56' title="bbox 2510 2789 4010 2861">
     <span class='ocr_line' id='line_1_56' title="bbox 2510 2789 4010 2861; baseline 0.003 -19"><span class='ocrx_word' id='word_1_367' title='bbox 2510 2789 2595 2844; x_wconf 80' lang='grc' dir='ltr'>ιδ’.</span> <span class='ocrx_word' id='word_1_368' title='bbox 2634 2789 2859 2852; x_wconf 86' lang='grc' dir='ltr'>Τούτοις</span> <span class='ocrx_word' id='word_1_369' title='bbox 2888 2790 3149 2859; x_wconf 80' lang='grc' dir='ltr'>ἐπαρθεὶς</span> <span class='ocrx_word' id='word_1_370' title='bbox 3172 2791 3201 2843; x_wconf 84' lang='grc' dir='ltr'><em>ὁ</em></span> <span class='ocrx_word' id='word_1_371' title='bbox 3226 2790 3479 2861; x_wconf 81' lang='grc' dir='ltr'>βασιλεὺς</span> <span class='ocrx_word' id='word_1_372' title='bbox 3512 2790 3699 2860; x_wconf 81' lang='grc' dir='ltr'>ἐξῆλθε</span> <span class='ocrx_word' id='word_1_373' title='bbox 3725 2790 3864 2859; x_wconf 86' lang='grc' dir='ltr'><strong>μετὰ</strong></span> <span class='ocrx_word' id='word_1_374' title='bbox 3893 2793 4010 2846; x_wconf 81' lang='grc' dir='ltr'><strong>Μα-</strong></span> 
     </span>
    </p>
   </div>
   <div class='ocr_carea' id='block_1_57' title="bbox 2440 2881 4008 2953">
    <p class='ocr_par' dir='ltr' id='par_1_57' title="bbox 2440 2881 4008 2953">
     <span class='ocr_line' id='line_1_57' title="bbox 2440 2881 4008 2953; baseline 0.001 -19"><span class='ocrx_word' id='word_1_375' title='bbox 2440 2881 2599 2949; x_wconf 85' lang='grc' dir='ltr'>νουὴλ</span> <span class='ocrx_word' id='word_1_376' title='bbox 2636 2883 2730 2934; x_wconf 74' lang='grc' dir='ltr'>καὶ</span> <span class='ocrx_word' id='word_1_377' title='bbox 2777 2882 2879 2950; x_wconf 77' lang='grc' dir='ltr'>τῆς</span> <span class='ocrx_word' id='word_1_378' title='bbox 2930 2882 3236 2953; x_wconf 84' lang='grc' dir='ltr'><strong>συγκλήτου</strong></span> <span class='ocrx_word' id='word_1_379' title='bbox 3267 2884 3366 2938; x_wconf 78' lang='grc' dir='ltr'>καὶ</span> <span class='ocrx_word' id='word_1_380' title='bbox 3403 2882 3499 2936; x_wconf 80' lang='grc' dir='ltr'>τοῦ</span> <span class='ocrx_word' id='word_1_381' title='bbox 3532 2882 3763 2953; x_wconf 88' lang='grc' dir='ltr'>στρατοῦ</span> <span class='ocrx_word' id='word_1_382' title='bbox 3807 2886 4008 2946; x_wconf 75' lang='grc' dir='ltr'>παντὸς</span> 
     </span>
    </p>
   </div>
   <div class='ocr_carea' id='block_1_58' title="bbox 2437 2974 4011 3046">
    <p class='ocr_par' dir='ltr' id='par_1_58' title="bbox 2437 2974 4011 3046">
     <span class='ocr_line' id='line_1_58' title="bbox 2437 2974 4011 3046; baseline 0 -20"><span class='ocrx_word' id='word_1_383' title='bbox 2437 2975 2579 3026; x_wconf 81' lang='grc' dir='ltr'>κατὰ</span> <span class='ocrx_word' id='word_1_384' title='bbox 2601 2975 2711 3027; x_wconf 85' lang='grc' dir='ltr'><strong>τῶν</strong></span> <span class='ocrx_word' id='word_1_385' title='bbox 2756 2974 3098 3044; x_wconf 80' lang='grc' dir='ltr'>’Δγαρηνῶν,</span> <span class='ocrx_word' id='word_1_386' title='bbox 3130 2974 3224 3027; x_wconf 66' lang='grc' dir='ltr'><strong>καλ⁵</strong></span> <span class='ocrx_word' id='word_1_387' title='bbox 3244 2974 3487 3038; x_wconf 82' lang='grc' dir='ltr'>εὐπετῶς</span> <span class='ocrx_word' id='word_1_388' title='bbox 3516 2976 3613 3044; x_wconf 90' lang='grc' dir='ltr'><strong>τήν</strong></span> <span class='ocrx_word' id='word_1_389' title='bbox 3641 2992 3700 3027; x_wconf 89' lang='grc' dir='ltr'><strong>τε</strong></span> <span class='ocrx_word' id='word_1_390' title='bbox 3727 2976 4011 3046; x_wconf 82' lang='grc' dir='ltr'>Ζάπετρον</span> 
     </span>
    </p>
   </div>
   <div class='ocr_carea' id='block_1_59' title="bbox 2438 3056 4009 3136">
    <p class='ocr_par' dir='ltr' id='par_1_59' title="bbox 2438 3056 4009 3136">
     <span class='ocr_line' id='line_1_59' title="bbox 2438 3056 4009 3136; baseline 0.001 -18"><span class='ocrx_word' id='word_1_391' title='bbox 2438 3067 2531 3118; x_wconf 74' lang='grc' dir='ltr'>καὶ</span> <span class='ocrx_word' id='word_1_392' title='bbox 2558 3066 2620 3118; x_wconf 80' lang='grc' dir='ltr'>τὸ</span> <span class='ocrx_word' id='word_1_393' title='bbox 2649 3056 2987 3134; x_wconf 84' lang='grc' dir='ltr'>Σαμόσατὸν,</span> <span class='ocrx_word' id='word_1_394' title='bbox 3034 3066 3249 3136; x_wconf 83' lang='grc' dir='ltr'>πλούτῳ</span> <span class='ocrx_word' id='word_1_395' title='bbox 3299 3066 3485 3135; x_wconf 86' lang='grc' dir='ltr'>κομῶν</span> <span class='ocrx_word' id='word_1_396' title='bbox 3516 3068 3609 3119; x_wconf 81' lang='grc' dir='ltr'>καὶ</span> <span class='ocrx_word' id='word_1_397' title='bbox 3634 3067 3861 3136; x_wconf 80' lang='grc' dir='ltr'>δυνάμει</span> <span class='ocrx_word' id='word_1_398' title='bbox 3888 3069 4009 3120; x_wconf 83' lang='grc' dir='ltr'>τότε</span> 
     </span>
    </p>
   </div>
   <div class='ocr_carea' id='block_1_60' title="bbox 766 3154 2335 3233">
    <p class='ocr_par' dir='ltr' id='par_1_60' title="bbox 766 3154 2331 3226">
     <span class='ocr_line' id='line_1_60' title="bbox 766 3154 2331 3226; baseline 0.005 -19"><span class='ocrx_word' id='word_1_399' title='bbox 766 3154 1018 3219; x_wconf 84' lang='lat' dir='ltr'><strong>ﬂorebat,</strong></span> <span class='ocrx_word' id='word_1_400' title='bbox 1050 3156 1253 3224; x_wconf 89' lang='lat' dir='ltr'><strong>quippe</strong></span> <span class='ocrx_word' id='word_1_401' title='bbox 1274 3157 1620 3211; x_wconf 73' lang='lat' dir='ltr'><strong>Amerumna:</strong></span> <span class='ocrx_word' id='word_1_402' title='bbox 1650 3158 1844 3226; x_wconf 85' lang='lat' dir='ltr'><strong>patria,</strong></span> <span class='ocrx_word' id='word_1_403' title='bbox 1876 3159 2103 3214; x_wconf 81' lang='lat' dir='ltr'><strong>victoria</strong></span> <span class='ocrx_word' id='word_1_404' title='bbox 2126 3177 2187 3215; x_wconf 90' lang='lat' dir='ltr'><strong>ac</strong></span> <span class='ocrx_word' id='word_1_405' title='bbox 2216 3178 2331 3215; x_wconf 85' lang='lat' dir='ltr'><strong>ma-</strong></span> 
     </span>
    </p>
   </div>
   <div class='ocr_carea' id='block_1_61' title="bbox 2438 3154 4010 3233">
    <p class='ocr_par' dir='ltr' id='par_1_61' title="bbox 2438 3155 4010 3229">
     <span class='ocr_line' id='line_1_61' title="bbox 2438 3155 4010 3229; baseline 0 -18"><span class='ocrx_word' id='word_1_406' title='bbox 2438 3158 2523 3211; x_wconf 80' lang='grc' dir='ltr'><strong>διά</strong></span> <span class='ocrx_word' id='word_1_407' title='bbox 2565 3158 2624 3209; x_wconf 82' lang='grc' dir='ltr'><strong>τὸ</strong></span> <span class='ocrx_word' id='word_1_408' title='bbox 2680 3157 2770 3209; x_wconf 81' lang='grc' dir='ltr'><strong>τὸν</strong></span> <span class='ocrx_word' id='word_1_409' title='bbox 2798 3158 3176 3227; x_wconf 81' lang='grc' dir='ltr'>Ἀμερουμνῆν</span> <span class='ocrx_word' id='word_1_410' title='bbox 3231 3158 3443 3211; x_wconf 82' lang='grc' dir='ltr'>ἐκεῖθεν</span> <span class='ocrx_word' id='word_1_411' title='bbox 3492 3155 3631 3212; x_wconf 74' lang='grc' dir='ltr'>εἶναι</span> <span class='ocrx_word' id='word_1_412' title='bbox 3674 3160 4010 3229; x_wconf 82' lang='grc' dir='ltr'>παραλαῦὼν</span> 
     </span>
    </p>
   </div>
   <div class='ocr_carea' id='block_1_62' title="bbox 766 3246 2336 3317">
    <p class='ocr_par' dir='ltr' id='par_1_62' title="bbox 766 3246 2336 3317">
     <span class='ocr_line' id='line_1_62' title="bbox 766 3246 2336 3317; baseline 0.004 -19"><span class='ocrx_word' id='word_1_413' title='bbox 766 3246 953 3299; x_wconf 90' lang='lat' dir='ltr'><strong>nubiis</strong></span> <span class='ocrx_word' id='word_1_414' title='bbox 979 3262 1037 3299; x_wconf 89' lang='lat' dir='ltr'><strong>se</strong></span> <span class='ocrx_word' id='word_1_415' title='bbox 1061 3246 1347 3315; x_wconf 79' lang='lat' dir='ltr'><strong>magniﬁce</strong></span> <span class='ocrx_word' id='word_1_416' title='bbox 1379 3248 1590 3317; x_wconf 87' lang='lat' dir='ltr'><strong>jactans</strong></span> <span class='ocrx_word' id='word_1_417' title='bbox 1610 3262 1672 3301; x_wconf 89' lang='lat' dir='ltr'><strong>ac</strong></span> <span class='ocrx_word' id='word_1_418' title='bbox 1706 3249 2047 3316; x_wconf 87' lang='lat' dir='ltr'><strong>superbicns,</strong></span> <span class='ocrx_word' id='word_1_419' title='bbox 2081 3266 2336 3305; x_wconf 81' lang='lat' dir='ltr'><strong>reversus</strong></span> 
     </span>
    </p>
   </div>
   <div class='ocr_carea' id='block_1_63' title="bbox 765 3338 2336 3412">
    <p class='ocr_par' dir='ltr' id='par_1_63' title="bbox 765 3338 2336 3412">
     <span class='ocr_line' id='line_1_63' title="bbox 765 3338 2336 3412; baseline 0.004 -23"><span class='ocrx_word' id='word_1_420' title='bbox 765 3349 867 3391; x_wconf 88' lang='lat' dir='ltr'><strong>est.</strong></span> <span class='ocrx_word' id='word_1_421' title='bbox 915 3338 1258 3407; x_wconf 84' lang='lat' dir='ltr'><strong>Veniensque</strong></span> <span class='ocrx_word' id='word_1_422' title='bbox 1312 3339 1602 3409; x_wconf 79' lang='lat' dir='ltr'><strong>Bryantcm</strong></span> <span class='ocrx_word' id='word_1_423' title='bbox 1635 3355 1827 3406; x_wconf 88' lang='lat' dir='ltr'><strong>usque,</strong></span> <span class='ocrx_word' id='word_1_424' title='bbox 1881 3340 2139 3395; x_wconf 77' lang='lat' dir='ltr'><strong>:ediiicari</strong></span> <span class='ocrx_word' id='word_1_425' title='bbox 2188 3343 2336 3412; x_wconf 87' lang='lat' dir='ltr'><strong>pala-</strong></span> 
     </span>
    </p>
   </div>
   <div class='ocr_carea' id='block_1_64' title="bbox 767 3430 2334 3503">
    <p class='ocr_par' dir='ltr' id='par_1_64' title="bbox 767 3430 2334 3503">
     <span class='ocr_line' id='line_1_64' title="bbox 767 3430 2334 3503; baseline 0.003 -19"><span class='ocrx_word' id='word_1_426' title='bbox 767 3431 925 3494; x_wconf 88' lang='lat' dir='ltr'><strong>tium,</strong></span> <span class='ocrx_word' id='word_1_427' title='bbox 960 3430 1259 3500; x_wconf 89' lang='lat' dir='ltr'><strong>hortosque</strong></span> <span class='ocrx_word' id='word_1_428' title='bbox 1286 3432 1539 3500; x_wconf 89' lang='lat' dir='ltr'><strong>plantari,</strong></span> <span class='ocrx_word' id='word_1_429' title='bbox 1571 3440 1733 3499; x_wconf 90' lang='lat' dir='ltr'><strong>atque</strong></span> <span class='ocrx_word' id='word_1_430' title='bbox 1760 3448 1927 3500; x_wconf 89' lang='lat' dir='ltr'><strong>aquas</strong></span> <span class='ocrx_word' id='word_1_431' title='bbox 1949 3433 2167 3497; x_wconf 89' lang='lat' dir='ltr'><strong>deduci,</strong></span> <span class='ocrx_word' id='word_1_432' title='bbox 2197 3450 2334 3503; x_wconf 74' lang='lat' dir='ltr'><strong>pra:-</strong></span> 
     </span>
    </p>
   </div>
   <div class='ocr_carea' id='block_1_65' title="bbox 766 3522 2336 3593">
    <p class='ocr_par' dir='ltr' id='par_1_65' title="bbox 766 3522 2336 3593">
     <span class='ocr_line' id='line_1_65' title="bbox 766 3522 2336 3593; baseline 0.005 -20"><span class='ocrx_word' id='word_1_433' title='bbox 766 3523 950 3590; x_wconf 90' lang='lat' dir='ltr'><strong>cepit:</strong></span> <span class='ocrx_word' id='word_1_434' title='bbox 988 3522 1132 3590; x_wconf 92' lang='lat' dir='ltr'><strong>quod</strong></span> <span class='ocrx_word' id='word_1_435' title='bbox 1164 3530 1221 3575; x_wconf 91' lang='lat' dir='ltr'><strong>et</strong></span> <span class='ocrx_word' id='word_1_436' title='bbox 1265 3522 1468 3575; x_wconf 82' lang='lat' dir='ltr'><strong>factum</strong></span> <span class='ocrx_word' id='word_1_437' title='bbox 1496 3532 1599 3577; x_wconf 86' lang='lat' dir='ltr'><strong>est.</strong></span> <span class='ocrx_word' id='word_1_438' title='bbox 1639 3523 1769 3576; x_wconf 90' lang='lat' dir='ltr'><strong>lude</strong></span> <span class='ocrx_word' id='word_1_439' title='bbox 1800 3524 1989 3578; x_wconf 90' lang='lat' dir='ltr'><strong>urbem</strong></span> <span class='ocrx_word' id='word_1_440' title='bbox 2027 3534 2239 3593; x_wconf 89' lang='lat' dir='ltr'><strong>petens,</strong></span> <span class='ocrx_word' id='word_1_441' title='bbox 2271 3541 2336 3581; x_wconf 86' lang='lat' dir='ltr'><strong>ac</strong></span> 
     </span>
    </p>
   </div>
   <div class='ocr_carea' id='block_1_66' title="bbox 764 3614 2335 3685">
    <p class='ocr_par' dir='ltr' id='par_1_66' title="bbox 764 3614 2335 3685">
     <span class='ocr_line' id='line_1_66' title="bbox 764 3614 2335 3685; baseline 0.002 -18"><span class='ocrx_word' id='word_1_442' title='bbox 764 3616 938 3683; x_wconf 86' lang='lat' dir='ltr'><strong>spolia</strong></span> <span class='ocrx_word' id='word_1_443' title='bbox 978 3614 1259 3683; x_wconf 88' lang='lat' dir='ltr'><strong>triumpho</strong></span> <span class='ocrx_word' id='word_1_444' title='bbox 1291 3614 1605 3676; x_wconf 88' lang='lat' dir='ltr'><strong>traducens,</strong></span> <span class='ocrx_word' id='word_1_445' title='bbox 1632 3615 2000 3684; x_wconf 74' lang='lat' dir='ltr'><strong>exhibitisque</strong></span> <span class='ocrx_word' id='word_1_446' title='bbox 2028 3616 2193 3685; x_wconf 82' lang='lat'><strong>799</strong></span> <span class='ocrx_word' id='word_1_447' title='bbox 2228 3617 2335 3670; x_wconf 87' lang='lat' dir='ltr'><strong>cir-</strong></span> 
     </span>
    </p>
   </div>
   <div class='ocr_carea' id='block_1_67' title="bbox 765 3706 2335 3775">
    <p class='ocr_par' dir='ltr' id='par_1_67' title="bbox 765 3706 2335 3775">
     <span class='ocr_line' id='line_1_67' title="bbox 765 3706 2335 3775; baseline 0.003 -17"><span class='ocrx_word' id='word_1_448' title='bbox 765 3706 1046 3769; x_wconf 89' lang='lat' dir='ltr'><strong>censibus,</strong></span> <span class='ocrx_word' id='word_1_449' title='bbox 1080 3721 1145 3760; x_wconf 91' lang='lat' dir='ltr'><strong>ac</strong></span> <span class='ocrx_word' id='word_1_450' title='bbox 1188 3706 1304 3775; x_wconf 88' lang='lat' dir='ltr'><strong>ipse</strong></span> <span class='ocrx_word' id='word_1_451' title='bbox 1349 3707 1525 3775; x_wconf 92' lang='lat' dir='ltr'><strong>primo</strong></span> <span class='ocrx_word' id='word_1_452' title='bbox 1554 3722 1781 3762; x_wconf 90' lang='lat' dir='ltr'><strong>munere</strong></span> <span class='ocrx_word' id='word_1_453' title='bbox 1826 3707 2043 3771; x_wconf 90' lang='lat' dir='ltr'><strong>ludens,</strong></span> <span class='ocrx_word' id='word_1_454' title='bbox 2074 3709 2213 3763; x_wconf 88' lang='lat' dir='ltr'><strong>albis</strong></span> <span class='ocrx_word' id='word_1_455' title='bbox 2248 3710 2335 3763; x_wconf 83' lang='lat' dir='ltr'><strong>in-</strong></span> 
     </span>
    </p>
   </div>
   <div class='ocr_carea' id='block_1_68' title="bbox 764 3798 2331 3867">
    <p class='ocr_par' dir='ltr' id='par_1_68' title="bbox 764 3798 2331 3867">
     <span class='ocr_line' id='line_1_68' title="bbox 764 3798 2331 3867; baseline 0.004 -17"><span class='ocrx_word' id='word_1_456' title='bbox 764 3807 955 3851; x_wconf 81' lang='lat' dir='ltr'><strong>vectus</strong></span> <span class='ocrx_word' id='word_1_457' title='bbox 1006 3798 1182 3866; x_wconf 92' lang='lat' dir='ltr'><strong>equis,</strong></span> <span class='ocrx_word' id='word_1_458' title='bbox 1216 3807 1380 3867; x_wconf 88' lang='lat' dir='ltr'><strong>atque</strong></span> <span class='ocrx_word' id='word_1_459' title='bbox 1429 3808 1627 3853; x_wconf 83' lang='lat' dir='ltr'><strong>veneto</strong></span> <span class='ocrx_word' id='word_1_460' title='bbox 1678 3799 1907 3853; x_wconf 90' lang='lat' dir='ltr'><strong>indutus</strong></span> <span class='ocrx_word' id='word_1_461' title='bbox 1957 3801 2161 3865; x_wconf 90' lang='lat' dir='ltr'><strong>colore,</strong></span> <span class='ocrx_word' id='word_1_462' title='bbox 2208 3818 2331 3857; x_wconf 90' lang='lat' dir='ltr'><strong>cum</strong></span> 
     </span>
    </p>
   </div>
   <div class='ocr_carea' id='block_1_69' title="bbox 764 3889 2335 3954">
    <p class='ocr_par' dir='ltr' id='par_1_69' title="bbox 764 3889 2335 3954">
     <span class='ocr_line' id='line_1_69' title="bbox 764 3889 2335 3954; baseline 0.004 -13"><span class='ocrx_word' id='word_1_463' title='bbox 764 3890 942 3941; x_wconf 81' lang='lat' dir='ltr'><strong>vietor</strong></span> <span class='ocrx_word' id='word_1_464' title='bbox 976 3889 1199 3953; x_wconf 77' lang='lat' dir='ltr'><strong>exisset,</strong></span> <span class='ocrx_word' id='word_1_465' title='bbox 1230 3900 1526 3944; x_wconf 90' lang='lat' dir='ltr'><strong>coronatus</strong></span> <span class='ocrx_word' id='word_1_466' title='bbox 1556 3898 1658 3954; x_wconf 86' lang='lat' dir='ltr'><strong>est,</strong></span> <span class='ocrx_word' id='word_1_467' title='bbox 1686 3891 2114 3946; x_wconf 85' lang='lat' dir='ltr'><strong>acclamantibus</strong></span> <span class='ocrx_word' id='word_1_468' title='bbox 2142 3892 2335 3947; x_wconf 77' lang='lat' dir='ltr'><strong>factio-</strong></span> 
     </span>
    </p>
   </div>
   <div class='ocr_carea' id='block_1_70' title="bbox 764 3979 2336 4054">
    <p class='ocr_par' dir='ltr' id='par_1_70' title="bbox 764 3979 2336 4054">
     <span class='ocr_line' id='line_1_70' title="bbox 764 3979 2336 4054; baseline 0.005 -23"><span class='ocrx_word' id='word_1_469' title='bbox 764 3979 965 4033; x_wconf 89' lang='lat' dir='ltr'><strong>nibus:</strong></span> <span class='ocrx_word' id='word_1_470' title='bbox 1021 3980 1159 4034; x_wconf 87' lang='lat' dir='ltr'><strong>Bene</strong></span> <span class='ocrx_word' id='word_1_471' title='bbox 1194 3982 1466 4051; x_wconf 75' lang='lat' dir='ltr'><strong>faustaque</strong></span> <span class='ocrx_word' id='word_1_472' title='bbox 1496 3983 1700 4047; x_wconf 72' lang='lat' dir='ltr'><strong>t&#39;cnisti,</strong></span> <span class='ocrx_word' id='word_1_473' title='bbox 1742 3984 1884 4036; x_wconf 88' lang='lat' dir='ltr'><strong>omni</strong></span> <span class='ocrx_word' id='word_1_474' title='bbox 1921 3985 2095 4053; x_wconf 88' lang='lat' dir='ltr'><strong>major</strong></span> <span class='ocrx_word' id='word_1_475' title='bbox 2123 4000 2336 4054; x_wconf 86' lang='lat' dir='ltr'><strong>compa-</strong></span> 
     </span>
    </p>
   </div>
   <div class='ocr_carea' id='block_1_71' title="bbox 764 4074 1353 4142">
    <p class='ocr_par' dir='ltr' id='par_1_71' title="bbox 764 4074 1353 4142">
     <span class='ocr_line' id='line_1_71' title="bbox 764 4074 1353 4142; baseline 0.005 -20"><span class='ocrx_word' id='word_1_476' title='bbox 764 4074 991 4133; x_wconf 84' lang='lat' dir='ltr'><strong>ratione,</strong></span> <span class='ocrx_word' id='word_1_477' title='bbox 1021 4075 1353 4142; x_wconf 80' lang='lat' dir='ltr'><strong>factiouarie.</strong></span> 
     </span>
    </p>
   </div>
   <div class='ocr_carea' id='block_1_72' title="bbox 835 4164 2334 4239">
    <p class='ocr_par' dir='ltr' id='par_1_72' title="bbox 835 4164 2334 4239">
     <span class='ocr_line' id='line_1_72' title="bbox 835 4164 2334 4239; baseline 0.005 -23"><span class='ocrx_word' id='word_1_478' title='bbox 835 4164 924 4217; x_wconf 76' lang='grc'><strong>15.</strong></span> <span class='ocrx_word' id='word_1_479' title='bbox 956 4164 1195 4219; x_wconf 81' lang='lat' dir='ltr'><strong>Antonio</strong></span> <span class='ocrx_word' id='word_1_480' title='bbox 1226 4177 1407 4221; x_wconf 87' lang='lat' dir='ltr'><strong>autem</strong></span> <span class='ocrx_word' id='word_1_481' title='bbox 1434 4166 1742 4235; x_wconf 88' lang='lat' dir='ltr'><strong>patriarcha</strong></span> <span class='ocrx_word' id='word_1_482' title='bbox 1764 4165 1903 4222; x_wconf 87' lang='lat' dir='ltr'><strong>vivis</strong></span> <span class='ocrx_word' id='word_1_483' title='bbox 1924 4177 2196 4237; x_wconf 83' lang='lat' dir='ltr'><strong>exempto,</strong></span> <span class='ocrx_word' id='word_1_484' title='bbox 2215 4169 2334 4239; x_wconf 90' lang='lat' dir='ltr'><strong>ejus</strong></span> 
     </span>
    </p>
   </div>
   <div class='ocr_carea' id='block_1_73' title="bbox 761 4255 2333 4328">
    <p class='ocr_par' dir='ltr' id='par_1_73' title="bbox 761 4255 2333 4328">
     <span class='ocr_line' id='line_1_73' title="bbox 761 4255 2333 4328; baseline 0.004 -21"><span class='ocrx_word' id='word_1_485' title='bbox 761 4255 883 4309; x_wconf 84' lang='lat' dir='ltr'><strong>loco</strong></span> <span class='ocrx_word' id='word_1_486' title='bbox 916 4255 1201 4309; x_wconf 86' lang='lat' dir='ltr'><strong>ordinatur</strong></span> <span class='ocrx_word' id='word_1_487' title='bbox 1231 4256 1473 4311; x_wconf 85' lang='lat' dir='ltr'><strong>Joannes</strong></span> <span class='ocrx_word' id='word_1_488' title='bbox 1519 4258 1812 4328; x_wconf 84' lang='lat' dir='ltr'><strong>syncellus,</strong></span> <span class='ocrx_word' id='word_1_489' title='bbox 1842 4265 1902 4311; x_wconf 87' lang='lat' dir='ltr'><strong>ut</strong></span> <span class='ocrx_word' id='word_1_490' title='bbox 1945 4259 2121 4313; x_wconf 89' lang='lat' dir='ltr'><strong>dicam</strong></span> <span class='ocrx_word' id='word_1_491' title='bbox 2159 4275 2333 4314; x_wconf 89' lang='lat' dir='ltr'><strong>novus</strong></span> 
     </span>
    </p>
   </div>
   <div class='ocr_carea' id='block_1_74' title="bbox 758 4346 2333 4420">
    <p class='ocr_par' dir='ltr' id='par_1_74' title="bbox 758 4346 2333 4420">
     <span class='ocr_line' id='line_1_74' title="bbox 758 4346 2333 4420; baseline 0.003 -20"><span class='ocrx_word' id='word_1_492' title='bbox 758 4346 965 4401; x_wconf 88' lang='lat' dir='ltr'><strong>.lannes</strong></span> <span class='ocrx_word' id='word_1_493' title='bbox 1011 4355 1069 4401; x_wconf 90' lang='lat' dir='ltr'><strong>et</strong></span> <span class='ocrx_word' id='word_1_494' title='bbox 1113 4348 1397 4411; x_wconf 83' lang='lat' dir='ltr'><strong>Zambres,</strong></span> <span class='ocrx_word' id='word_1_495' title='bbox 1429 4349 1632 4402; x_wconf 86' lang='lat' dir='ltr'><strong>celebri</strong></span> <span class='ocrx_word' id='word_1_496' title='bbox 1681 4349 1848 4402; x_wconf 90' lang='lat' dir='ltr'><strong>homo</strong></span> <span class='ocrx_word' id='word_1_497' title='bbox 1897 4349 2057 4413; x_wconf 77' lang='lat' dir='ltr'><strong>fama,</strong></span> <span class='ocrx_word' id='word_1_498' title='bbox 2109 4351 2333 4420; x_wconf 80' lang='lat' dir='ltr'><strong>magicis</strong></span> 
     </span>
    </p>
   </div>
   <div class='ocr_carea' id='block_1_75' title="bbox 759 4440 2330 4513">
    <p class='ocr_par' dir='ltr' id='par_1_75' title="bbox 759 4440 2330 4513">
     <span class='ocr_line' id='line_1_75' title="bbox 759 4440 2330 4513; baseline 0.004 -21"><span class='ocrx_word' id='word_1_499' title='bbox 759 4440 975 4493; x_wconf 84' lang='lat' dir='ltr'><strong>artibus</strong></span> <span class='ocrx_word' id='word_1_500' title='bbox 1013 4450 1068 4494; x_wconf 90' lang='lat' dir='ltr'><strong>et</strong></span> <span class='ocrx_word' id='word_1_501' title='bbox 1098 4440 1536 4497; x_wconf 88' lang='lat' dir='ltr'><strong>divinationibus</strong></span> <span class='ocrx_word' id='word_1_502' title='bbox 1564 4459 1628 4495; x_wconf 79' lang='lat' dir='ltr'><strong>ex</strong></span> <span class='ocrx_word' id='word_1_503' title='bbox 1665 4443 1809 4511; x_wconf 88' lang='lat' dir='ltr'><strong>pelvi</strong></span> <span class='ocrx_word' id='word_1_504' title='bbox 1845 4446 2103 4512; x_wconf 90' lang='lat' dir='ltr'><strong>omnique</strong></span> <span class='ocrx_word' id='word_1_505' title='bbox 2140 4444 2330 4513; x_wconf 85' lang='lat' dir='ltr'><strong>impie-</strong></span> 
     </span>
    </p>
   </div>
   <div class='ocr_carea' id='block_1_76' title="bbox 2435 3248 4008 3321">
    <p class='ocr_par' dir='ltr' id='par_1_76' title="bbox 2435 3248 4008 3321">
     <span class='ocr_line' id='line_1_76' title="bbox 2435 3248 4008 3321; baseline 0.003 -20"><span class='ocrx_word' id='word_1_506' title='bbox 2435 3249 2682 3302; x_wconf 89' lang='grc' dir='ltr'>ἐπάνεισι</span> <span class='ocrx_word' id='word_1_507' title='bbox 2726 3251 2791 3319; x_wconf 81' lang='grc' dir='ltr'>τῇ</span> <span class='ocrx_word' id='word_1_508' title='bbox 2839 3248 2963 3320; x_wconf 80' lang='grc' dir='ltr'>νίκῃ</span> <span class='ocrx_word' id='word_1_509' title='bbox 3007 3249 3099 3303; x_wconf 77' lang='grc' dir='ltr'><strong>καὶ</strong></span> <span class='ocrx_word' id='word_1_510' title='bbox 3150 3252 3263 3312; x_wconf 78' lang='grc' dir='ltr'>τοῖς</span> <span class='ocrx_word' id='word_1_511' title='bbox 3303 3250 3564 3320; x_wconf 81' lang='grc' dir='ltr'>λαφύροις</span> <span class='ocrx_word' id='word_1_512' title='bbox 3602 3252 4008 3321; x_wconf 78' lang='grc' dir='ltr'>γαυρούμενος,</span> 
     </span>
    </p>
   </div>
   <div class='ocr_carea' id='block_1_77' title="bbox 2437 3339 4008 3410">
    <p class='ocr_par' dir='ltr' id='par_1_77' title="bbox 2437 3339 4008 3410">
     <span class='ocr_line' id='line_1_77' title="bbox 2437 3339 4008 3410; baseline 0.002 -17"><span class='ocrx_word' id='word_1_513' title='bbox 2437 3343 2531 3393; x_wconf 74' lang='grc' dir='ltr'><strong>καὶ</strong></span> <span class='ocrx_word' id='word_1_514' title='bbox 2564 3340 2734 3393; x_wconf 89' lang='grc' dir='ltr'>ἐλθὼν</span> <span class='ocrx_word' id='word_1_515' title='bbox 2767 3340 2928 3409; x_wconf 82' lang='grc' dir='ltr'>μέχρι</span> <span class='ocrx_word' id='word_1_516' title='bbox 2974 3340 3069 3393; x_wconf 82' lang='grc' dir='ltr'>τοῦ</span> <span class='ocrx_word' id='word_1_517' title='bbox 3109 3339 3387 3410; x_wconf 89' lang='grc' dir='ltr'>Βρύαντος</span> <span class='ocrx_word' id='word_1_518' title='bbox 3423 3342 3761 3409; x_wconf 77' lang='grc' dir='ltr'>προσέταξεν</span> <span class='ocrx_word' id='word_1_519' title='bbox 3802 3344 4008 3396; x_wconf 62' lang='grc' dir='ltr'>οἰκοδο-</span> 
     </span>
    </p>
   </div>
   <div class='ocr_carea' id='block_1_78' title="bbox 2438 3430 4008 3502">
    <p class='ocr_par' dir='ltr' id='par_1_78' title="bbox 2438 3430 4008 3502">
     <span class='ocr_line' id='line_1_78' title="bbox 2438 3430 4008 3502; baseline 0.003 -18"><span class='ocrx_word' id='word_1_520' title='bbox 2438 3433 2612 3502; x_wconf 84' lang='grc' dir='ltr'>μῆσαι</span> <span class='ocrx_word' id='word_1_521' title='bbox 2643 3431 2902 3483; x_wconf 86' lang='grc' dir='ltr'>παλάτιον</span> <span class='ocrx_word' id='word_1_522' title='bbox 2926 3432 3018 3483; x_wconf 78' lang='grc' dir='ltr'>καὶ</span> <span class='ocrx_word' id='word_1_523' title='bbox 3047 3430 3411 3501; x_wconf 79' lang='grc' dir='ltr'>παραδείσους</span> <span class='ocrx_word' id='word_1_524' title='bbox 3437 3432 3699 3501; x_wconf 83' lang='grc' dir='ltr'>φυτεῦσαι</span> <span class='ocrx_word' id='word_1_525' title='bbox 3721 3433 3817 3486; x_wconf 78' lang='grc' dir='ltr'><strong>καὶ</strong></span> <span class='ocrx_word' id='word_1_526' title='bbox 3843 3433 4008 3487; x_wconf 74' lang='grc' dir='ltr'>ὕδατα</span> 
     </span>
    </p>
   </div>
   <div class='ocr_carea' id='block_1_79' title="bbox 2434 3523 4008 3595">
    <p class='ocr_par' dir='ltr' id='par_1_79' title="bbox 2434 3523 4008 3595">
     <span class='ocr_line' id='line_1_79' title="bbox 2434 3523 4008 3595; baseline -0.001 -17"><span class='ocrx_word' id='word_1_527' title='bbox 2434 3526 2664 3592; x_wconf 81' lang='grc' dir='ltr'>ἀγαγεῖν</span> <span class='ocrx_word' id='word_1_528' title='bbox 2684 3540 2699 3554; x_wconf 78' lang='lat'><strong>&#39;</strong></span> <span class='ocrx_word' id='word_1_529' title='bbox 2726 3524 2762 3578; x_wconf 79' lang='grc' dir='ltr'>ἃ</span> <span class='ocrx_word' id='word_1_530' title='bbox 2803 3525 2899 3577; x_wconf 74' lang='grc' dir='ltr'><strong>καὶ</strong></span> <span class='ocrx_word' id='word_1_531' title='bbox 2932 3523 3175 3592; x_wconf 81' lang='grc' dir='ltr'>γέγονεν.</span> <span class='ocrx_word' id='word_1_532' title='bbox 3208 3523 3448 3578; x_wconf 78' lang='grc' dir='ltr'>Ἐκεῖθεν</span> <span class='ocrx_word' id='word_1_533' title='bbox 3474 3525 3528 3578; x_wconf 80' lang='grc' dir='ltr'>δὲ</span> <span class='ocrx_word' id='word_1_534' title='bbox 3557 3526 3897 3595; x_wconf 81' lang='grc' dir='ltr'>ἀφικόμενος</span> <span class='ocrx_word' id='word_1_535' title='bbox 3933 3529 4008 3589; x_wconf 84' lang='grc' dir='ltr'>εἰς</span> 
     </span>
    </p>
   </div>
   <div class='ocr_carea' id='block_1_80' title="bbox 2434 3615 4008 3687">
    <p class='ocr_par' dir='ltr' id='par_1_80' title="bbox 2434 3615 4008 3687">
     <span class='ocr_line' id='line_1_80' title="bbox 2434 3615 4008 3687; baseline 0.001 -19"><span class='ocrx_word' id='word_1_536' title='bbox 2434 3616 2533 3685; x_wconf 81' lang='grc' dir='ltr'>τὴν</span> <span class='ocrx_word' id='word_1_537' title='bbox 2562 3616 2720 3669; x_wconf 84' lang='grc' dir='ltr'>πόλιν</span> <span class='ocrx_word' id='word_1_538' title='bbox 2741 3616 2808 3669; x_wconf 84' lang='grc' dir='ltr'><strong>τά</strong></span> <span class='ocrx_word' id='word_1_539' title='bbox 2835 3615 3053 3686; x_wconf 82' lang='grc' dir='ltr'>λάφυρα</span> <span class='ocrx_word' id='word_1_540' title='bbox 3082 3616 3498 3686; x_wconf 80' lang='grc' dir='ltr'>ἐθριάμϐευσεν,</span> <span class='ocrx_word' id='word_1_541' title='bbox 3527 3618 3750 3671; x_wconf 69' lang='grc' dir='ltr'>ἱππικὸν</span> <span class='ocrx_word' id='word_1_542' title='bbox 3777 3620 4008 3687; x_wconf 80' lang='grc' dir='ltr'>ποιήσας</span> 
     </span>
    </p>
   </div>
   <div class='ocr_carea' id='block_1_81' title="bbox 2434 3706 4008 3785">
    <p class='ocr_par' dir='ltr' id='par_1_81' title="bbox 2434 3706 4008 3785">
     <span class='ocr_line' id='line_1_81' title="bbox 2434 3706 4008 3785; baseline 0.001 -24"><span class='ocrx_word' id='word_1_543' title='bbox 2434 3708 2529 3761; x_wconf 73' lang='grc' dir='ltr'>καὶ</span> <span class='ocrx_word' id='word_1_544' title='bbox 2557 3708 2620 3761; x_wconf 83' lang='grc' dir='ltr'><strong>τὸ</strong></span> <span class='ocrx_word' id='word_1_545' title='bbox 2656 3707 2873 3779; x_wconf 84' lang='grc' dir='ltr'>πρῶτον</span> <span class='ocrx_word' id='word_1_546' title='bbox 2905 3707 3057 3777; x_wconf 82' lang='grc' dir='ltr'>βαῖον</span> <span class='ocrx_word' id='word_1_547' title='bbox 3085 3706 3306 3771; x_wconf 70' lang='grc' dir='ltr'>παίξας,</span> <span class='ocrx_word' id='word_1_548' title='bbox 3327 3706 3537 3785; x_wconf 67' lang='grc' dir='ltr'>ᾇρματι</span> <span class='ocrx_word' id='word_1_549' title='bbox 3568 3709 3749 3777; x_wconf 81' lang='grc' dir='ltr'>λευκῷ</span> <span class='ocrx_word' id='word_1_550' title='bbox 3788 3710 3889 3776; x_wconf 73' lang='grc' dir='ltr'>μὲν</span> <span class='ocrx_word' id='word_1_551' title='bbox 3914 3712 4008 3762; x_wconf 79' lang='grc' dir='ltr'>ἐπ-</span> 
     </span>
    </p>
   </div>
   <div class='ocr_carea' id='block_1_82' title="bbox 2434 3798 4003 3870">
    <p class='ocr_par' dir='ltr' id='par_1_82' title="bbox 2434 3798 4003 3870">
     <span class='ocr_line' id='line_1_82' title="bbox 2434 3798 4003 3870; baseline 0.003 -20"><span class='ocrx_word' id='word_1_552' title='bbox 2434 3801 2797 3869; x_wconf 86' lang='grc' dir='ltr'>οχησάμενος,</span> <span class='ocrx_word' id='word_1_553' title='bbox 2825 3800 3080 3869; x_wconf 84' lang='grc' dir='ltr'>χρώματι</span> <span class='ocrx_word' id='word_1_554' title='bbox 3118 3800 3175 3852; x_wconf 86' lang='grc' dir='ltr'>δὲ</span> <span class='ocrx_word' id='word_1_555' title='bbox 3204 3800 3283 3869; x_wconf 81' lang='grc' dir='ltr'>τῷ</span> <span class='ocrx_word' id='word_1_556' title='bbox 3323 3798 3522 3869; x_wconf 85' lang='grc' dir='ltr'>βενέτῳ</span> <span class='ocrx_word' id='word_1_557' title='bbox 3563 3801 4003 3870; x_wconf 72' lang='grc' dir='ltr'>ἀμφιασάμενος,</span> 
     </span>
    </p>
   </div>
   <div class='ocr_carea' id='block_1_83' title="bbox 2434 3890 3973 3962">
    <p class='ocr_par' dir='ltr' id='par_1_83' title="bbox 2434 3890 3973 3962">
     <span class='ocr_line' id='line_1_83' title="bbox 2434 3890 3973 3962; baseline 0.002 -18"><span class='ocrx_word' id='word_1_558' title='bbox 2434 3896 2529 3945; x_wconf 73' lang='grc' dir='ltr'><strong>καὶ</strong></span> <span class='ocrx_word' id='word_1_559' title='bbox 2566 3893 2797 3962; x_wconf 83' lang='grc' dir='ltr'>νικήσας</span> <span class='ocrx_word' id='word_1_560' title='bbox 2845 3890 3218 3960; x_wconf 75' lang='grc' dir='ltr'>ἐστεφανώθη,</span> <span class='ocrx_word' id='word_1_561' title='bbox 3249 3892 3357 3945; x_wconf 89' lang='grc' dir='ltr'><strong>τῶν</strong></span> <span class='ocrx_word' id='word_1_562' title='bbox 3389 3891 3578 3961; x_wconf 85' lang='grc' dir='ltr'>δήμων</span> <span class='ocrx_word' id='word_1_563' title='bbox 3621 3892 3973 3947; x_wconf 71' lang='grc' dir='ltr'>ἐπιδοώντορν</span> 
     </span>
    </p>
   </div>
   <div class='ocr_carea' id='block_1_84' title="bbox 2433 3976 3635 4051">
    <p class='ocr_par' dir='ltr' id='par_1_84' title="bbox 2433 3976 3635 4051">
     <span class='ocr_line' id='line_1_84' title="bbox 2433 3976 3635 4051; baseline -0.001 -16"><span class='ocrx_word' id='word_1_564' title='bbox 2433 3980 2649 4047; x_wconf 75' lang='grc' dir='ltr'>Καλῶς</span> <span class='ocrx_word' id='word_1_565' title='bbox 2681 3976 2886 4050; x_wconf 73' lang='grc' dir='ltr'>ἦλθες,</span> <span class='ocrx_word' id='word_1_566' title='bbox 2917 3980 3243 4050; x_wconf 78' lang='grc' dir='ltr'>ἀσύγκριτε</span> <span class='ocrx_word' id='word_1_567' title='bbox 3272 3982 3635 4051; x_wconf 57' lang='lat' dir='ltr'><strong>(Fautorem.</strong></span> 
     </span>
    </p>
   </div>
   <div class='ocr_carea' id='block_1_85' title="bbox 2507 4160 4006 4234">
    <p class='ocr_par' dir='ltr' id='par_1_85' title="bbox 2507 4160 4006 4234">
     <span class='ocr_line' id='line_1_85' title="bbox 2507 4160 4006 4234; baseline 0.003 -20"><span class='ocrx_word' id='word_1_568' title='bbox 2507 4160 2589 4215; x_wconf 88' lang='grc' dir='ltr'><strong>ιε’.</strong></span> <span class='ocrx_word' id='word_1_569' title='bbox 2630 4160 2740 4213; x_wconf 82' lang='grc' dir='ltr'><strong>Τοῦ</strong></span> <span class='ocrx_word' id='word_1_570' title='bbox 2782 4161 2841 4214; x_wconf 82' lang='grc' dir='ltr'>δὲ</span> <span class='ocrx_word' id='word_1_571' title='bbox 2891 4160 3236 4234; x_wconf 85' lang='grc' dir='ltr'>πατριάρχου</span> <span class='ocrx_word' id='word_1_572' title='bbox 3263 4161 3549 4214; x_wconf 79' lang='grc' dir='ltr'>Ἀντωνίου</span> <span class='ocrx_word' id='word_1_573' title='bbox 3580 4162 4006 4233; x_wconf 77' lang='grc' dir='ltr'>τελευτήσαντος</span> 
     </span>
    </p>
   </div>
   <div class='ocr_carea' id='block_1_86' title="bbox 2432 4252 4006 4324">
    <p class='ocr_par' dir='ltr' id='par_1_86' title="bbox 2432 4252 4006 4324">
     <span class='ocr_line' id='line_1_86' title="bbox 2432 4252 4006 4324; baseline 0.001 -17"><span class='ocrx_word' id='word_1_574' title='bbox 2432 4254 2548 4307; x_wconf 87' lang='grc' dir='ltr'>ἀντ’</span> <span class='ocrx_word' id='word_1_575' title='bbox 2590 4252 2757 4307; x_wconf 84' lang='grc' dir='ltr'>αὐτοῦ</span> <span class='ocrx_word' id='word_1_576' title='bbox 2809 4255 3197 4324; x_wconf 80' lang='grc' dir='ltr'>χειροτονεῖται</span> <span class='ocrx_word' id='word_1_577' title='bbox 3238 4253 3489 4323; x_wconf 83' lang='grc' dir='ltr'>Ἰωάννης</span> <span class='ocrx_word' id='word_1_578' title='bbox 3524 4255 3552 4306; x_wconf 84' lang='grc' dir='ltr'>ὁ</span> <span class='ocrx_word' id='word_1_579' title='bbox 3593 4253 3916 4321; x_wconf 84' lang='grc' dir='ltr'>σύγκελλος,</span> <span class='ocrx_word' id='word_1_580' title='bbox 3944 4258 4006 4308; x_wconf 82' lang='grc' dir='ltr'><strong>ἶν’</strong></span> 
     </span>
    </p>
   </div>
   <div class='ocr_carea' id='block_1_87' title="bbox 2432 4344 4005 4415">
    <p class='ocr_par' dir='ltr' id='par_1_87' title="bbox 2432 4344 4005 4415">
     <span class='ocr_line' id='line_1_87' title="bbox 2432 4344 4005 4415; baseline 0.002 -18"><span class='ocrx_word' id='word_1_581' title='bbox 2432 4346 2570 4398; x_wconf 75' lang='grc' dir='ltr'>εἴπω</span> <span class='ocrx_word' id='word_1_582' title='bbox 2595 4346 2626 4398; x_wconf 85' lang='grc' dir='ltr'><strong>ὁ</strong></span> <span class='ocrx_word' id='word_1_583' title='bbox 2664 4344 2783 4407; x_wconf 82' lang='grc' dir='ltr'>νέος</span> <span class='ocrx_word' id='word_1_584' title='bbox 2837 4344 3043 4413; x_wconf 83' lang='grc' dir='ltr'>Ἰαννὴς</span> <span class='ocrx_word' id='word_1_585' title='bbox 3090 4344 3185 4396; x_wconf 76' lang='grc' dir='ltr'>καὶ</span> <span class='ocrx_word' id='word_1_586' title='bbox 3228 4344 3514 4415; x_wconf 78' lang='grc' dir='ltr'>Ζαμϐρὴς,</span> <span class='ocrx_word' id='word_1_587' title='bbox 3552 4345 3889 4415; x_wconf 75' lang='grc' dir='ltr'>βεϐοημὲνος</span> <span class='ocrx_word' id='word_1_588' title='bbox 3919 4350 4005 4400; x_wconf 79' lang='grc' dir='ltr'><strong>ἐπί</strong></span> 
     </span>
    </p>
   </div>
   <div class='ocr_carea' id='block_1_88' title="bbox 2432 4434 4001 4509">
    <p class='ocr_par' dir='ltr' id='par_1_88' title="bbox 2432 4434 4001 4509">
     <span class='ocr_line' id='line_1_88' title="bbox 2432 4434 4001 4509; baseline 0.002 -20"><span class='ocrx_word' id='word_1_589' title='bbox 2432 4453 2490 4489; x_wconf 87' lang='grc' dir='ltr'><strong>τε</strong></span> <span class='ocrx_word' id='word_1_590' title='bbox 2524 4436 2778 4505; x_wconf 78' lang='grc' dir='ltr'>μαγείαις</span> <span class='ocrx_word' id='word_1_591' title='bbox 2807 4435 2902 4487; x_wconf 81' lang='grc' dir='ltr'>καὶ</span> <span class='ocrx_word' id='word_1_592' title='bbox 2933 4434 3422 4505; x_wconf 87' lang='grc' dir='ltr'>λεκανομαντείαις</span> <span class='ocrx_word' id='word_1_593' title='bbox 3448 4439 3544 4489; x_wconf 78' lang='grc' dir='ltr'><strong>καὶ</strong></span> <span class='ocrx_word' id='word_1_594' title='bbox 3572 4438 3725 4509; x_wconf 78' lang='grc' dir='ltr'>πάσῃ</span> <span class='ocrx_word' id='word_1_595' title='bbox 3746 4438 4001 4509; x_wconf 71' lang='grc' dir='ltr'>ἀσεϐεία-</span> 
     </span>
    </p>
   </div>
   <div class='ocr_carea' id='block_1_89' title="bbox 763 4503 2335 4603">
    <p class='ocr_par' dir='ltr' id='par_1_89' title="bbox 763 4531 2317 4603">
     <span class='ocr_line' id='line_1_89' title="bbox 763 4531 2317 4603; baseline 0.005 -22"><span class='ocrx_word' id='word_1_596' title='bbox 763 4539 889 4583; x_wconf 79' lang='lat' dir='ltr'><strong>tale.</strong></span> <span class='ocrx_word' id='word_1_597' title='bbox 918 4532 967 4584; x_wconf 90' lang='lat' dir='ltr'><strong>ls</strong></span> <span class='ocrx_word' id='word_1_598' title='bbox 1010 4531 1269 4584; x_wconf 91' lang='lat' dir='ltr'><strong>nimirum</strong></span> <span class='ocrx_word' id='word_1_599' title='bbox 1303 4548 1565 4601; x_wconf 77' lang='lat' dir='ltr'><strong>organum</strong></span> <span class='ocrx_word' id='word_1_600' title='bbox 1609 4534 1867 4587; x_wconf 89' lang='lat' dir='ltr'><strong>idoneum</strong></span> <span class='ocrx_word' id='word_1_601' title='bbox 1912 4535 2053 4603; x_wconf 83' lang='lat' dir='ltr'><strong>ejus,</strong></span> <span class='ocrx_word' id='word_1_602' title='bbox 2089 4550 2198 4603; x_wconf 88' lang='lat' dir='ltr'><strong>quo</strong></span> <span class='ocrx_word' id='word_1_603' title='bbox 2226 4536 2317 4588; x_wconf 88' lang='lat' dir='ltr'><strong>im-</strong></span> 
     </span>
    </p>
   </div>
   <div class='ocr_carea' id='block_1_90' title="bbox 2438 4503 4004 4603">
    <p class='ocr_par' dir='ltr' id='par_1_90' title="bbox 2438 4503 4004 4599">
     <span class='ocr_line' id='line_1_90' title="bbox 2438 4503 4004 4599; baseline 0.001 -17"><span class='ocrx_word' id='word_1_604' title='bbox 2438 4530 2494 4590; x_wconf 78' lang='grc' dir='ltr'>ὃς</span> <span class='ocrx_word' id='word_1_605' title='bbox 2526 4503 2780 4599; x_wconf 14' lang='grc' dir='ltr'>ήδργανον</span> <span class='ocrx_word' id='word_1_606' title='bbox 2835 4503 3147 4595; x_wconf 79' lang='grc' dir='ltr'>ἐπιτήδειον</span> <span class='ocrx_word' id='word_1_607' title='bbox 3186 4528 3407 4596; x_wconf 81' lang='grc' dir='ltr'>εὑρεθὲν</span> <span class='ocrx_word' id='word_1_608' title='bbox 3458 4529 3555 4595; x_wconf 84' lang='grc' dir='ltr'>τῆς</span> <span class='ocrx_word' id='word_1_609' title='bbox 3595 4503 4004 4599; x_wconf 32' lang='grc' dir='ltr'>τοῦν-βασιλέας</span> 
     </span>
    </p>
   </div>
   <div class='ocr_carea' id='block_1_91' title="bbox 761 4623 2325 4696">
    <p class='ocr_par' dir='ltr' id='par_1_91' title="bbox 761 4623 2325 4696">
     <span class='ocr_line' id='line_1_91' title="bbox 761 4623 2325 4696; baseline 0.006 -22"><span class='ocrx_word' id='word_1_610' title='bbox 761 4634 981 4689; x_wconf 75' lang='lat' dir='ltr'><strong>jerator</strong></span> <span class='ocrx_word' id='word_1_611' title='bbox 1008 4623 1315 4687; x_wconf 88' lang='lat' dir='ltr'><strong>laborabat,</strong></span> <span class='ocrx_word' id='word_1_612' title='bbox 1363 4626 1677 4693; x_wconf 84' lang='lat' dir='ltr'><strong>impietatis,</strong></span> <span class='ocrx_word' id='word_1_613' title='bbox 1722 4626 1888 4693; x_wconf 91' lang='lat' dir='ltr'><strong>inque</strong></span> <span class='ocrx_word' id='word_1_614' title='bbox 1920 4642 2033 4680; x_wconf 91' lang='lat' dir='ltr'><strong>rem</strong></span> <span class='ocrx_word' id='word_1_615' title='bbox 2069 4628 2325 4696; x_wconf 88' lang='lat' dir='ltr'><strong>impetus,</strong></span> 
     </span>
    </p>
   </div>
   <div class='ocr_carea' id='block_1_92' title="bbox 758 4713 2326 4787">
    <p class='ocr_par' dir='ltr' id='par_1_92' title="bbox 758 4713 2326 4787">
     <span class='ocr_line' id='line_1_92' title="bbox 758 4713 2326 4787; baseline 0.006 -24"><span class='ocrx_word' id='word_1_616' title='bbox 758 4714 942 4766; x_wconf 86' lang='lat' dir='ltr'><strong>omnia</strong></span> <span class='ocrx_word' id='word_1_617' title='bbox 972 4713 1048 4766; x_wconf 93' lang='lat' dir='ltr'><strong>illi</strong></span> <span class='ocrx_word' id='word_1_618' title='bbox 1079 4714 1146 4768; x_wconf 91' lang='lat' dir='ltr'><strong>ad</strong></span> <span class='ocrx_word' id='word_1_619' title='bbox 1174 4725 1386 4768; x_wconf 90' lang='lat' dir='ltr'><strong>eertum</strong></span> <span class='ocrx_word' id='word_1_620' title='bbox 1421 4716 1701 4769; x_wconf 88' lang='lat' dir='ltr'><strong>interitum</strong></span> <span class='ocrx_word' id='word_1_621' title='bbox 1736 4716 2024 4770; x_wconf 78' lang='lat' dir='ltr'><strong>emeiebat.</strong></span> <span class='ocrx_word' id='word_1_622' title='bbox 2057 4718 2134 4771; x_wconf 76' lang='lat' dir='ltr'><strong>Ac</strong></span> <span class='ocrx_word' id='word_1_623' title='bbox 2164 4734 2326 4787; x_wconf 92' lang='lat' dir='ltr'><strong>quem</strong></span> 
     </span>
    </p>
   </div>
   <div class='ocr_carea' id='block_1_93' title="bbox 761 4805 2330 4876">
    <p class='ocr_par' dir='ltr' id='par_1_93' title="bbox 761 4805 2330 4876">
     <span class='ocr_line' id='line_1_93' title="bbox 761 4805 2330 4876; baseline 0.004 -22"><span class='ocrx_word' id='word_1_624' title='bbox 761 4805 1102 4870; x_wconf 76' lang='lat' dir='ltr'><strong>parturiehat</strong></span> <span class='ocrx_word' id='word_1_625' title='bbox 1136 4805 1381 4873; x_wconf 89' lang='lat' dir='ltr'><strong>quidem,</strong></span> <span class='ocrx_word' id='word_1_626' title='bbox 1435 4806 1753 4859; x_wconf 84' lang='lat' dir='ltr'><strong>continebat</strong></span> <span class='ocrx_word' id='word_1_627' title='bbox 1804 4815 1983 4861; x_wconf 90' lang='lat' dir='ltr'><strong>tamen</strong></span> <span class='ocrx_word' id='word_1_628' title='bbox 2032 4807 2330 4876; x_wconf 90' lang='lat' dir='ltr'><strong>impietatis</strong></span> 
     </span>
    </p>
   </div>
   <div class='ocr_carea' id='block_1_94' title="bbox 762 4895 2329 4968">
    <p class='ocr_par' dir='ltr' id='par_1_94' title="bbox 762 4895 2329 4968">
     <span class='ocr_line' id='line_1_94' title="bbox 762 4895 2329 4968; baseline 0.005 -23"><span class='ocrx_word' id='word_1_629' title='bbox 762 4896 1033 4963; x_wconf 66' lang='lat' dir='ltr'><strong>regulum,</strong></span> <span class='ocrx_word' id='word_1_630' title='bbox 1051 4895 1347 4963; x_wconf 83' lang='lat' dir='ltr'><strong>imperator</strong></span> <span class='ocrx_word' id='word_1_631' title='bbox 1366 4896 1542 4949; x_wconf 88' lang='lat' dir='ltr'><strong>edidit</strong></span> <span class='ocrx_word' id='word_1_632' title='bbox 1568 4897 1908 4967; x_wconf 88' lang='lat' dir='ltr'><strong>peperitque,</strong></span> <span class='ocrx_word' id='word_1_633' title='bbox 1930 4898 2129 4968; x_wconf 88' lang='lat' dir='ltr'><strong>jubens</strong></span> <span class='ocrx_word' id='word_1_634' title='bbox 2148 4914 2329 4953; x_wconf 90' lang='lat' dir='ltr'><strong>sacras</strong></span> 
     </span>
    </p>
   </div>
   <div class='ocr_carea' id='block_1_95' title="bbox 762 4986 1647 5055">
    <p class='ocr_par' dir='ltr' id='par_1_95' title="bbox 762 4986 1647 5055">
     <span class='ocr_line' id='line_1_95' title="bbox 762 4986 1647 5055; baseline 0.005 -18"><span class='ocrx_word' id='word_1_635' title='bbox 762 4986 1030 5055; x_wconf 78' lang='lat' dir='ltr'><strong>imagines</strong></span> <span class='ocrx_word' id='word_1_636' title='bbox 1066 4988 1261 5051; x_wconf 91' lang='lat' dir='ltr'><strong>oblini,</strong></span> <span class='ocrx_word' id='word_1_637' title='bbox 1292 5003 1385 5040; x_wconf 90' lang='lat' dir='ltr'><strong>seu</strong></span> <span class='ocrx_word' id='word_1_638' title='bbox 1420 4988 1647 5042; x_wconf 89' lang='lat' dir='ltr'><strong>aboleri.</strong></span> 
     </span>
    </p>
   </div>
   <div class='ocr_carea' id='block_1_96' title="bbox 837 5080 2327 5153">
    <p class='ocr_par' dir='ltr' id='par_1_96' title="bbox 837 5080 2327 5153">
     <span class='ocr_line' id='line_1_96' title="bbox 837 5080 2327 5153; baseline 0.005 -23"><span class='ocrx_word' id='word_1_639' title='bbox 837 5080 922 5131; x_wconf 74' lang='lat' dir='ltr'><strong>Hi.</strong></span> <span class='ocrx_word' id='word_1_640' title='bbox 955 5081 1053 5135; x_wconf 87' lang='lat' dir='ltr'><strong>llic</strong></span> <span class='ocrx_word' id='word_1_641' title='bbox 1082 5081 1286 5136; x_wconf 81' lang='lat' dir='ltr'><strong>Jannes</strong></span> <span class='ocrx_word' id='word_1_642' title='bbox 1305 5092 1584 5136; x_wconf 77' lang='lat' dir='ltr'><strong>exstructa</strong></span> <span class='ocrx_word' id='word_1_643' title='bbox 1614 5083 1667 5135; x_wconf 88' lang='lat' dir='ltr'><strong>in</strong></span> <span class='ocrx_word' id='word_1_644' title='bbox 1700 5082 1850 5137; x_wconf 86' lang='lat' dir='ltr'><strong>urbis</strong></span> <span class='ocrx_word' id='word_1_645' title='bbox 1868 5083 2068 5137; x_wconf 88' lang='lat' dir='ltr'><strong>vicinia</strong></span> <span class='ocrx_word' id='word_1_646' title='bbox 2097 5098 2162 5137; x_wconf 80' lang='lat' dir='ltr'><strong>ex</strong></span> <span class='ocrx_word' id='word_1_647' title='bbox 2192 5100 2327 5153; x_wconf 86' lang='lat' dir='ltr'><strong>qua-</strong></span> 
     </span>
    </p>
   </div>
   <div class='ocr_carea' id='block_1_97' title="bbox 762 5172 2327 5245">
    <p class='ocr_par' dir='ltr' id='par_1_97' title="bbox 762 5172 2327 5245">
     <span class='ocr_line' id='line_1_97' title="bbox 762 5172 2327 5245; baseline 0.004 -22"><span class='ocrx_word' id='word_1_648' title='bbox 762 5172 919 5225; x_wconf 86' lang='lat' dir='ltr'><strong>drato</strong></span> <span class='ocrx_word' id='word_1_649' title='bbox 950 5173 1127 5241; x_wconf 87' lang='lat' dir='ltr'><strong>lapide</strong></span> <span class='ocrx_word' id='word_1_650' title='bbox 1178 5174 1408 5228; x_wconf 64' lang='lat' dir='ltr'><strong>aedicula</strong></span> <span class='ocrx_word' id='word_1_651' title='bbox 1447 5174 1696 5244; x_wconf 87' lang='lat' dir='ltr'><strong>(Trullus</strong></span> <span class='ocrx_word' id='word_1_652' title='bbox 1746 5175 2017 5245; x_wconf 89' lang='lat' dir='ltr'><strong>hodieque</strong></span> <span class='ocrx_word' id='word_1_653' title='bbox 2056 5179 2327 5245; x_wconf 87' lang='lat' dir='ltr'><strong>vocatur),</strong></span> 
     </span>
    </p>
   </div>
   <div class='ocr_carea' id='block_1_98' title="bbox 764 5263 2330 5336">
    <p class='ocr_par' dir='ltr' id='par_1_98' title="bbox 764 5263 2330 5336">
     <span class='ocr_line' id='line_1_98' title="bbox 764 5263 2330 5336; baseline 0.003 -20"><span class='ocrx_word' id='word_1_654' title='bbox 764 5263 1046 5317; x_wconf 82' lang='lat' dir='ltr'><strong>sacriﬁciis</strong></span> <span class='ocrx_word' id='word_1_655' title='bbox 1076 5280 1198 5318; x_wconf 91' lang='lat' dir='ltr'><strong>cum</strong></span> <span class='ocrx_word' id='word_1_656' title='bbox 1233 5266 1575 5319; x_wconf 65' lang='lat' dir='ltr'><strong>darmonibus</strong></span> <span class='ocrx_word' id='word_1_657' title='bbox 1618 5281 1984 5321; x_wconf 89' lang='lat' dir='ltr'><strong>eonsuescens</strong></span> <span class='ocrx_word' id='word_1_658' title='bbox 2015 5268 2330 5336; x_wconf 88' lang='lat' dir='ltr'><strong>imperatori</strong></span> 
     </span>
    </p>
   </div>
   <div class='ocr_carea' id='block_1_99' title="bbox 765 5355 2333 5413">
    <p class='ocr_par' dir='ltr' id='par_1_99' title="bbox 765 5355 2333 5413">
     <span class='ocr_line' id='line_1_99' title="bbox 765 5355 2333 5413; baseline -0.001 0"><span class='ocrx_word' id='word_1_659' title='bbox 765 5371 884 5413; x_wconf 55' lang='lat' dir='ltr'><strong>una:</strong></span> <span class='ocrx_word' id='word_1_660' title='bbox 935 5355 1119 5410; x_wconf 76' lang='lat' dir='ltr'><strong>futura</strong></span> <span class='ocrx_word' id='word_1_661' title='bbox 1166 5368 1347 5411; x_wconf 87' lang='lat' dir='ltr'><strong>essent</strong></span> <span class='ocrx_word' id='word_1_662' title='bbox 1397 5358 1777 5413; x_wconf 88' lang='lat' dir='ltr'><strong>denuntiabat.</strong></span> <span class='ocrx_word' id='word_1_663' title='bbox 1830 5358 2145 5413; x_wconf 79' lang='lat' dir='ltr'><strong>Manserunt</strong></span> <span class='ocrx_word' id='word_1_664' title='bbox 2188 5358 2333 5413; x_wconf 64' lang='lat' dir='ltr'><strong>aedes</strong></span> 
     </span>
    </p>
   </div>
   <div class='ocr_carea' id='block_1_100' title="bbox 767 5446 2329 5519">
    <p class='ocr_par' dir='ltr' id='par_1_100' title="bbox 767 5446 2329 5519">
     <span class='ocr_line' id='line_1_100' title="bbox 767 5446 2329 5519; baseline 0.003 -20"><span class='ocrx_word' id='word_1_665' title='bbox 767 5447 871 5500; x_wconf 74' lang='lat' dir='ltr'><strong>tilze</strong></span> <span class='ocrx_word' id='word_1_666' title='bbox 918 5446 1209 5517; x_wconf 79' lang='lat' dir='ltr'><strong>inhospita:</strong></span> <span class='ocrx_word' id='word_1_667' title='bbox 1246 5449 1316 5502; x_wconf 87' lang='lat' dir='ltr'><strong>ob</strong></span> <span class='ocrx_word' id='word_1_668' title='bbox 1351 5448 1658 5503; x_wconf 74' lang='lat' dir='ltr'><strong>dmmonum</strong></span> <span class='ocrx_word' id='word_1_669' title='bbox 1684 5464 1780 5518; x_wconf 90' lang='lat' dir='ltr'><strong>per</strong></span> <span class='ocrx_word' id='word_1_670' title='bbox 1823 5450 1937 5503; x_wconf 72' lang='lat' dir='ltr'><strong>hmc</strong></span> <span class='ocrx_word' id='word_1_671' title='bbox 1987 5457 2230 5519; x_wconf 88' lang='lat' dir='ltr'><strong>tempora</strong></span> <span class='ocrx_word' id='word_1_672' title='bbox 2275 5450 2329 5503; x_wconf 91' lang='lat' dir='ltr'><strong>in</strong></span> 
     </span>
    </p>
   </div>
   <div class='ocr_carea' id='block_1_101' title="bbox 768 5537 1309 5606">
    <p class='ocr_par' dir='ltr' id='par_1_101' title="bbox 768 5537 1309 5606">
     <span class='ocr_line' id='line_1_101' title="bbox 768 5537 1309 5606; baseline -0.002 -14"><span class='ocrx_word' id='word_1_673' title='bbox 768 5537 880 5592; x_wconf 86' lang='lat' dir='ltr'><strong>illis</strong></span> <span class='ocrx_word' id='word_1_674' title='bbox 918 5539 1309 5606; x_wconf 83' lang='lat' dir='ltr'><strong>frequentium.</strong></span> 
     </span>
    </p>
   </div>
   <div class='ocr_carea' id='block_1_102' title="bbox 837 5629 2330 5699">
    <p class='ocr_par' dir='ltr' id='par_1_102' title="bbox 837 5629 2330 5699">
     <span class='ocr_line' id='line_1_102' title="bbox 837 5629 2330 5699; baseline 0.003 -17"><span class='ocrx_word' id='word_1_675' title='bbox 837 5629 921 5682; x_wconf 84' lang='lat' dir='ltr'><strong>l7.</strong></span> <span class='ocrx_word' id='word_1_676' title='bbox 964 5630 1261 5698; x_wconf 70' lang='lat' dir='ltr'><strong>Propterea</strong></span> <span class='ocrx_word' id='word_1_677' title='bbox 1293 5629 1601 5699; x_wconf 86' lang='lat' dir='ltr'><strong>adjutorem</strong></span> <span class='ocrx_word' id='word_1_678' title='bbox 1632 5632 1781 5687; x_wconf 85' lang='lat' dir='ltr'><strong>illum</strong></span> <span class='ocrx_word' id='word_1_679' title='bbox 1821 5642 1876 5686; x_wconf 95' lang='lat' dir='ltr'><strong>ct</strong></span> <span class='ocrx_word' id='word_1_680' title='bbox 1909 5632 2188 5687; x_wconf 90' lang='lat' dir='ltr'><strong>conscium</strong></span> <span class='ocrx_word' id='word_1_681' title='bbox 2218 5647 2330 5687; x_wconf 79' lang='lat' dir='ltr'><strong>sua:</strong></span> 
     </span>
    </p>
   </div>
   <div class='ocr_carea' id='block_1_103' title="bbox 764 5721 2325 5792">
    <p class='ocr_par' dir='ltr' id='par_1_103' title="bbox 764 5721 2325 5792">
     <span class='ocr_line' id='line_1_103' title="bbox 764 5721 2325 5792; baseline 0.002 -18"><span class='ocrx_word' id='word_1_682' title='bbox 764 5721 1039 5775; x_wconf 59' lang='lat' dir='ltr'><strong>hereseos</strong></span> <span class='ocrx_word' id='word_1_683' title='bbox 1074 5722 1280 5775; x_wconf 82' lang='lat' dir='ltr'><strong>habens</strong></span> <span class='ocrx_word' id='word_1_684' title='bbox 1309 5722 1668 5792; x_wconf 71' lang='lat' dir='ltr'><strong>Theophilus,</strong></span> <span class='ocrx_word' id='word_1_685' title='bbox 1706 5726 1843 5778; x_wconf 90' lang='lat' dir='ltr'><strong>alter</strong></span> <span class='ocrx_word' id='word_1_686' title='bbox 1873 5724 1962 5777; x_wconf 90' lang='lat' dir='ltr'><strong>ille</strong></span> <span class='ocrx_word' id='word_1_687' title='bbox 1992 5724 2325 5786; x_wconf 88' lang='lat' dir='ltr'><strong>Nectancbo,</strong></span> 
     </span>
    </p>
   </div>
   <div class='ocr_carea' id='block_1_104' title="bbox 765 5813 2325 5885">
    <p class='ocr_par' dir='ltr' id='par_1_104' title="bbox 765 5813 2325 5885">
     <span class='ocr_line' id='line_1_104' title="bbox 765 5813 2325 5885; baseline -0.001 -16"><span class='ocrx_word' id='word_1_688' title='bbox 765 5832 890 5869; x_wconf 87' lang='lat' dir='ltr'><strong>eum</strong></span> <span class='ocrx_word' id='word_1_689' title='bbox 936 5829 1101 5885; x_wconf 87' lang='lat' dir='ltr'><strong>quem</strong></span> <span class='ocrx_word' id='word_1_690' title='bbox 1146 5813 1393 5869; x_wconf 81' lang='lat' dir='ltr'><strong>dicebant</strong></span> <span class='ocrx_word' id='word_1_691' title='bbox 1431 5815 1715 5879; x_wconf 82' lang='lat' dir='ltr'><strong>Joannem,</strong></span> <span class='ocrx_word' id='word_1_692' title='bbox 1773 5814 2018 5885; x_wconf 81' lang='lat' dir='ltr'><strong>quinimo</strong></span> <span class='ocrx_word' id='word_1_693' title='bbox 2077 5816 2325 5882; x_wconf 80' lang='lat' dir='ltr'><strong>Jamtcm,</strong></span> 
     </span>
    </p>
   </div>
   <div class='ocr_carea' id='block_1_105' title="bbox 2433 4618 4006 4689">
    <p class='ocr_par' dir='ltr' id='par_1_105' title="bbox 2433 4618 4006 4689">
     <span class='ocr_line' id='line_1_105' title="bbox 2433 4618 4006 4689; baseline 0.002 -16"><span class='ocrx_word' id='word_1_694' title='bbox 2433 4620 2689 4683; x_wconf 70' lang='grc' dir='ltr'>ἀσεὸείας</span> <span class='ocrx_word' id='word_1_695' title='bbox 2729 4636 2789 4673; x_wconf 86' lang='grc' dir='ltr'><strong>τε</strong></span> <span class='ocrx_word' id='word_1_696' title='bbox 2823 4620 2918 4672; x_wconf 79' lang='grc' dir='ltr'><strong>καὶ</strong></span> <span class='ocrx_word' id='word_1_697' title='bbox 2962 4618 3136 4689; x_wconf 79' lang='grc' dir='ltr'>ῥοπῆς</span> <span class='ocrx_word' id='word_1_698' title='bbox 3165 4618 3315 4688; x_wconf 83' lang='grc' dir='ltr'>αὐτῷ</span> <span class='ocrx_word' id='word_1_699' title='bbox 3345 4618 3523 4673; x_wconf 78' lang='grc' dir='ltr'>πάντα</span> <span class='ocrx_word' id='word_1_700' title='bbox 3560 4621 3697 4687; x_wconf 83' lang='grc' dir='ltr'>πρὸς</span> <span class='ocrx_word' id='word_1_701' title='bbox 3730 4622 4006 4676; x_wconf 79' lang='grc' dir='ltr'>ἀπώλειαν</span> 
     </span>
    </p>
   </div>
   <div class='ocr_carea' id='block_1_106' title="bbox 2434 4708 4006 4782">
    <p class='ocr_par' dir='ltr' id='par_1_106' title="bbox 2434 4708 4006 4782">
     <span class='ocr_line' id='line_1_106' title="bbox 2434 4708 4006 4782; baseline 0.004 -19"><span class='ocrx_word' id='word_1_702' title='bbox 2434 4710 2733 4781; x_wconf 79' lang='grc' dir='ltr'>εἰργάζετο.</span> <span class='ocrx_word' id='word_1_703' title='bbox 2770 4711 2879 4763; x_wconf 74' lang='grc' dir='ltr'><strong>Καὶ</strong></span> <span class='ocrx_word' id='word_1_704' title='bbox 2905 4710 2965 4765; x_wconf 83' lang='grc' dir='ltr'>ὃν</span> <span class='ocrx_word' id='word_1_705' title='bbox 2994 4708 3149 4763; x_wconf 85' lang='grc' dir='ltr'>ῶδινε</span> <span class='ocrx_word' id='word_1_706' title='bbox 3190 4710 3311 4778; x_wconf 84' lang='grc' dir='ltr'>μὲν,</span> <span class='ocrx_word' id='word_1_707' title='bbox 3344 4712 3560 4780; x_wconf 84' lang='grc' dir='ltr'>κατεῖχε</span> <span class='ocrx_word' id='word_1_708' title='bbox 3590 4712 3645 4764; x_wconf 76' lang='grc' dir='ltr'>δὲ</span> <span class='ocrx_word' id='word_1_709' title='bbox 3694 4712 4006 4782; x_wconf 60' lang='grc' dir='ltr'>βασιλίσκω</span> 
     </span>
    </p>
   </div>
   <div class='ocr_carea' id='block_1_107' title="bbox 2434 4800 4007 4873">
    <p class='ocr_par' dir='ltr' id='par_1_107' title="bbox 2434 4800 4007 4873">
     <span class='ocr_line' id='line_1_107' title="bbox 2434 4800 4007 4873; baseline 0.004 -20"><span class='ocrx_word' id='word_1_710' title='bbox 2434 4802 2534 4870; x_wconf 82' lang='grc' dir='ltr'>τῆς</span> <span class='ocrx_word' id='word_1_711' title='bbox 2562 4801 2836 4865; x_wconf 77' lang='grc' dir='ltr'>ἀσεϐείας,</span> <span class='ocrx_word' id='word_1_712' title='bbox 2861 4803 2890 4854; x_wconf 85' lang='grc' dir='ltr'>ὁ</span> <span class='ocrx_word' id='word_1_713' title='bbox 2910 4800 3162 4870; x_wconf 85' lang='grc' dir='ltr'>βασιλεὺς</span> <span class='ocrx_word' id='word_1_714' title='bbox 3190 4800 3449 4873; x_wconf 67' lang='grc' dir='ltr'>ἐξέρρηξε</span> <span class='ocrx_word' id='word_1_715' title='bbox 3482 4803 3575 4854; x_wconf 72' lang='grc' dir='ltr'><strong>καὶ</strong></span> <span class='ocrx_word' id='word_1_716' title='bbox 3616 4802 3887 4866; x_wconf 80' lang='grc' dir='ltr'>ἀπέτεκε,</span> <span class='ocrx_word' id='word_1_717' title='bbox 3912 4808 4007 4868; x_wconf 80' lang='grc' dir='ltr'>τὰς</span> 
     </span>
    </p>
   </div>
   <div class='ocr_carea' id='block_1_108' title="bbox 2437 4892 4005 4968">
    <p class='ocr_par' dir='ltr' id='par_1_108' title="bbox 2437 4892 4005 4968">
     <span class='ocr_line' id='line_1_108' title="bbox 2437 4892 4005 4968; baseline 0.003 -22"><span class='ocrx_word' id='word_1_718' title='bbox 2437 4894 2599 4961; x_wconf 83' lang='grc' dir='ltr'>ἁγίας</span> <span class='ocrx_word' id='word_1_719' title='bbox 2642 4895 2855 4957; x_wconf 81' lang='grc' dir='ltr'>εἰκόνας</span> <span class='ocrx_word' id='word_1_720' title='bbox 2899 4892 3255 4965; x_wconf 84' lang='grc' dir='ltr'>ἀναχρίεσθαι</span> <span class='ocrx_word' id='word_1_721' title='bbox 3289 4892 3374 4965; x_wconf 78' lang='grc' dir='ltr'><strong>[Ρ.</strong></span> <span class='ocrx_word' id='word_1_722' title='bbox 3427 4893 3554 4966; x_wconf 74' lang='lat'><strong>520]</strong></span> <span class='ocrx_word' id='word_1_723' title='bbox 3604 4898 3923 4967; x_wconf 81' lang='grc' dir='ltr'>προστάξας</span> <span class='ocrx_word' id='word_1_724' title='bbox 3974 4900 4005 4968; x_wconf 81' lang='grc' dir='ltr'>ἦ</span> 
     </span>
    </p>
   </div>
   <div class='ocr_carea' id='block_1_109' title="bbox 2436 4982 2855 5049">
    <p class='ocr_par' dir='ltr' id='par_1_109' title="bbox 2436 4982 2855 5049">
     <span class='ocr_line' id='line_1_109' title="bbox 2436 4982 2855 5049; baseline 0.002 -14"><span class='ocrx_word' id='word_1_725' title='bbox 2436 4982 2855 5049; x_wconf 82' lang='grc' dir='ltr'>ἀπαλείφεσθαι.</span> 
     </span>
    </p>
   </div>
   <div class='ocr_carea' id='block_1_110' title="bbox 2510 5066 4007 5146">
    <p class='ocr_par' dir='ltr' id='par_1_110' title="bbox 2510 5066 4007 5146">
     <span class='ocr_line' id='line_1_110' title="bbox 2510 5066 4007 5146; baseline 0.006 -22"><span class='ocrx_word' id='word_1_726' title='bbox 2510 5078 2605 5136; x_wconf 80' lang='grc' dir='ltr'><strong>ις’.</strong></span> <span class='ocrx_word' id='word_1_727' title='bbox 2637 5066 2805 5134; x_wconf 74' lang='grc' dir='ltr'>Οὗτος</span> <span class='ocrx_word' id='word_1_728' title='bbox 2843 5074 2872 5125; x_wconf 86' lang='grc' dir='ltr'>ὁ</span> <span class='ocrx_word' id='word_1_729' title='bbox 2914 5070 3117 5140; x_wconf 83' lang='grc' dir='ltr'>Ἰαννὴς</span> <span class='ocrx_word' id='word_1_730' title='bbox 3163 5072 3270 5142; x_wconf 78' lang='grc' dir='ltr'>πρὸ</span> <span class='ocrx_word' id='word_1_731' title='bbox 3316 5073 3411 5126; x_wconf 76' lang='grc' dir='ltr'><strong>τοῦ</strong></span> <span class='ocrx_word' id='word_1_732' title='bbox 3451 5074 3643 5139; x_wconf 77' lang='grc' dir='ltr'>ἄστεος</span> <span class='ocrx_word' id='word_1_733' title='bbox 3687 5078 3900 5146; x_wconf 80' lang='grc' dir='ltr'>οῑκημα</span> <span class='ocrx_word' id='word_1_734' title='bbox 3948 5084 4007 5133; x_wconf 77' lang='grc' dir='ltr'><strong>ἐκ</strong></span> 
     </span>
    </p>
   </div>
   <div class='ocr_carea' id='block_1_111' title="bbox 2434 5163 4009 5239">
    <p class='ocr_par' dir='ltr' id='par_1_111' title="bbox 2434 5163 4009 5239">
     <span class='ocr_line' id='line_1_111' title="bbox 2434 5163 4009 5239; baseline 0.004 -23"><span class='ocrx_word' id='word_1_735' title='bbox 2434 5164 2597 5218; x_wconf 85' lang='grc' dir='ltr'>λίθων</span> <span class='ocrx_word' id='word_1_736' title='bbox 2620 5163 2892 5228; x_wconf 80' lang='grc' dir='ltr'>λαξευτῶν</span> <span class='ocrx_word' id='word_1_737' title='bbox 2922 5165 3361 5230; x_wconf 82' lang='grc' dir='ltr'>κατασκευάσας,</span> <span class='ocrx_word' id='word_1_738' title='bbox 3389 5165 3417 5216; x_wconf 79' lang='grc' dir='ltr'><strong>ὃ</strong></span> <span class='ocrx_word' id='word_1_739' title='bbox 3450 5166 3688 5235; x_wconf 82' lang='grc' dir='ltr'>Τροῦλος</span> <span class='ocrx_word' id='word_1_740' title='bbox 3721 5170 3889 5239; x_wconf 81' lang='grc' dir='ltr'>μέχρι</span> <span class='ocrx_word' id='word_1_741' title='bbox 3916 5172 4009 5224; x_wconf 73' lang='grc' dir='ltr'>νῦν</span> 
     </span>
    </p>
   </div>
   <div class='ocr_carea' id='block_1_112' title="bbox 2435 5255 4007 5331">
    <p class='ocr_par' dir='ltr' id='par_1_112' title="bbox 2435 5255 4007 5331">
     <span class='ocr_line' id='line_1_112' title="bbox 2435 5255 4007 5331; baseline 0.004 -22"><span class='ocrx_word' id='word_1_742' title='bbox 2435 5255 2781 5325; x_wconf 78' lang='grc' dir='ltr'>ὀνομάζεται,</span> <span class='ocrx_word' id='word_1_743' title='bbox 2823 5256 2910 5308; x_wconf 78' lang='grc' dir='ltr'><strong>διά</strong></span> <span class='ocrx_word' id='word_1_744' title='bbox 2942 5273 3104 5309; x_wconf 88' lang='grc' dir='ltr'>τινων</span> <span class='ocrx_word' id='word_1_745' title='bbox 3139 5255 3341 5309; x_wconf 84' lang='grc' dir='ltr'>θυσιῶν</span> <span class='ocrx_word' id='word_1_746' title='bbox 3383 5257 3580 5325; x_wconf 85' lang='grc' dir='ltr'>ὡμίλει</span> <span class='ocrx_word' id='word_1_747' title='bbox 3638 5262 3755 5320; x_wconf 76' lang='grc' dir='ltr'>τοῖς</span> <span class='ocrx_word' id='word_1_748' title='bbox 3787 5262 4007 5331; x_wconf 87' lang='grc' dir='ltr'>δαίμοσι</span> 
     </span>
    </p>
   </div>
   <div class='ocr_carea' id='block_1_113' title="bbox 2437 5346 4007 5421">
    <p class='ocr_par' dir='ltr' id='par_1_113' title="bbox 2437 5346 4007 5421">
     <span class='ocr_line' id='line_1_113' title="bbox 2437 5346 4007 5421; baseline 0.004 -23"><span class='ocrx_word' id='word_1_749' title='bbox 2437 5348 2531 5398; x_wconf 77' lang='grc' dir='ltr'>καὶ</span> <span class='ocrx_word' id='word_1_750' title='bbox 2561 5346 2638 5415; x_wconf 82' lang='grc' dir='ltr'>τῷ</span> <span class='ocrx_word' id='word_1_751' title='bbox 2667 5346 2876 5415; x_wconf 86' lang='grc' dir='ltr'>βασιλεί</span> <span class='ocrx_word' id='word_1_752' title='bbox 2905 5346 2974 5399; x_wconf 84' lang='grc' dir='ltr'><strong>τὰ</strong></span> <span class='ocrx_word' id='word_1_753' title='bbox 3003 5347 3263 5415; x_wconf 83' lang='grc' dir='ltr'>μέλλοντα</span> <span class='ocrx_word' id='word_1_754' title='bbox 3306 5347 3676 5417; x_wconf 85' lang='grc' dir='ltr'>διεσήμαινεν.</span> <span class='ocrx_word' id='word_1_755' title='bbox 3716 5353 3784 5403; x_wconf 84' lang='grc'><strong>’0</strong></span> <span class='ocrx_word' id='word_1_756' title='bbox 3818 5353 3883 5421; x_wconf 79' lang='grc' dir='ltr'><strong>δή</strong></span> <span class='ocrx_word' id='word_1_757' title='bbox 3915 5356 4007 5405; x_wconf 70' lang='grc' dir='ltr'>καὶ</span> 
     </span>
    </p>
   </div>
   <div class='ocr_carea' id='block_1_114' title="bbox 2439 5438 4006 5513">
    <p class='ocr_par' dir='ltr' id='par_1_114' title="bbox 2439 5438 4006 5513">
     <span class='ocr_line' id='line_1_114' title="bbox 2439 5438 4006 5513; baseline 0.006 -23"><span class='ocrx_word' id='word_1_758' title='bbox 2439 5438 2724 5507; x_wconf 71' lang='grc' dir='ltr'>ἁνοίκητον</span> <span class='ocrx_word' id='word_1_759' title='bbox 2757 5439 2972 5508; x_wconf 79' lang='grc' dir='ltr'>ἔμεινεν</span> <span class='ocrx_word' id='word_1_760' title='bbox 3003 5439 3091 5492; x_wconf 73' lang='grc' dir='ltr'>διὰ</span> <span class='ocrx_word' id='word_1_761' title='bbox 3122 5439 3220 5501; x_wconf 77' lang='grc' dir='ltr'>τὰς</span> <span class='ocrx_word' id='word_1_762' title='bbox 3269 5441 3325 5492; x_wconf 86' lang='grc' dir='ltr'>ὲν</span> <span class='ocrx_word' id='word_1_763' title='bbox 3363 5440 3513 5510; x_wconf 73' lang='grc' dir='ltr'>αὐτῷ</span> <span class='ocrx_word' id='word_1_764' title='bbox 3540 5445 3842 5513; x_wconf 79' lang='grc' dir='ltr'>γενομένας</span> <span class='ocrx_word' id='word_1_765' title='bbox 3887 5449 4006 5499; x_wconf 72' lang='grc' dir='ltr'>τότε</span> 
     </span>
    </p>
   </div>
   <div class='ocr_carea' id='block_1_115' title="bbox 2436 5528 3259 5600">
    <p class='ocr_par' dir='ltr' id='par_1_115' title="bbox 2436 5528 3259 5600">
     <span class='ocr_line' id='line_1_115' title="bbox 2436 5528 3259 5600; baseline 0.005 -19"><span class='ocrx_word' id='word_1_766' title='bbox 2436 5528 2545 5582; x_wconf 85' lang='grc' dir='ltr'><strong>τῶν</strong></span> <span class='ocrx_word' id='word_1_767' title='bbox 2572 5530 2840 5598; x_wconf 73' lang='grc' dir='ltr'>δαιμόνων</span> <span class='ocrx_word' id='word_1_768' title='bbox 2869 5531 3259 5600; x_wconf 83' lang='grc' dir='ltr'>ἐπιφοιτήσεις.</span> 
     </span>
    </p>
   </div>
   <div class='ocr_carea' id='block_1_116' title="bbox 2512 5624 4004 5698">
    <p class='ocr_par' dir='ltr' id='par_1_116' title="bbox 2512 5624 4004 5698">
     <span class='ocr_line' id='line_1_116' title="bbox 2512 5624 4004 5698; baseline 0.003 -22"><span class='ocrx_word' id='word_1_769' title='bbox 2512 5643 2601 5693; x_wconf 82' lang='grc' dir='ltr'><strong>ιη.</strong></span> <span class='ocrx_word' id='word_1_770' title='bbox 2657 5626 2755 5677; x_wconf 77' lang='grc' dir='ltr'>Διὰ</span> <span class='ocrx_word' id='word_1_771' title='bbox 2807 5624 2964 5676; x_wconf 80' lang='grc' dir='ltr'>τοῦτο</span> <span class='ocrx_word' id='word_1_772' title='bbox 3015 5624 3304 5695; x_wconf 82' lang='grc' dir='ltr'>σύμμαχον</span> <span class='ocrx_word' id='word_1_773' title='bbox 3346 5625 3534 5678; x_wconf 83' lang='grc' dir='ltr'>τοῦτον</span> <span class='ocrx_word' id='word_1_774' title='bbox 3575 5628 3669 5679; x_wconf 70' lang='grc' dir='ltr'><strong>καὶ</strong></span> <span class='ocrx_word' id='word_1_775' title='bbox 3717 5629 4004 5698; x_wconf 77' lang='grc' dir='ltr'>συνίστορα</span> 
     </span>
    </p>
   </div>
   <div class='ocr_carea' id='block_1_117' title="bbox 2436 5715 4004 5791">
    <p class='ocr_par' dir='ltr' id='par_1_117' title="bbox 2436 5715 4004 5791">
     <span class='ocr_line' id='line_1_117' title="bbox 2436 5715 4004 5791; baseline 0.004 -23"><span class='ocrx_word' id='word_1_776' title='bbox 2436 5717 2573 5785; x_wconf 80' lang='grc' dir='ltr'>ἔχων</span> <span class='ocrx_word' id='word_1_777' title='bbox 2598 5715 2855 5782; x_wconf 60' lang='grc' dir='ltr'>θεόφιλος</span> <span class='ocrx_word' id='word_1_778' title='bbox 2901 5717 2998 5786; x_wconf 81' lang='grc' dir='ltr'><strong>τῆς</strong></span> <span class='ocrx_word' id='word_1_779' title='bbox 3039 5716 3203 5769; x_wconf 76' lang='grc' dir='ltr'>αὐτοῦ</span> <span class='ocrx_word' id='word_1_780' title='bbox 3248 5717 3530 5787; x_wconf 78' lang='grc' dir='ltr'>αἱρέσεως,</span> <span class='ocrx_word' id='word_1_781' title='bbox 3562 5720 3591 5770; x_wconf 79' lang='grc' dir='ltr'>ὁ</span> <span class='ocrx_word' id='word_1_782' title='bbox 3622 5719 3875 5791; x_wconf 73' lang='grc' dir='ltr'>δεύτερος</span> <span class='ocrx_word' id='word_1_783' title='bbox 3904 5723 4004 5775; x_wconf 79' lang='grc' dir='ltr'><strong>Νε-</strong></span> 
     </span>
    </p>
   </div>
   <div class='ocr_carea' id='block_1_118' title="bbox 2436 5811 3999 5888">
    <p class='ocr_par' dir='ltr' id='par_1_118' title="bbox 2436 5811 3999 5888">
     <span class='ocr_line' id='line_1_118' title="bbox 2436 5811 3999 5888; baseline 0.001 -21"><span class='ocrx_word' id='word_1_784' title='bbox 2436 5814 2680 5869; x_wconf 75' lang='grc' dir='ltr'>κτεναὸῶ</span> <span class='ocrx_word' id='word_1_785' title='bbox 2726 5814 2814 5867; x_wconf 75' lang='grc' dir='ltr'><strong>τὸν</strong></span> <span class='ocrx_word' id='word_1_786' title='bbox 2849 5812 3081 5884; x_wconf 73' lang='grc' dir='ltr'>ῥηθέντα</span> <span class='ocrx_word' id='word_1_787' title='bbox 3123 5811 3406 5881; x_wconf 82' lang='grc' dir='ltr'>Ἰωάννην,</span> <span class='ocrx_word' id='word_1_788' title='bbox 3452 5812 3647 5879; x_wconf 78' lang='grc' dir='ltr'>μᾶλλον</span> <span class='ocrx_word' id='word_1_789' title='bbox 3680 5813 3736 5867; x_wconf 81' lang='grc' dir='ltr'>δὲ</span> <span class='ocrx_word' id='word_1_790' title='bbox 3772 5815 3999 5888; x_wconf 73' lang='grc' dir='ltr'>Ἰαννὴν,</span> 
     </span>
    </p>
   </div>
  </div>
