4158 6438
91 399 185 463 861

1194 387 1388 448 ΥΙἹῚΕ
1427 384 1976 444 ΗΕΩΙΞΝΊῚΟΠΠΜ
2013 385 2216 444 ῘΜΡΡ.

3247 385 3354 446 8ὓὲ

79 505 165 557 τὸν
196 501 549 573 πατριὰρχην
585 500 616 570 ἢ
680 496 1054 568 μανὸριὰρχην
1085 496 1152 558 ’⁷,
1196 496 1287 548 τὸν
1327 493 1446 545 νέον
1491 491 1658 552 ὅντως

1772 490 2142 557 patriar-chain
2193 491 2346 544 illum
2375 501 2432 545 et
2484 490 2949 556 mandriarcham,
2977 506 3180 546 novum
3227 507 3357 546 vere

90 592 505 662 Ἀπολλώνιονῆ
545 590 795 658 Βαλαὰμ,
833 591 891 640 ὲν
935 590 1048 649 τοῖς
1083 585 1204 639 καθ’
1244 587 1398 654 ἡμᾶς
1447 583 1656 652 χρόνοις

78 684 262 746 κακῶς
295 683 638 751 ἁναφανέντα
665 681 1063 748 λεκανόμαντιν
1097 679 1194 730 καὶ
1230 677 1411 746 πάσης
1439 674 1659 726 Θεοστυ-

76 776 205 843 γοῦς
229 773 484 846 πράξεως
511 774 604 827 καὶ
630 771 915 842 τερατείας
936 770 1107 822 δεινὸν
1131 769 1415 838 ὑποφήτην
1432 784 1446 797 ·
1479 767 1568 833 ὑφ’
1598 757 1659 816 οὗ

77 869 167 920 καὶ
199 866 271 918 τὰ
300 865 608 935 γράμματα
639 861 950 924 παιδευθεὶς
979 862 1006 912 ὁ
1031 860 1076 891 ’⁸
1107 859 1424 929 εὑρίπιστος
1463 857 1558 909 καὶ
1576 857 1662 908 δό-

72 960 184 1019 λιος
207 958 254 988 ”
283 956 566 1025 ὑπηρέτης
593 954 815 1022 δόκιμος
848 950 1114 1020 ἐχθίστων
1149 949 1489 1019 πραγμάτων
1515 949 1530 979 ¹
1567 945 1661 998 καὶ

71 1048 166 1101 τοῦ
201 1045 453 1099 διαϐόλου
510 1044 814 1114 ἐπιτήδειον
861 1043 1094 1113 ὄργανον
1145 1041 1387 1108 γέγονεν.
1438 1038 1544 1100 Οὒς
1594 1040 1660 1090 ἂν

75 1140 299 1203 ἐνδίκως
331 1139 361 1191 ὁ
410 1138 554 1200 θεῖος
590 1136 748 1203 λόγος
786 1132 1162 1204 ὲπαράσσεται
1213 1129 1657 1200 σχετλιαστικῶς,

76 1234 302 1303 φάσκων
323 1252 336 1264 ·
375 1229 522 1285 Οὐαὶ
566 1228 792 1291 αὐτοῖς,
829 1227 917 1280 ὅτι
948 1226 1024 1293 τῇ
1053 1223 1172 1289 ὀδῷ
1206 1224 1314 1277 τοῦ
1347 1223 1494 1277 Κάῖν
1521 1223 1662 1275 ἐπο-

69 1327 405 1395 ρεύθησαν,
465 1323 564 1376 καὶ
616 1319 690 1388 τῇ
735 1318 943 1386 πλάνῃ
990 1316 1099 1370 τοῦ
1151 1314 1402 1384 Βαλαὰμ
1439 1313 1660 1383 μισθοῦ

80 1418 259 1487 χάριν
288 1417 308 1446 ¹
334 1415 742 1482 ἐξεχύθησαν,
775 1411 874 1464 καί
905 1409 979 1478 τῇ
1014 1408 1326 1476 ἀντιλογίᾳ
1367 1405 1473 1458 τοῦ
1508 1401 1661 1470 Κορὲ

72 1508 418 1563 ἀπώλοντο.
459 1499 640 1560 Οὗτοί
691 1505 812 1556 εἱσι
865 1499 1193 1570 τογγυσταὶ
1230 1496 1326 1549 καὶ
1368 1498 1389 1528 ³
1437 1496 1660 1562 μεμψί-

70 1616 286 1668 μοιροι,
324 1593 480 1650 κατὰ
534 1595 642 1659 τὰς
675 1592 992 1661 ἐπιθυμίας
1037 1588 1238 1644 αὐτῶν
1271 1587 1662 1654 πορευόμενοι

73 1692 140 1744 ἐν
166 1691 304 1755 ταῖς
337 1688 596 1753 ἀπάταις
620 1684 838 1740 αὐτῶν.
871 1683 1264 1754 Ἐφαρμόσειεν
1296 1680 1342 1734 δ’
1365 1679 1432 1733 ἂν
1462 1679 1483 1709 ’⁵
1513 1677 1662 1746 αὐτῷ

77 1782 226 1852 μάλα
256 1780 486 1842 εἰκότως
509 1779 605 1831 καὶ
635 1777 704 1829 τὰ
732 1774 826 1828 τοῦ
849 1776 1154 1846 ὁμοτρόπου
1189 1772 1476 1827 Ἰουλιανοῦ
1511 1771 1660 1839 παρὰ

1767 581 2119 650 Apollonium
2156 583 2270 636 sive
2311 584 2550 647 Balaam,
2585 584 2792 638 nostris
2827 583 3170 652 temporibus
3210 584 3356 636 malo

1767 674 1876 728 fato
1894 683 2098 738 ortum,
2127 690 2194 728 ex
2222 677 2363 744 pelvi
2391 676 2664 739 divinum,
2697 676 2864 744 800
2902 675 3194 743 omnisque
3240 676 3353 728 Deo

1767 779 1946 820 exosa:
1992 766 2230 820 actionis
2288 767 2800 836 praestigiarumque
2849 766 3108 820 solertem
3179 766 3354 819 inter‘

1769 865 2012 924 pretem;
2045 873 2204 926 aquo
2230 859 2396 911 etiam
2422 858 2620 912 doctus
2647 857 2863 912 litteras
2894 855 3168 910 instabilis
3191 856 3357 909 homo

1767 965 1832 1003 ac
1868 949 2113 1015 dolosus,
2144 949 2410 1018 probatus
2443 949 2696 1004 minister
2741 949 3116 1017 idoneumque
3147 947 3354 1001 diaboli

1768 1058 2034 1111 organum
2060 1044 2292 1098 exstitit.
2331 1043 2490 1109 Quod
2538 1043 2735 1097 merito
2765 1042 2989 1096 divinus
3031 1057 3218 1095 sermo
3249 1043 3352 1093 mi-

1769 1135 2082 1189 serabiliter
2116 1136 2458 1205 deplorando
2507 1134 2658 1197 fecit,
2698 1133 2929 1188 dicens:
2976 1134 3061 1189 Va:
3105 1135 3198 1197 eis,
3226 1133 3353 1203 quia

1766 1227 1930 1280 invia
1965 1227 2098 1280 Cain
2138 1229 2358 1298 ingressi
2394 1226 2760 1293 ambularunt,
2803 1237 2850 1280 et
2901 1243 3081 1280 errore
3125 1226 3354 1279 Balaam

1767 1322 2018 1373 mercedis
2043 1338 2207 1374 causa
2240 1307 2385 1391 effusi
2409 1330 2553 1385 sunt,
2581 1329 2628 1374 et
2657 1321 3075 1375 contradictione
3104 1317 3237 1374 Core
3269 1336 3355 1387 pe-

1768 1415 1992 1466 rierunt.
2025 1412 2122 1466 Isti
2153 1421 2277 1466 sunt
2308 1422 2750 1476 murmuratores,
2781 1411 3010 1483 queruli,
3038 1413 3200 1481 juxta
3229 1427 3354 1464 con-

1767 1507 2115 1574 cupiscentias
2137 1522 2261 1558 suos
2293 1504 2628 1559 ambulantes
2658 1505 2713 1557 in
2743 1503 3134 1557 seductionibus
3169 1503 3278 1556 suis
3302 1513 3352 1555 ει.

1767 1594 2085 1665 Congruant
2131 1595 2242 1650 illis
2289 1597 2413 1666 jure
2451 1597 2662 1666 optimo
2705 1605 2762 1650 et
2789 1610 2913 1665 qua:
2955 1603 3083 1648 sunt
3127 1594 3353 1656 Juliani,

1769 1687 1962 1741 iisdem
1987 1689 2238 1742 moribus
2262 1688 2392 1755 viri,
2416 1690 2622 1758 quibus
2663 1704 2788 1743 eum
2813 1687 3123 1756 theologica
3163 1686 3352 1756 lingua

1768 1780 2072 1835 liberaliter
2108 1780 2330 1851 sugillat
2385 1795 2450 1836 ac
2473 1781 2674 1850 carpit.
2695 1779 2860 1834 Valde
2895 1781 3043 1833 enim
3074 1781 3124 1832 ei
3160 1779 3356 1833 similis

76 1847 140 1942 τῇ
193 1871 438 1940 Θεολόγῳ
489 1868 917 1938 στηλιτευόμενα
980 1865 1236 1939 γλώσσῃ·
1295 1864 1499 1934 σφόδρα
1554 1861 1662 1932 γὰρ

1772 1871 1962 1935 eluxit,
1992 1887 2095 1926 nec
2119 1872 2422 1942 quidquam
2455 1871 2734 1926 diversum
2759 1881 2922 1940 atque
2953 1872 3260 1926 abhorrens
3286 1871 3355 1924 ah

74 1961 325 2032 ἐμφερὴς
379 1961 688 2029 ὲναπέφηνε
745 1958 841 2010 καὶ
893 1959 974 2019 εἰς
1027 1957 1195 2026 μηδὲν
1245 1954 1523 2017 ἁπεοικὼς
1566 1957 1666 2024 τῆς

74 2055 293 2107 ἐκείνου
323 2051 664 2122 κακουργίας
691 2050 784 2104 καὶ
805 2049 1155 2120 δυστροπὶας.
1176 2049 1321 2116 Ἔφη
1346 2046 1504 2113 γοῦν·
1533 2044 1668 2112 Πῶς

69 2147 152 2218 μὴ
177 2147 468 2215 δακρύσω
491 2145 599 2200 τὸν
623 2144 838 2198 ἄθλιον
848 2161 866 2208 ;
897 2141 1024 2208 πῶς
1047 2142 1134 2211 μὴ
1158 2141 1354 2195 πλέον
1379 2141 1399 2171 ³
1423 2139 1541 2193 τῶν
1569 2139 1665 2192 δε-

74 2239 425 2310 διωγμένων
474 2239 617 2304 τοὺς
651 2235 1168 2305 προσδραμόντας,
1217 2233 1410 2286 πλέον
1441 2232 1508 2284 δὲ
1550 2229 1669 2284 τῶν

72 2331 637 2401 αὐτομολησάντων
674 2333 762 2395 εἰς
796 2329 912 2396 τὴν
967 2327 1186 2380 κακίαν
1225 2326 1506 2392 θρηνήσω
1561 2321 1668 2374 τὸν

75 2423 602 2494 συναρπάσαντα;
623 2420 866 2492 μᾶλλον
892 2418 961 2471 δὲ
993 2417 1120 2483 τοῖς
1148 2416 1267 2485 μὲν
1294 2412 1476 2468 οὐδὲν
1499 2414 1519 2445 ⁶
1551 2414 1668 2466 δει-

74 2518 188 2572 νὸν
221 2517 294 2570 τὸ
323 2516 478 2585 ὑπὲρ
507 2514 770 2584 Χριστοῦ
807 2511 1036 2573 παθεῖν,
1089 2509 1249 2562 ἀλλὰ
1286 2508 1385 2560 καί
1425 2507 1669 2559 πάντων

72 2611 614 2680 μακαριστότατον,
662 2609 774 2662 οὐκ
822 2605 1054 2658 ἐκεῖθεν
1102 2603 1321 2671 μόνον,
1352 2598 1512 2654 ἀλλὰ
1566 2598 1666 2651 καὶ

75 2703 172 2756 διὰ
211 2702 335 2769 τὴν
381 2700 671 2754 ἐντεῦθεν
711 2697 996 2760 εὐδοξίαν
1045 2693 1143 2747 καὶ
1191 2691 1556 2760 παρρησίαν,
1588 2689 1668 2756 ἢν

76 2795 174 2848 διὰ
207 2793 333 2848 τῶν
364 2792 670 2847 κινδύνων
704 2789 942 2854 ἑαυτοῖς
1001 2786 1382 2854 ἐχαρίσαντο.
1431 2783 1564 2849 Τοῖς
1600 2783 1668 2835 δὲ

76 2890 395 2957 προοίμιον
423 2885 544 2940 τῶν
590 2881 1052 2951 ἀπειλουμένων
1089 2879 1239 2944 ἅπερ
1278 2877 1396 2945 ἤδη
1439 2877 1668 2928 πεπόν-

77 2985 216 3032 θασι
236 2992 255 3007 ·
288 2977 391 3031 καὶ
431 2975 687 3040 ,βέλτιον
726 2971 804 3044 ἦν
827 2971 1052 3037 αὐτοῖς,
1079 2973 1131 3024 εὶ
1161 2969 1420 3021 ἐνταῦθα
1440 2968 1666 3036 μακρό-

77 3091 258 3141 τερον
286 3072 742 3139 ἐκολάσθησαν,
776 3069 811 3136 is}
837 3068 961 3134 τοῖς
991 3066 1122 3120 ἐκεῖ
1147 3065 1665 3131 δικαιοκριτηρίοις

1767 1964 1888 2033 ejus
1906 1965 2112 2020 malitia
2136 1965 2385 2035 miraque
2404 1964 2674 2034 pravitate
2705 1965 2933 2018 habens.
2962 1964 3052 2018 Ait
3080 1965 3262 2032 itaque
3289 1978 3306 2000 τ
3338 1981 3351 2016 :

1769 2054 2040 2120 Quomodo
2071 2073 2175 2110 non
2211 2057 2476 2125 infelicem
2514 2057 2762 2128 lacrgmis
2792 2057 3125 2128 prosequar?
3154 2071 3246 2109 nec
3271 2073 3354 2108 eos

1771 2149 1939 2217 magis
1971 2149 2062 2217 qui
2084 2165 2273 2203 manus
2300 2149 2558 2202 dederunt
2576 2165 2790 2218 seseque
2817 2150 3006 2202 abduci
3043 2149 3186 2218 passi
3209 2157 3353 2209 sunt,

1768 2257 1928 2308 quam
1973 2243 2062 2310 qui
2123 2245 2540 2312 persecutionem
2595 2242 3004 2296 sustinuerunt?
3038 2243 3206 2310 magis
3238 2258 3358 2294 vero

1767 2349 1852 2387 eos
1880 2333 2064 2404 lugebo
2095 2339 2184 2405 qui
2206 2337 2306 2405 ipsi
2328 2345 2514 2405 sponte
2537 2337 2606 2389 ad
2630 2335 2893 2389 malitiam
2935 2334 3357 2403 transfugerunt,

1768 2444 1926 2496 quam
1962 2428 2050 2496 qui
2099 2429 2148 2481 vi
2204 2429 2438 2496 quadam
2519 2429 2722 2497 abrepti
2771 2436 2912 2481 sunt.
2966 2426 3216 2491 Quinimo
3251 2425 3360 2479 illis

1769 2517 1982 2586 quidem
2033 2516 2166 2570 nihil
2208 2534 2370 2585 grave
2412 2535 2474 2570 ac
2523 2518 2720 2579 dirum,
2762 2518 2901 2587 quod
2951 2515 3144 2571 Christi
3196 2533 3358 2569 causa

1770 2610 1913 2677 passi
1939 2618 2082 2670 sunt,
2113 2609 2206 2661 sed
2238 2609 2378 2678 quod
2429 2618 2505 2662 est
2539 2612 2774 2662 omnium
2817 2610 3197 2664 beatissimum.
3240 2611 3358 2664 Non

1769 2716 1831 2753 ea
1863 2699 2032 2752 solum
2074 2700 2301 2763 ratione,
2329 2701 2420 2753 sed
2455 2710 2501 2753 et
2538 2714 2752 2770 promer
2771 2701 2948 2763 illaut,
2973 2719 3091 2772 qua:
3115 2703 3236 2756 inde
3260 2711 3356 2764 est,

1768 2790 2069 2845 claritatem
2100 2807 2162 2844 ac
2216 2793 2471 2860 gratiam,
2515 2794 2666 2863 cujus
2713 2810 2805 2863 per
2849 2796 3085 2864 pericula
3133 2795 3231 2848 sibi
3280 2795 3360 2847 illi

1769 2893 2009 2938 auctores
2068 2885 2402 2936 exstiterunt.
2451 2883 2750 2939 Contrariis
2806 2902 2928 2939 vero
2980 2904 3040 2939 ea
3083 2903 3199 2956 qua:
3238 2887 3361 2955 jam

1769 2976 1912 3044 passi
1965 2985 2126 3037 sunt,
2187 2976 2340 3028 initia
2374 2983 2496 3028 sunt
2556 2991 2739 3028 eorum
2789 2992 2907 3046 qua:
2952 2976 3059 3028 illis
3111 2985 3359 3027 eventura

1769 3067 1915 3120 mala
1959 3068 2331 3128 intentantur;
2377 3066 2665 3135 meliusque
2714 3067 2822 3120 illis
2857 3077 2994 3131 erat,
3044 3069 3089 3120 si
3153 3072 3205 3119 in
3263 3069 3362 3120 hac

77 3167 549 3235 ἐταμιεύθησαν.
588 3162 696 3217 Καὶ
744 3160 855 3229 γὰρ
881 3158 1086 3226 ὥσπερ
1119 3159 1227 3211 τὸν
1266 3157 1668 3226 χαμαιλέοντα

1772 3161 1876 3212 vita
1927 3158 2122 3210 diutius
2169 3158 2340 3226 puniti
2393 3168 2584 3221 essent,
2638 3175 2800 3227 quam
2860 3159 3000 3226 quod
3057 3159 3224 3227 futuri
3266 3159 3363 3210 a'vi

78 3256 260 3323 λόγος
295 3253 586 3308 παντοῖον
624 3254 894 3322 τίνεσθαι
920 3249 1144 3318 ῥᾳδίως
1185 3248 1284 3301 καὶ
1330 3247 1535 3312 πάσας
1571 3265 1672 3316 με-

78 3346 411 3400 ταϐάλλειν
461 3343 669 3412 χροιὰς
713 3343 882 3408 πλὴν
945 3339 1088 3410 μιᾶς
1111 3338 1223 3406 τῆς
1280 3342 1672 3403 λευκότητος,

78 3439 270 3504 οὕτως
293 3437 573 3502 κάκεῖνος
597 3437 794 3488 πάντα
812 3431 891 3504 ἦν
913 3431 1012 3487 καὶ
1030 3433 1259 3502 ἐγίνετο
1289 3432 1332 3483 Χ
1335 3431 1671 3498 ριστιανοῖς

79 3531 249 3598 πλὴν
269 3529 670 3597 ἡμερότητος·
696 3527 792 3579 καὶ
826 3521 906 3595 ἦν
922 3526 1065 3578 λίαν
1093 3522 1494 3590 ἀπάνθρωπον
1515 3521 1674 3587 αὐτῷ

80 3623 146 3674 τὸ
197 3622 664 3690 φιλάνθρωπον,
718 3619 815 3671 καὶ
863 3618 928 3671 τὸ
996 3617 1260 3673 πιθανὸν
1296 3615 1526 3680 βίαιον,
1577 3615 1675 3668 καὶ

80 3716 393 3783 ἀπολογία
437 3713 546 3780 τῆς
604 3713 956 3783 ἀγριότητος
990 3712 1028 3779 ἡ
1076 3712 1437 3779 χρηστότης.
1499 3710 1678 3764 Ὅθεν

81 3805 340 3860 λεκτέον
385 3803 536 3872 πρὸς
569 3803 775 3869 αὑτὸν,
817 3801 1213 3868 Ἐὐηθέστατε
1261 3801 1357 3854 καὶ
1395 3799 1680 3854 ἀπαιδευ-

82 3900 296 3952 τότατε
353 3896 427 3950 τὰ
473 3894 730 3964 μεγάλα,
767 3895 850 3948 σὺ
905 3893 1057 3948 κατὰ
1098 3894 1394 3947 τοσούτου
1444 3893 1676 3961 κλήρου

84 3989 181 4042 και
210 3988 330 4057 τῆς
371 3988 727 4056 οἰκουμένης
756 3985 1019 4055 ἀνέστης
1045 3988 1089 4050 ⁷,
1131 3986 1214 4039 σὺ
1257 3986 1406 4040 κατὰ
1432 3985 1542 4055 τῆς
1569 3985 1678 4038 τοῦ

85 4082 167 4154 ΙΙ).
190 4080 325 4153 521]
363 4081 626 4150 Χριστοῦ
667 4079 1038 4146 Ἑκκλησίας
1074 4077 1174 4134 καὶ
1219 4079 1241 4109 ⁸
1285 4080 1504 4145 θυσίας
1557 4079 1676 4145 τοῖς

82 4177 219 4242 σοῖς
246 4177 271 4208 ⁹
295 4173 600 4242 pidoth
621 4213 638 4239 ,
671 4172 755 4226 σὺ
788 4172 940 4227 κατὰ
995 4171 1100 4226 τοῦ
1132 4171 1240 4224 τὸν
1274 4172 1509 4239 κόσμον
1539 4174 1680 4225 καθ-

82 4269 374 4337 αίροντος
401 4267 446 4298 ¹⁸
475 4267 726 4334 αἵματος
777 4264 903 4330 τοῖς
938 4263 1074 4328 σοῖς
1112 4263 1350 4332 μιαροῖς
1386 4263 1681 4331 αῖμασιν;

84 4361 167 4414 σὺ
183 4360 342 4430 μετὰ
373 4357 636 4426 Ἡρώδην
662 4356 937 4424 διώκτης,
956 4355 1056 4410 καὶ
1080 4357 1232 4424 μετὰ
1274 4355 1504 4409 Ἰούδαν
1533 4373 1679 4423 προ-

84 4452 292 4519 δότης,
346 4450 518 4517 πλὴν
567 4449 720 4503 ὅσον
772 4451 884 4503 οὐκ
927 4449 1157 4517 ἀγχόνῃ
1189 4447 1306 4514 τὴν
1353 4447 1681 4516 μετάνοιαν

1766 3252 1926 3322 justis
1946 3253 2162 3321 judiciis
2189 3261 2311 3305 sunt
2349 3252 2618 3304 reservati.
2652 3251 2812 3320 801
2852 3249 3064 3304 Etenim
3109 3250 3362 3319 quemad-

1775 3343 1989 3396 modum
2042 3345 2220 3413 ferunt
2258 3342 2667 3397 chamwleonem
2707 3343 2908 3410 quidvis
2958 3341 3112 3410 facile
3161 3343 3362 3395 imitari

1776 3435 2052 3504 nullosque
2079 3437 2399 3490 noncolores
2416 3437 2701 3506 suscipere,
2725 3451 2831 3488 uno
2857 3435 3123 3488 duntaxat
3149 3445 3363 3502 excepto

1775 3528 2025 3591 candore,
2076 3530 2150 3581 sic
2188 3537 2236 3582 et
2288 3528 2380 3582 ille
2423 3531 2604 3582 omnia
2643 3536 2759 3581 erat
2817 3537 2977 3598 atque
3007 3527 3164 3594 ﬁebat
3213 3527 3365 3583 Chri-

1775 3620 1989 3684 stianis,
2011 3629 2228 3690 excepta
2251 3620 2515 3674 duntaxat
2546 3620 2950 3673 mansuetudine
2981 3637 3043 3673 ac
3061 3619 3361 3675 clementia.

1783 3711 1927 3766 Unde
1959 3714 2035 3765 liis
2062 3712 2226 3766 verbis
2261 3730 2293 3765 a
2316 3713 2461 3766 nobis
2498 3711 2896 3782 compellandus
2931 3721 3004 3764 est
3029 3728 3046 3765 :
3071 3711 3362 3766 Hominum

1774 3804 2085 3858 stultissime
2117 3805 2374 3870 valdeque
2399 3804 2825 3869 inscientissime,
2861 3814 2916 3858 tu
2954 3805 3203 3858 adversus
3243 3813 3365 3858 tan-

1781 3904 1891 3952 tam
1921 3900 2282 3952 hcereditatem
2307 3916 2370 3952 ac
2398 3909 2668 3951 terrarum
2701 3898 2876 3950 orbem
2899 3898 3278 3951 insurrearisti?
3311 3907 3364 3949 tu

1782 3991 2034 4045 adversus
2087 3991 2284 4045 Christi
2326 3989 2622 4044 Ecclesium
2654 3999 2703 4043 et
2739 3990 2965 4042 hostiam
2992 3989 3264 4058 piaculis?
3309 3999 3365 4041 tu

1781 4083 2032 4137 adversus
2066 4084 2249 4136 mundi
2290 4082 2621 4152 piacularem
2663 4084 2978 4153 sanguinem
3007 4081 3231 4152 impuris
3265 4083 3367 4134 tuis

1780 4175 2099 4228 cruoribus?
2125 4182 2182 4227 tu
2229 4182 2344 4243 post
2397 4174 2659 4228 Herodem
2694 4181 2998 4244 persecutor
3031 4184 3079 4227 et
3118 4182 3231 4241 post
3265 4174 3366 4226 .lu-

1781 4265 1907 4318 dam
1935 4265 2173 4334 proditor
2195 4265 2383 4330 (unum
2413 4265 2554 4317 abest
2592 4265 2732 4334 quod
2758 4282 2862 4317 non
2896 4265 3083 4336 laqueo
3109 4268 3364 4336 paeniten-

1782 4358 1912 4410 tiam
1938 4357 2127 4426 fecisti,
2153 4357 2287 4409 sicut
2317 4365 2365 4408 et
2405 4355 2518 4420 ille)
2553 4373 2614 4409 ac
2645 4373 2761 4408 cum
2794 4355 2969 4410 Pilato
3007 4356 3200 4411 Christi
3229 4358 3367 4410 occi-

1779 4467 1889 4513 sor,
1945 4466 2170 4519 cumque
2208 4447 2412 4526 ditdatis
2455 4448 2551 4502 Dei
2598 4465 2739 4509 osor,
2782 4449 3013 4519 injurius
3059 4459 3364 4500 sanctorum

85 4543 331 4609 ἔδειξας
383 4541 588 4610 ὥσπερ
614 4541 912 4606 κάκεῖνος,
947 4539 1048 4593 καὶ
1083 4542 1508 4608 χριστοκτόνος
1526 4542 1669 4607 μετὰ

1777 4541 2024 4604 violator,
2060 4541 2413 4595 Jeroboamnc
2457 4540 2630 4592 dicere
2660 4540 3050 4592 convenientius
3081 4556 3151 4592 an
3188 4539 3365 4593 Achab

88 4635 358 4692 Πιλᾶτον
379 4635 442 4697 ³³,
473 4634 572 4688 καὶ
601 4635 755 4703 μετὰ
807 4632 1131 4698 Ἰουδαίους
1162 4633 1470 4700 μισόθεος,
1500 4635 1533 4686 ό
1562 4633 1680 4686 τῶν

89 4730 277 4797 ἁγίων
302 4726 611 4794 ὑϐριστής.
650 4724 952 4792 Ἰεροϐοὰμ
978 4740 1054 4779 σε
1081 4724 1273 4778 εἰπεῖν
1294 4725 1676 4792 οἰκειότερον,

91 4823 129 4890 ἢ
179 4805 414 4892 ’Δχαὰϐ
448 4819 559 4872 τὸν
608 4819 1014 4887 Ἰσραηλίτην,
1064 4816 1202 4884 τοὺς
1255 4817 1678 4887 παρανομωτά-

91 4933 263 4980 τους,
315 4914 354 4980 ἣ
407 4909 617 4979 Φαραὼ
653 4910 762 4963 τὸν
810 4910 1156 4978 Αἰγύπτιον,
1203 4909 1242 4977 ’ἢ
1295 4909 1674 4977 Ναϐουχοδο-

92 5011 281 5076 νόσορ
311 5005 422 5060 τὸν
440 5005 796 5071 Ἀσσ-ὐριον;
820 5002 858 5069 ἣ
883 5002 1079 5056 πάντα
1101 5003 1287 5056 ταῦτα
1310 5005 1676 5068 συνελόντες

92 5105 196 5156 ira
235 5100 340 5154 καὶ
395 5098 500 5152 τὸν
534 5096 722 5152 αὐτὸν
768 5095 1180 5164 ὀνομάσωμεν,
1237 5096 1370 5149 ἐπεὶ
1415 5097 1511 5150 καὶ
1567 5097 1675 5162 τὰς

90 5191 337 5244 πάντων
370 5187 587 5253 κακίας
620 5187 904 5255 φαίνεσαι
933 5189 1021 5251 εἰς
1058 5185 1322 5240 σεαυτὸν
1362 5188 1404 5218 ¹²
1447 5190 1675 5242 συλλε-

155 5357 183 5398 1
218 5345 410 5402 Judic.
441 5362 518 5413 xl,
555 5345 638 5400 l6.

1779 4635 2112 4698 Israelitem,
2175 4632 2568 4687 scelestissimos
2634 4631 2961 4686 hominum?
3025 4629 3366 4684 Pharaonem

1779 4726 2088 4797 ngyptium
2143 4742 2212 4779 an
2259 4724 2826 4778 Nabuchodonosorem
2897 4723 3217 4793 Assyrium?
3272 4732 3366 4777 aut

1777 4836 1882 4872 uno
1915 4818 2067 4872 verbo
2103 4825 2290 4871 cuncta
2323 4819 2432 4870 hwc
2465 4833 2630 4870 unum
2684 4816 3031 4885 eamdemque
3065 4814 3369 4886 appellave-

1778 4913 1966 4974 rintus,
1993 4910 2206 4980 quando
2226 4911 2387 4963 etiam
2412 4911 2650 4963 omnium
2681 4910 2811 4962 vitia
2842 4925 2906 4960 ac
2943 4924 3110 4961 noxas
3140 4909 3194 4960 in
3231 4917 3365 4961 tem-

1779 5004 1866 5074 plo
1889 5003 2161 5073 collegisse
2189 5004 2402 5064 videris,
2443 5002 2746 5056 Jeroboami
2787 5003 3139 5071 apostasiam.
3170 4999 3364 5054 Achabi

1777 5106 2049 5150 cruentam
2070 5096 2283 5159 cavlem,
2320 5095 2618 5148 Pharaonis
2641 5093 3059 5156 obduratioaem,
3089 5093 3366 5147 Nabuchoo

1775 5189 2049 5242 donosoris
2093 5185 2467 5257 sacrilegium,
2516 5186 2756 5240 omnium
2795 5185 2956 5240 simul
3013 5186 3361 5255 impietatem.

721 5356 742 5383 τ
775 5344 926 5400 Orat.
959 5344 1015 5410 3,
1053 5352 1249 5414 quaest.
1283 5344 1307 5400 1
1350 5343 1406 5399 in
1436 5344 1643 5401 Julian.
1668 5362 1793 5418 pag.
1827 5347 2021 5402 67-74.

1380 5463 1614 5519 γΑιιιᾹς
1655 5465 2052 5522 LECTIONES.

188 5561 234 5595 "-'
275 5558 377 5628 otii
399 5585 475 5628 7—-
514 5554 916 5628 μανδριάρχην]
945 5555 1282 5626 Συμμύστην
1304 5558 1399 5608 καὶ
1429 5557 1719 5627 σύμμαχόν
1741 5576 1797 5611 τε
1831 5560 1927 5610 καὶ
1959 5557 2248 5626 συνίττορα
2275 5557 2413 5626 ἔχων
2439 5557 2539 5626 τῆς
2569 5555 2834 5626 αἱρέσεως
2875 5556 3176 5628 ὁδεύτερος
3221 5557 3361 5628 -Νε-

98 5627 346 5699 κτεναόὼ
362 5627 452 5680 τὸν
488 5627 836 5699 πρερηθένντα
859 5625 1071 5699 ῨῚαννὴν
1099 5625 1467 5699 φατριάρχην,
1495 5625 1696 5696 μᾶλλον
1735 5629 1790 5682 δὲ
1823 5625 2284 5699 ματριὰρχηνναὶ
2302 5625 2692 5697 δαιμονάρχην,
2711 5628 2800 5680 τὸν
2827 5627 2944 5681 νέον
2970 5627 3034 5684 C.
3084 5625 3155 5660 ’θ’
3173 5629 3201 5678 ὁ
3221 5625 3245 5699 ly
3267 5628 3364 5699 καὶ

99 5698 461 5760 ὑπονοθωθεὶς
483 5700 512 5750 ὁ
534 5697 597 5752 C.

102 5769 226 5824 add.
259 5767 324 5822 C.
406 5770 427 5799 ⁸
461 5768 534 5839 μὴ
571 5767 802 5839 πλέᾳ-(δ.
833 5769 896 5821 C.

105 5841 368 5911 Θήραντος
392 5837 471 5896 ϐξ
531 5839 572 5872 ¹¹
610 5837 842 5894 Πιλάτου
870 5842 930 5894 ιο.

700 5698 747 5729 θ’
772 5696 1005 5759 δείλαιος
1032 5699 1094 5753 (ἶ.
1177 5701 1192 5728 ¹
1215 5696 1498 5764 ultimm
1532 5696 1870 5765 πραγμάτων
1904 5696 2022 5751 ςιᾶΙιΙ.
2051 5696 2109 5752 (Σ.
2195 5704 2214 5731 ²
2258 5702 2416 5768 χάριν
2439 5696 2548 5752 om;
2579 5700 2640 5753 (ἶ.
2717 5699 2737 5729 ³
2774 5699 2866 5751 καὶ
2893 5715 3001 5752 oni.
3039 5699 3101 5752 (Σ.
3179 5699 3205 5729 δ’
3231 5697 3259 5749 δ
3289 5696 3362 5750 ἂν

998 5770 1019 5842 ἦ
1052 5768 1292 5842 μηδὲ-(Ι).
1328 5769 1667 5842 Δ⁷<Ξιντέσττης
1699 5771 1759 5824 (Σ.
1832 5771 1850 5794 ⁸
1893 5771 2214 5842 Ἐκκὶτδτίχς
2257 5775 2348 5825 κιὶ
2391 5786 2497 5825 om.
2521 5770 2579 5823 (ἶ.
2645 5774 2662 5798 τ’
2696 5772 2807 5833 σοῖς
2845 5770 2966 5826 add.
3003 5769 3064 5825 (ἶ.

1009 5840 1050 5872 ¹¹
1078 5841 1154 5903 εἰς
1195 5839 1383 5894 ἐκπδν
1406 5839 1650 5909 φαίνεται
1684 5842 1744 5893 (ἒ.

3153 5770 3197 5801 ιο
3253 5785 3356 5822 κα,
