4158 6438
733 322 842 383 863

1997 320 2317 380 GEORGII
2373 321 2719 381 MONACHI

3882 328 3995 394 864

740 436 834 489 Ubi
858 443 978 487 sunt
1007 431 1272 498 sacri/icta
1312 442 1358 483 et
1389 434 1801 484 consecratione:
1832 441 1879 483 et
1913 434 2201 501 mysteria?
2226 434 2311 485 ubi
2339 482 2345 494 ε

2432 428 2692 500 Ξάπνος,
2730 434 3032 504 Ἰεροσοὰμ
3062 434 3176 503 τὴν
3198 436 3602 504 ἀποστασίαν,
3636 440 3868 507 Ἀχαὰό
3889 442 4013 510 τὴν

738 529 979 589 riclima',
1030 532 1141 578 tum
1186 526 1481 591 manifesta:
1510 533 1620 577 tum
1650 540 1768 592 qua:
1806 526 1860 577 iu
1902 526 2125 578 tenebris
2163 534 2320 594 atque

737 616 1017 671 obscuris?
1047 618 1131 669 ubi
1148 618 1490 685 prmeientia:
1513 626 1755 685 portenta
1778 626 1825 669 et
1850 618 2321 685 gastrimytliarum

736 708 937 777 signa?
964 709 1046 759 ubi
1068 708 1319 761 adversus
1358 707 1692 761 Christianos
1726 711 1975 762 vaticinia
2016 719 2064 761 et
2107 711 2323 762 commi-

742 799 1025 851 nationes?
1058 799 1316 852 Abierant
1356 799 1521 867 802
1570 801 1772 862 omnia,
1821 800 1959 867 falsa
2000 801 2323 868 deprehensa

739 900 883 951 sunt,
928 891 1278 959 deﬂuxerunt.
1334 888 1666 943 Insomnium
1704 893 1825 943 visa:
1869 900 1991 943 sunt
2040 892 2323 959 impiorum

739 981 1085 1049 gloriatione:
1124 988 1172 1032 et
1217 981 1519 1050 jactantiaz.
1554 980 1749 1035 Cecidit
1793 980 1908 1043 Bel,
1945 982 2202 1033 contritus
2250 986 2325 1033 est

742 1073 951 1140 began.
985 1072 1099 1125 Non
1121 1073 1241 1140 jam
1269 1073 1498 1142 amplius
1520 1072 1681 1125 stulto
1703 1073 1893 1125 dicturi
1924 1082 2119 1125 suntut
2148 1073 2326 1139 primit

743 1162 981 1231 imperio.
1005 1161 1071 1221 Et
1097 1178 1235 1214 nunc
1260 1179 1426 1231 parva
1449 1164 1557 1215 lucc
1582 1162 1783 1215 miseris
1812 1162 1944 1230 forte
1969 1178 1986 1213 :
2022 1164 2119 1215 erit
2149 1170 2326 1214 autent

745 1264 970 1323 tentpus,
998 1271 1116 1306 cum
1142 1255 1267 1306 milii
1286 1254 1683 1307 contumeliosos
1708 1271 1769 1307 ac
1792 1255 2016 1323 injurias
2038 1256 2329 1322 horumque

751 1361 1003 1414 magnum
1049 1346 1341 1398 antistitem
1391 1363 1454 1398 ac
1495 1345 1677 1399 ducem
1728 1348 1935 1399 visurus
1988 1363 2108 1400 sum
2149 1344 2328 1413 deplo-

759 1446 964 1490 rantem
992 1453 1146 1489 suam
1176 1438 1340 1507 ipsius
1369 1439 1684 1507 pravitatem
1717 1447 1766 1491 et
1796 1438 2079 1492 malitiam.

2420 526 2795 591 μιαιφονίαν,
2836 525 3050 592 Φαραὼ
3095 525 3212 591 τὴν
3247 528 3649 593 σκληρότητα,
3694 531 4012 599 Ναϐουχο-

2425 613 2685 680 δονόσορ
2731 613 2847 678 τὴν
2889 616 3261 682 ἱεροσυλίαν,
3314 618 3555 670 πάντων
3601 619 3751 687 ὁμοῦ
3798 623 3844 652 ³³
3895 624 4016 687 τὴν

2425 703 2728 757 ἀσέϐειαν.
2758 704 2881 758 Ποῦ
2910 708 3072 758 εἰσιν
3091 709 3151 758 at
3187 709 3391 761 θυσίαι
3416 710 3513 760 καὶ
3540 712 3771 763 τελεταὶ
3808 715 3909 763 καὶ
3943 716 4016 765 τὰ

2426 796 2727 863 μυστήρια
2746 811 2767 860 ;
2823 795 2943 848 ποῦ
2977 795 3205 863 σφάγια
3252 801 3483 864 φανερά
3517 815 3581 851 τε
3625 800 3723 852 καὶ
3756 801 3971 868 ἀφανῆ
4001 819 4018 863 ;

2428 887 2548 941 ποῦ
2580 887 2863 955 τεράστια
2888 888 3284 957 προγνώσεως
3316 891 3412 941 καὶ
3444 890 3663 958 σημεῖα
3692 893 4017 960 ἐγγαστρι-

2414 981 2661 1048 utiliter;
2707 980 2826 1032 ποῦ
2859 982 2919 1032 αἱ
2966 980 3118 1033 κατὰ
3176 981 3552 1047 Χριστιανῶν
3582 984 3861 1051 μαντεῖαι
3916 986 4013 1037 καὶ

2425 1070 2671 1124 ἀπειλαί
2687 1087 2706 1133 ;
2740 1071 2808 1122 01
2812 1087 2977 1139 χεται
3015 1069 3231 1133 πάντα,
3262 1071 3635 1139 διέψευσται,
3674 1072 3922 1143 διερρύη
3953 1076 4017 1125 ⁸⁸.

2430 1165 2617 1230 "Or-ap
2639 1162 2831 1232 ἐφάνη
2855 1161 2975 1215 τῶν
2995 1163 3230 1217 ἀσεϐῶν
3252 1164 3323 1217 τὰ
3344 1165 3761 1234 κομπάσματα.
3784 1167 4018 1221 Ἐπεσε

2429 1257 2558 1309 Bal
2576 1256 2639 1320 ¹³,
2661 1256 2985 1323 συνετρίϐη
3015 1256 3237 1323 Δαγὼν.
3277 1258 3489 1311 Οὐκέτι
3518 1259 3589 1311 οὐ
3617 1259 3660 1289 ¹⁶
3684 1260 3773 1327 μὴ
3798 1260 4017 1313 ειπωσι

2432 1345 2513 1409 τῷ
2528 1344 2702 1413 μωρῷ
2722 1344 2945 1413 ἄρχειν.
2977 1345 3081 1398 Καὶ
3103 1345 3222 1399 νῦν
3240 1345 3425 1399 ταῦτα
3438 1347 3617 1415 μικρὰ
3636 1348 3760 1412 τοῖς
3781 1349 4020 1414 ἀθλίοις

2436 1434 2603 1499 ισως.
2635 1434 2842 1486 Ἔσται
2870 1433 2939 1485 δὲ
2974 1434 3178 1501 καιρὸς
3204 1433 3385 1499 ἡνίκα
3416 1435 3635 1504 ὄψομαι
3667 1439 3810 1503 τοὺς
3832 1438 4019 1507 ἐμοξς

750 1528 1038 1595 ὑϐριστὰς
1065 1530 1162 1582 καὶ
1205 1530 1313 1583 τὸν
1334 1530 1527 1597 μέγαν
1555 1532 1783 1584 τούτων
1812 1530 2161 1600 καθηγητὴν
2181 1526 2699 1596 ἀποκλαιομένους
2727 1526 2843 1593 τὴν
2871 1526 3103 1580 ἑαυτῶν
3136 1528 3354 1579 κακίαν
3389 1528 3457 1592 ιτ,
3511 1528 3612 1581 ὅτε
3660 1528 3834 1586 πᾶσα
3895 1547 4022 1597 χρ.-

751 1640 914 1679 νεται
942 1626 1037 1677 καὶ
1070 1624 1457 1688 ,ϐασανίζεται
1495 1626 1675 1679 κακία
1699 1626 1741 1657 ¹⁸
1771 1626 1869 1679 καὶ
1905 1628 2184 1695 πονηρία.

824 1714 1017 1769 18-19.
1050 1712 1272 1768 Interim
1296 1713 1426 1767 dum
1459 1714 1575 1767 baac
1608 1714 1683 1768 ita
1718 1715 1786 1768 ab
1825 1716 2159 1783 imperatore
2184 1715 2333 1784 ejus-
2358 1714 2407 1772 B

755 1821 863 1875 que
894 1814 1191 1876 symmysta
1227 1805 1538 1873 patriarcha
1573 1815 1858 1876 geruntur,
1889 1806 2164 1861 Arabibus
2207 1822 2331 1861 eum

756 1896 1075 1967 ingentibus
1126 1898 1301 1967 copiis
1351 1898 1405 1951 in
1454 1901 1754 1953 Romanam
1799 1899 1992 1955 effusis
2041 1899 2333 1966 ditionem,

757 1988 1061 2058 imperator
1092 2006 1198 2043 una
1229 2006 1352 2044 cum
1389 1990 1572 2045 Persis
1598 1991 1840 2061 perfugis
1865 2000 1921 2047 et
1953 1992 2244 2047 ordinibus
2271 2008 2335 2047 ac

757 2080 1005 2135 lllanuele
1036 2081 1339 2138 domestico
1360 2082 1623 2137 adversus
1651 2098 1746 2138 eos
1774 2084 2038 2153 procedit.
2068 2083 2335 2139 Conserta

758 2185 939 2238 pugna
1004 2169 1186 2223 vietus
1242 2180 1325 2224 est
1368 2170 1705 2239 imperator;
1761 2170 2093 2239 mediosque
2138 2172 2332 2226 Persas

758 2262 929 2323 subit.
966 2277 1063 2330 per
1084 2278 1179 2316 eos
1198 2263 1559 2331 praestandam
1581 2261 1683 2317 sibi
1717 2263 1945 2317 salutem
1966 2263 2333 2319 exsistimans.

761 2352 974 2405 Manuel
1006 2352 1135 2406 dum
1178 2354 1608 2424 circumquaque
1639 2354 1877 2408 lustrans
1911 2354 1968 2408 in
1998 2354 2177 2409 medio
2202 2355 2337 2409 Per-

761 2459 947 2497 sarum
976 2444 1362 2513 imperatorem
1399 2447 1762 2500 constitutum
1788 2445 2063 2515 cognovit,
2090 2447 2338 2516 velleque

763 2552 859 2591 eos
884 2537 1061 2605 ipsum
1086 2536 1358 2590 Arabibus
1387 2536 1643 2606 prodere,
1669 2553 1842 2607 eaque
1872 2540 2085 2594 ratione
2116 2554 2212 2593 eos
2234 2539 2339 2594 sibi

761 2630 1079 2693 conciliare,
1140 2631 1421 2699 perruptis
1470 2630 1539 2684 iis
1596 2631 1833 2694 mediis,
1886 2631 2341 2701 apprehensoque

764 2721 891 2789 equi
934 2722 1281 2790 imperatoris
1326 2721 1506 2786 freno,
1554 2737 1622 2775 ex
1670 2736 1864 2777 eorum
1890 2737 2067 2777 cuneo
2106 2722 2343 2776 invitum

765 2810 996 2879 expulit,
1048 2826 1248 2880 nempe
1289 2812 1429 2865 nihil
1468 2812 1757 2866 ferendum
1791 2812 2056 2868 Romanis
2101 2814 2343 2869 dedecus

765 2901 1103 2965 existimans,
1141 2902 1187 2956 si
1235 2902 1603 2957 Romanorum
1636 2903 1932 2972 imperator
1964 2905 2035 2959 ab
2073 2904 2346 2962 Arabibus

768 3000 963 3060 captus
997 2993 1097 3047 sub
1138 2994 1270 3063 jugo
1299 2994 1635 3049 mitteretur.
1673 2996 1869 3050 Verum
1902 2997 2200 3065 imperator
2232 3013 2345 3067 pra:

2507 1703 2698 1777 ιη’-ιϐ’.
2722 1703 2940 1757 Τούτων
2973 1706 3014 1737 ¹⁹
3046 1704 3102 1758 δέ
3126 1705 3298 1769 οὕτως
3342 1709 3732 1777 πραττομένων
3776 1711 3939 1781 παρα
3965 1728 4020 1764 τε

2432 1801 2528 1855 τοῦ
2564 1800 2832 1870 βασιλέως
2872 1798 2969 1852 καὶ
3010 1798 3105 1851 τοῦ
3152 1800 3475 1869 συμμύει-του
3509 1804 3676 1856 αὑτοῦ
3728 1806 4019 1875 πατριάρ-

2434 1908 2554 1961 χου,
2596 1887 2833 1956 ’Δραὸες
2870 1889 3009 1957 μετὰ
3037 1886 3322 1956 δυνάμεως
3372 1889 3577 1960 πολλῆς
3604 1890 3748 1943 κατᾶ
3794 1891 4019 1960 Ῥωμα-

2435 1983 2555 2042 νίας
2586 1981 2845 2051 ἐξῄεσαν,
2879 1982 2907 2032 ὁ
2961 1980 3018 2032 δὲ
3079 1980 3335 2049 βασιλεὺς
3392 1981 3511 2051 ἅμα
3571 1986 3687 2045 τοῖς
3743 1984 4027 2053 πρόσφυξι

2437 2075 2675 2140 Πέρσαις
2714 2075 2812 2126 καὶ
2856 2074 2969 2136 τοῖς
3012 2072 3255 2143 τάγμασι
3298 2076 3392 2126 καὶ
3422 2076 3679 2146 Μανουὴλ
3708 2077 4023 2146 δομεστίκῳ

2438 2168 2560 2220 κατ’
2593 2166 2777 2218 αὐτῶν
2805 2165 3023 2235 ἐχώρει.
3072 2166 3183 2219 Καὶ
3214 2167 3489 2237 συμϐολῆς
3522 2169 3823 2237 γενομένης
3849 2170 4022 2237 ἡττή-

2440 2260 2554 2329 Θηὸ
2586 2259 2859 2328 βασιλεὺς,
2895 2258 2991 2311 καὶ
3027 2258 3191 2327 μέσον
3225 2258 3442 2329 εἰσῆλθε
3486 2260 3595 2312 τῶν
3643 2261 3898 2331 Περσῶν,
3934 2262 4027 2314 ὑπ’

2440 2349 2621 2403 αὐτῶν
2655 2348 3031 2418 περισωθῆναι
3054 2349 3362 2405 ὑπολαϐών.
3404 2352 3662 2424 Μανουὴλ
3687 2353 3743 2406 δὲ
3773 2354 3852 2416 ὡς
3884 2355 4026 2422 ἔγνω

2441 2440 2793 2511 περισκοπῶν
2827 2440 2990 2510 μέσον
3039 2441 3148 2492 τῶν
3204 2442 3431 2510 Περσῶν
3485 2444 3576 2497 τὸν
3613 2446 3838 2515 βασιλέα
3870 2446 4025 2508 ὄντα,

2442 2532 2639 2594 αὐτοὺς
2659 2532 2717 2585 δὲ
2744 2531 3098 2602 βουλομένους
3126 2535 3237 2596 τοῖς
3276 2534 3483 2605 Ἀραψι
3508 2536 3696 2589 τοῦτον
3727 2536 4027 2608 προδοῦναι

2445 2630 2539 2683 καὶ
2565 2629 2634 2682 δι’
2669 2629 2831 2682 αὐτὸν
2859 2629 3267 2698 καταλλαγῆναι
3296 2630 3513 2693 αὐτοῖς,
3544 2628 3831 2698 διασχίσας
3862 2629 4028 2698 μέσον

2444 2722 2627 2775 αὐτῶν
2656 2723 2749 2775 καὶ
2783 2722 2879 2775 τοῦ
2912 2721 3129 2792 χαλινοῦ
3165 2721 3259 2774 τοῦ
3296 2722 3463 2774 ἵππου
3500 2721 3593 2773 τοῦ
3638 2720 3909 2790 βασιλέως
3935 2720 4030 2773 λα-

2447 2810 2672 2880 ϐόμενος
2702 2810 2963 2881 ἐξήλασεν
3014 2812 3215 2864 ἄκοντα
3249 2809 3443 2862 τοῦτον
3484 2808 3715 2875 ἐξάγων,
3762 2808 4030 2878 αἰσχύνην

2447 2902 2752 2972 ἡγούμενος
2803 2903 2865 2955 ού
2923 2903 3196 2970 καθεκτὴν
3239 2900 3553 2970 Ῥωμαίοις,
3588 2901 3636 2953 ει
3680 2899 4031 2969 τὸνβασιλέα

2459 2994 2746 3063 Ῥωμαίων
2783 2993 3023 3063 ’Δραὸες
3056 2993 3403 3063 αἰχμάλωτον
3446 2992 3703 3046 λάϐωσιν.
3756 2991 3816 3044 Ὀ
3838 2991 3898 3043 δέ
3934 2990 4030 3061 βα-

773 3083 969 3137 timore
1018 3085 1168 3140 sanis
1204 3085 1373 3139 animi
1415 3087 1723 3141 rationibus
1766 3088 2015 3159 dejectus
2044 3088 2112 3143 ad
2156 3091 2345 3146 Persas

2454 3088 2638 3153 σιλεὺς
2664 3086 2745 3157 τῷ
2764 3086 2874 3140 δέει
2909 3088 3005 3139 τοῦ
3027 3085 3427 3155 καθεστηκότος
3464 3084 3662 3147 ἐκστὰς
3687 3085 4031 3154 προσρυῖνιαι

773 3189 968 3229 rursus
999 3176 1142 3231 elabi
1186 3177 1485 3231 nitebatur.
1540 3179 1600 3233 In
1659 3195 1824 3249 quem
1865 3181 2079 3236 Manuel
2130 3192 2348 3238 arrecto

773 3264 954 3333 gladio
977 3266 1130 3334 quasi
1158 3281 1526 3335 percussurus
1550 3270 1881 3325 minabatur.
1908 3272 2213 3342 Imperator
2240 3283 2350 3328 ter-

777 3369 899 3410 rore
934 3365 1089 3411 actus
1139 3357 1451 3428 invitusque
1490 3359 1654 3430 803
1700 3371 1925 3417 secutus
1960 3363 2047 3417 vix
2091 3364 2351 3419 incolumi

778 3445 885 3499 vita
916 3446 1111 3501 evasit.
1147 3447 1278 3501 Inde
1314 3449 1517 3517 probro
1564 3451 1887 3521 ingentique
1931 3452 2163 3509 affectus
2197 3456 2352 3512 clade

780 3537 1081 3608 Dorylreum
1114 3541 1434 3594 revertitur.
1463 3542 1674 3596 lllanuel
1709 3559 1777 3597 ex
1803 3545 2044 3614 acceptis
2077 3546 2132 3603 in
2165 3548 2354 3616 prailio

780 3628 952 3698 plagis
973 3639 1246 3700 aegrotans
1274 3631 1396 3687 fatis
1419 3632 1639 3689 functus
1660 3646 1767 3696 est.
1795 3651 1919 3690 cum
1946 3638 2163 3707 egregia
2185 3638 2355 3694 multa

779 3721 911 3775 belli
938 3720 1182 3776 facinora
1221 3722 1485 3779 adversus
1509 3726 1788 3795 Agarenos
1822 3727 2183 3799 designasset.
2229 3730 2357 3800 Ejus

781 3813 1011 3871 relatum
1069 3830 1269 3883 corpus
1318 3815 1373 3868 in
1424 3818 1758 3871 monasterio
1807 3816 1877 3872 ab
1932 3819 2052 3888 ipso
2108 3819 2357 3875 Manuele

782 3908 1005 3962 condito
1034 3908 1347 3978 depositum
1374 3920 1478 3975 est,
1514 3912 1663 3981 iuxta
1697 3913 1993 3969 cisternam
2022 3916 2270 3986 Asparis.

851 4081 938 4135 9.0.
983 4082 1283 4139 Confestim
1320 4086 1505 4143 Persis
1547 4088 1760 4159 objecta
1802 4091 2033 4147 crimina
2075 4094 2217 4163 apud
2259 4094 2359 4148 im-

785 4182 1127 4241 peratorem,
1189 4177 1460 4247 minaeque
1519 4179 1801 4235 intentata:
1860 4183 2123 4239 adversus
2176 4184 2359 4239 Theo-

784 4266 1031 4336 phobum
1066 4276 1323 4337 tanquam
1364 4271 1628 4327 rebellem
1665 4290 1729 4329 ac
1761 4274 2119 4345 perduellem.
2150 4275 2362 4343 Quibus

2452 3181 2613 3235 πάλιν
2661 3182 2779 3243 τοῖς
2816 3178 3055 3249 Πέρσαις
3097 3177 3381 3247 ἠϐούλετο.
3437 3177 3495 3229 '0
3565 3178 3621 3229 δὲ
3673 3176 3936 3247 Μανουὴλ
3975 3179 4032 3227 τὸ

2453 3274 2607 3342 ξίφος
2638 3271 2910 3326 ἀνέτεινεν
2944 3269 3020 3330 ὡς
3050 3266 3310 3332 πατάξων
3348 3266 3535 3319 αὐτόν.
3587 3265 3643 3316 '0
3672 3264 3729 3317 δὲ
3772 3264 4031 3333 φοϐηθεὶς

2453 3364 2546 3419 καὶ
2577 3364 2725 3418 ἄκων
2744 3362 3047 3426 συνείπετο,
3085 3360 3235 3429 μόλις
3263 3357 3568 3420 διασωθείς.
3604 3357 3877 3410 Κάκεῖθεν
3906 3358 4033 3407 ὐπο-

2460 3457 2685 3527 στρὲφει
2732 3458 2791 3508 ἐν
2822 3453 2901 3523 τῷ
2936 3452 3217 3522 Δορυλαίῳ
3250 3451 3371 3521 μετ’
3416 3450 3677 3519 αἰσχύνης
3719 3450 3816 3502 καὶ
3862 3452 4032 3519 ἣττης

2456 3550 2675 3619 πολλῆς.
2726 3548 2787 3600 '0
2815 3548 2873 3600 δέ
2902 3545 3163 3613 Μανουὴλ
3206 3546 3264 3597 ἐν
3298 3543 3377 3613 τῷ
3425 3544 3648 3612 πολέμῳ
3670 3542 3908 3613 τρωθεὶς
3939 3543 4030 3593 καὶ

2455 3640 2686 3709 νοσήσας
2716 3637 3054 3706 ἐτελεύτησε,
3086 3634 3173 3706 [Ρ.
3228 3634 3353 3705 522]
3398 3633 3602 3695 πολλὰς
3662 3632 4033 3701 ἀνδραγαθίας

2456 3729 2598 3785 κατὰ
2640 3728 2750 3783 τῶν
2804 3727 3120 3798 Ἀγαρηνῶν
3177 3726 3598 3796 ἐνστησάμενος.
3633 3725 3708 3778 Τὸ
3755 3724 3815 3777 δέ
3876 3724 4033 3792 σῶμα

2456 3820 2621 3875 αὐτού
2656 3816 3026 3888 ἀξποκομισθέν
3053 3815 3214 3885 ἐτέθη
3240 3817 3299 3867 ἐν
3326 3816 3391 3885 τῇ
3417 3815 3509 3867 ὑπ’
3537 3811 3705 3866 αὐτοῦ
3739 3812 4026 3880 κτισθείσῃ

2463 3914 2597 3984 μονῇ
2630 3911 2723 3965 τοῦ
2745 3909 3023 3981 Μανουὴλ,
3055 3908 3319 3977 σύνεγγυς
3340 3906 3442 3976 τῆς
3468 3906 3792 3977 κινστέρνης
3825 3906 4035 3957 ’Δσπα-

2464 4024 2575 4077 Poc-

2533 4105 2602 4153 κ’.
2635 4099 2744 4151 Καὶ
2794 4096 2956 4159 εὐθὺς
3006 4094 3255 4149 διαϐολαὶ
3311 4093 3455 4147 κατὰ
3490 4091 3719 4163 Περσῶν
3772 4091 3916 4162 πρὸς
3945 4093 4036 4143 τὸν

2464 4188 2707 4259 βασιλέα,
2739 4187 2838 4242 καὶ
2887 4186 3111 4241 ἀπειλαὶ
3149 4185 3293 4239 κατὰ
3330 4184 3605 4252 θεοφόὸου
3653 4183 3730 4247 ὡς
3768 4184 4036 4254 animo

2463 4281 2559 4334 καὶ
2604 4278 2863 4348 προδότου
2916 4276 3012 4330 καὶ
3066 4273 3389 4345 δυσμενοῦς.
3423 4275 3491 4325 Ἀ
3542 4271 3733 4341 μαθὼν
3770 4270 4039 4340 Θεόφοόος

787 4359 1162 4430 TheOphobus
1202 4363 1464 4433 cognitis,
1502 4369 1800 4438 assumptis
1844 4370 2056 4435 Persis,
2100 4370 2345 4437 Sinopen

2463 4374 2588 4434 τοὺς
2624 4373 2837 4441 Πέρσας
2882 4366 3172 4423 ἀναλαϐὼν
3207 4366 3476 4435 κατῆλθεν
3500 4366 3603 4427 ἕως
3639 4363 3916 4433 Σινώπης,
3948 4366 4041 4415 καὶ

790 4466 965 4519 usque
1004 4432 1309 4518 descendit,
1341 4464 1665 4528 captamque
1692 4432 1913 4531 tyranni
1968 4432 2249 4532 potestate
2279 4474 2345 4519 te-

2432 4451 2435 4473 ’
2464 4432 2667 4531 ταύτην
2697 4432 3034 4529 παραλαϐὼν
3054 4459 3274 4526 κατεῖχε
3301 4432 3662 4526 τυραννικῶς.
3680 4432 3862 4523 Ὅπερ
3885 4455 4043 4522 γνοὺς

788 4542 929 4596 nuit.
966 4543 1271 4613 Imperator
1316 4548 1410 4603 ubi
1453 4552 1694 4619 rescivit,
1731 4553 1937 4623 ingenti
1978 4556 2106 4611 inde
2134 4557 2365 4613 allectus

790 4649 1050 4701 mcerore,
1088 4638 1296 4693 veritus
1324 4640 1537 4697 scilicet
1576 4658 1646 4697 ne
1691 4644 1728 4697 ii
1765 4645 1833 4699 ad
1876 4647 2083 4702 Arabes
2122 4649 2365 4703 conﬂue-

794 4733 938 4789 rent,
982 4725 1036 4778 in
1083 4726 1508 4799 Paphlagoniam
1539 4749 1711 4802 usque
1752 4734 1871 4805 ipse
1901 4738 2086 4803 venit;
2127 4738 2364 4808 dataque

790 4816 871 4869 eis
927 4818 1240 4873 securitatis
1280 4820 1384 4875 ﬁde
1439 4833 1828 4895 assumptoque
1869 4827 2207 4898 Theopbobo
2256 4847 2364 4885 una

792 4925 917 4962 cum
969 4910 1061 4963 illo
1109 4911 1162 4965 in
1199 4914 1394 4969 urbem
1442 4931 1697 4973 reversus
1741 4928 1855 4983 est,
1910 4921 2093 4975 Persis
2141 4923 2367 4991 reliquis

794 5014 862 5054 eo
896 5000 1317 5068 divertentibus,
1350 5006 1444 5059 ubi
1482 5021 1511 5059 a
1554 5010 1825 5079 principio
1870 5010 2029 5067 sedes
2079 5011 2187 5065 illis
2233 5012 2367 5066 assi-

794 5100 971 5160 gnatas
1022 5104 1199 5148 erant.
1240 5096 1579 5166 Diligebatur
1621 5110 1804 5155 autem
1845 5102 2215 5171 Thcopbobus
2254 5118 2363 5156 non

798 5182 981 5236 minus
1017 5198 1046 5237 a
1080 5185 1293 5241 civibus
1327 5203 1490 5257 quam
1527 5206 1557 5245 a
1598 5190 1798 5257 Persis,
1842 5194 2042 5263 quippe
2083 5194 2176 5263 qui
2223 5205 2367 5249 esset

797 5276 1157 5333 nrtlmdoxus.

867 5370 956 5422 2|.
1002 5372 1215 5428 Accidit
1262 5391 1359 5445 per
1400 5376 1451 5431 id
1494 5386 1706 5448 tempus
1748 5389 1806 5433 ut
1857 5382 2239 5450 imperatorem
2298 5379 2364 5434 ad

2465 4555 2495 4607 ὁ
2519 4552 2772 4621 βασιλεὺς
2812 4551 2906 4606 καὶ
2937 4552 2997 4602 ἐν
3046 4548 3258 4619 μεγάλῃ
3292 4547 3435 4618 λύπῃ
3484 4546 3778 4616 γενόμενος
3832 4544 4040 4613 (ἐδεδίει

2467 4645 2578 4713 γὰρ
2636 4642 2711 4713 μή
2764 4658 2881 4703 πως
2920 4638 3283 4711 παραρῤυῶσι
3320 4639 3434 4700 τοῖς
3468 4635 3699 4706 Ἀραψι)
3748 4634 3849 4688 καὶ
3882 4635 4041 4703 μέχρι

2470 4734 2851 4802 Παφλαγονίας
2881 4731 3043 4794 αὐτὸς
3073 4731 3261 4802 ama-
3301 4730 3396 4782 καὶ
3424 4728 3585 4796 λόγον
3617 4727 3807 4789 aurai;
3839 4725 3917 4788 ὡς
3948 4726 4041 4776 οὐ·

2464 4826 2553 4879 δὲν
2579 4827 2750 4878 δεινὸν
2777 4824 3052 4877 πείσονται
3078 4820 3349 4883 δεδωκὼς,
3381 4819 3584 4872 καὶτὸν
3610 4817 3887 4885 Θεόφοὸον
3912 4819 4045 4869 ἀνα.-

2472 4917 2790 4985 λαϐόμενος,
2816 4913 3122 4985 ὑπέστρεψε
3155 4913 3273 4983 μεθ’
3306 4912 3498 4965 ἑαυτοῦ
3529 4912 3586 4963 ἐν
3626 4912 3693 4979 τῇ
3731 4910 3907 4969 πόλει,
3938 4910 4048 4961 τῶν

2471 5010 2647 5065 ἄλλων
2696 5008 2923 5079 Περσῶν
2958 5006 3422 5077 παραγενομένων
3468 4998 3641 5072 οὗπερ
3687 5004 4048 5070 κατεσκηνώ-

2473 5102 2645 5169 θησαν
2696 5102 2755 5165 ἐξ
2793 5100 2988 5171 ἀρχῆς.
3037 5099 3317 5165 Ἠγαπᾶτο
3363 5097 3419 5148 δὲ
3459 5095 3729 5163 Θεὸφοόος
3758 5094 3915 5163 παρα
3940 5095 4048 5144 τῶν

2473 5194 2704 5247 πολιτῶν
2732 5195 2830 5263 οὐχ
2867 5187 3027 5263 ἦττον
3058 5191 3089 5260 ἦ
3132 5190 3243 5241 τῶν
3275 5188 3498 5259 Περσῶν
3530 5189 3605 5249 ὡς
3632 5184 3935 5257 ὀρθὸδσξος.

2545 5380 2650 5427 κα’.
2689 5374 2821 5425 Τότε
2868 5370 2932 5441 δὴ
2976 5369 3245 5440 γινομένῳ
3284 5369 3329 5399 ’⁸
3375 5366 3452 5437 τῷ
3501 5366 3712 5435 βασιλεῖ
3742 5365 3881 5436 πρὸς
3907 5365 4045 5417 Βλα-

2074 5534 2307 5591 ΥᾹΙΗᾸΞ
2350 5527 2751 5589 [ΕΕΤΙΟΝΕὸ.

880 5668 924 5697 ¹³
948 5668 1062 5733 ἅμα
1082 5668 1139 5717 Ρ.

1131 5710 1149 5765 ..
1220 5670 1260 5698 ’δ
1290 5669 1612 5738 διεῤῥύηκεν
1649 5672 1707 5721 (ἒ.
1786 5674 1825 5702 ⁸³
1858 5672 1949 5723 ἐπί
1980 5670 2245 5741 Bessis-i3).
2278 5672 2339 5723 (Σ.

1181 5740 1259 5765 λ-.
1390 5742 1546 5765 .._--.'..
1583 5741 1680 5765 ._.!.I
1732 5742 1767 5765 Ι·
1872 5744 1913 5765 ιιι
1942 5742 2082 5765 ___’-_
2104 5760 2143 5765 ...
2267 5758 2295 5765 _

814 5738 927 5806 pla-1
971 5740 1025 5791 l’.
1110 5738 1201 5791 "t.

1209 5756 1262 5790 τε
1299 5766 1364 5779 -
1390 5742 1549 5794 κακία
1580 5741 1700 5796 add.
1732 5742 1789 5796 (1.

2416 5672 2455 5701 ¹¹’
2482 5672 2539 5722 οὗ
2570 5686 2669 5723 om.
2712 5670 2774 5723 C.
2856 5669 2892 5699 ¹⁷
2930 5670 3129 5720 κακία-ι
3152 5697 3220 5708 -
3248 5665 3506 5737 πονηρία]
3538 5668 3737 5722 κακίαν
3757 5669 3849 5722 καὶ
3870 5683 4035 5738 πανη-

1872 5744 1913 5773 ¹³⁸
1942 5742 2143 5795 τούτων
2176 5738 2237 5781 -⁷-
2266 5758 2316 5810 p.
2354 5741 2455 5795 810
2490 5742 2797 5809 κατέθηκαν
2861 5756 2965 5795 om.
3011 5738 3072 5793 C.
3153 5740 3195 5772 ²⁹
3218 5739 3422 5807 γίνεται
3453 5738 3514 5794 Ρ.
