4158 6438
114 351 216 421 865

1208 362 1403 423 HTE
1445 360 1994 452 RECENTIORUM
2038 367 2237 427 IMPP.

3256 374 3368 438 866

114 470 355 539 κέρναις.
387 468 531 522 καθὰ
575 468 799 529 εἴθιστο.
838 470 1147 539 ὑπάντησιν
1184 471 1438 541 αύτῷτις
1472 472 1689 541 119032).-

1806 471 2134 528 Blachernas
2169 491 2486 544 processum
2526 478 2817 535 habentem
2848 480 3120 553 quispiam
3161 483 3375 538 obviam

114 561 215 611 θὼν
248 560 345 612 καὶ
371 560 545 628 λέγων
573 559 733 612 ὃτι⁹0
762 561 946 623 ἵππος
971 555 1019 628 ᾧ
1041 561 1337 630 ἐποχεῖται
1358 562 1691 628 ἠβιισιλεία

109 652 587 719 σανέμόςέστιν.
625 652 732 705 Τοῦ
781 653 838 705 δὲ
896 655 1063 705 ἵππου
1115 654 1445 725 σκιρτῶντος
1490 655 1578 707 διὰ
1630 654 1692 705 τὸ

109 744 391 811 αἰφνιδίως
422 744 729 812 προσιέναι,
764 746 858 797 καὶ
887 745 980 797 τοῦ
1009 746 1272 814 βασιλέως
1300 745 1489 798 τοῦτον
1522 762 1691 798 κατα-

111 835 357 902 σχόντος,
383 834 475 887 τδν
508 837 725 905 κόμητα
752 835 846 888 τοῦ
882 836 1113 890 στὰὅλου
1146 836 1504 906 ἐπηρώτησεν
1534 840 1559 889 ό
1590 836 1694 906 βα-

110 925 315 989 σιλεὺς,
357 928 527 993 Τίνος
565 928 738 981 ἐστὶν
768 931 802 981 ὁ
831 928 1051 994 ἵππος;
1086 927 1149 983 Ὀ
1177 928 1236 980 δὲ
1262 928 1387 998 ἔφη’
1418 926 1472 979 Ὀ
1502 929 1692 995 κόμης

108 1019 213 1072 τοῦ
290 1021 536 1088 όψικίου
596 1022 956 1076 ἀπέστειλεν
1017 1023 1207 1076 αὑτὸν
1278 1022 1353 1089 τῇ
1406 1022 1691 1088 βασιλείᾳ

109 1127 248 1165 σου.
282 1113 489 1166 Τούτου
516 1114 571 1166 δὲ
598 1116 653 1167 ἐν
680 1117 746 1185 τῇ
776 1115 928 1167 πόλει
959 1115 1298 1186 εὑρεθέντος,
1330 1118 1395 1185 τῇ
1428 1114 1691 1184 ἐπαύριον

108 1202 333 1268 ἀγαγὼν
369 1203 531 1256 αὐτὸν
556 1207 583 1253 ὁ
625 1206 878 1274 βασιλεὺς
908 1209 1002 1259 καὶ
1031 1208 1120 1261 τὸν
1147 1208 1515 1277 προσελθόντα
1544 1208 1691 1279 αὐτῷ

108 1295 235 1363 ἔφη·
271 1297 423 1348 Εἰπὲ
450 1299 516 1349 τὸ
544 1297 790 1364 ἀληθὲς,
823 1300 989 1364 τίνος
1014 1300 1186 1353 ἐστὶν
1231 1302 1263 1353 ὁ
1297 1301 1520 1366 ἵππος;
1558 1301 1622 1354 Ὀ
1646 1302 1689 1355 δ’

105 1387 433 1454 ἀποκριθεὶς
460 1383 632 1454 εἶπεν,
666 1391 748 1442 ὅτι
795 1391 960 1458 Ἐμὸς
995 1387 1093 1462 ἦν,
1124 1392 1221 1445 καὶ
1250 1393 1617 1458 ἀποστείλας
1658 1397 1690 1446 ὀ

110 1479 455 1545 στρατηγός
506 1480 833 1535 ἁνελάὄετο
899 1484 1091 1536 αὐτόν
1121 1485 1336 1550 ,βιαίως
1391 1486 1491 1537 ἀπ’
1519 1485 1687 1555 ἐμοῦ,

102 1568 256 1634 μήτε
289 1570 513 1639 τίμημά
551 1589 645 1638 μοι
678 1571 828 1640 δοὺς
851 1574 1005 1643 μήτε
1030 1575 1277 1645 ἀξίωμα.
1316 1572 1445 1630 Eius
1469 1577 1523 1629 δὲ
1557 1578 1692 1647 πρὸς

103 1662 195 1712 τὸν
224 1662 448 1732 κόμητα
473 1664 499 1715 6
533 1663 809 1731 βασιλεὺς,
839 1666 985 1719 Εἰπὲ
1008 1669 1060 1720 εὶ
1092 1668 1275 1731 οὕτως
1301 1670 1445 1737 ἔχει,
1474 1670 1568 1722 καὶ
1596 1668 1692 1722 διὰ

104 1752 162 1803 τί
185 1753 272 1822 μὴ
304 1754 623 1822 ἀποκόψας
647 1757 689 1787 ’³
735 1758 869 1824 περὶ
926 1758 1037 1812 τοῦ
1088 1760 1278 1813 ἵππου
1325 1760 1691 1827 ἀπέστειλάς

1797 563 1981 618 factus
2022 566 2338 635 accederet,
2381 577 2545 639 atque
2576 570 2785 627 diceret
2814 591 2826 626 :
2860 574 3044 645 Equus
3075 576 3159 628 cui
3191 576 3377 627 insidet

1795 659 2048 729 majestas
2094 668 2215 725 tua,
2267 680 2413 717 meus
2459 674 2554 719 est.
2613 666 2912 722 Exsiliente
2965 684 3129 738 equo,
3168 668 3248 722 sic
3292 685 3381 720 re-

1793 753 2020 821 pentino
2051 769 2311 819 occursu,
2348 759 2650 828 volensque
2681 760 2977 830 imperator
3017 761 3195 829 ipsum
3241 760 3383 814 deti-

1794 855 1925 895 nere
1954 882 1967 905 ,
2009 843 2206 911 quzcrit
2257 861 2321 898 ex
2376 848 2576 901 comite
2644 850 2845 904 stabuli
2880 852 3166 920 cujusnam
3205 867 3381 920 equus

1794 942 1959 986 esset.
2002 933 2307 1004 Respondit
2336 937 2426 991 ille
2460 956 2472 991 :
2513 936 2706 1009 Opsicii
2735 958 2903 995 comes
2940 942 3079 995 misit
3111 941 3380 1011 majestati

1796 1032 1918 1078 tuae.
1966 1025 2131 1097 804
2170 1028 2428 1083 Inventus
2475 1031 2563 1085 ille
2610 1032 2663 1085 in
2700 1032 2833 1086 urbe
2868 1034 2922 1086 in
2965 1036 3268 1088 crastinum
3314 1034 3379 1085 ad

1794 1109 2180 1180 imperatorem
2230 1115 2542 1181 adducitur,
2582 1133 2704 1171 cum
2741 1135 2806 1173 eo
2836 1120 2930 1188 qui
2964 1121 3140 1188 ipsum
3181 1136 3379 1174 conve-

1793 1211 1971 1267 nerat,
2018 1212 2182 1272 atque
2222 1205 2521 1274 imperator
2552 1224 2564 1260 :
2602 1208 2787 1262 Verum
2821 1210 3029 1279 loquere
3053 1227 3070 1264 :
3104 1213 3380 1278 cujusnam

1794 1306 1955 1359 equus
2012 1292 2132 1343 est?
2192 1293 2496 1362 Respondit
2540 1295 2669 1348 ille:
2718 1295 2859 1349 Meus
2909 1308 3022 1361 est;
3072 1302 3380 1365 mittensque

1794 1390 1988 1449 prwtor
2046 1398 2138 1450 per
2190 1385 2291 1436 rim
2354 1402 2384 1437 (ι
2450 1402 2531 1437 me
2571 1385 2823 1451 abstulit,
2895 1404 3057 1456 neque
3114 1389 3379 1458 persoluto

1795 1474 1961 1542 pretio
2011 1491 2174 1545 neque
2213 1477 2470 1545 dignitate
2509 1494 2775 1533 concessa.
2830 1479 2968 1533 Tum
3004 1480 3069 1533 ad
3121 1482 3377 1534 comitem

1795 1564 2133 1633 imperator:
2182 1566 2371 1630 Dicito,
2406 1583 2533 1619 num
2566 1585 2621 1620 se
2666 1571 2740 1623 ita
2784 1587 2863 1623 res
2910 1572 3119 1633 habent,
3169 1590 3231 1624 ac
3257 1573 3381 1642 quid

1794 1675 1966 1712 causa'
2003 1661 2069 1712 sit
2108 1676 2202 1711 cur
2252 1676 2355 1711 non
2402 1660 2669 1729 persoluto
2708 1663 2824 1727 equi
2865 1664 3028 1731 pretio
3058 1680 3174 1715 eum
3209 1664 3279 1716 ad
3302 1680 3383 1716 me

1799 1753 2021 1805 miseris.
2066 1752 2366 1822 Respondit
2416 1753 2546 1807 ille:
2591 1753 2869 1819 Quterebat
2915 1764 2969 1807 ut
3006 1756 3259 1809 scholuris
3288 1757 3384 1825 ﬁe-

100 1861 202 1911 μοι
258 1846 468 1899 αὐτόν.
515 1846 575 1898 '0
622 1845 679 1899 δὲ
721 1847 827 1917 itm
879 1850 982 1901 ὃτιο
1047 1848 1344 1917 Ἐπεζήτει
1406 1854 1687 1920 γενέσθαι

1796 1850 1904 1903 ret;
1952 1859 2042 1911 ego
2076 1859 2219 1906 vero,
2261 1859 2377 1895 eum
2423 1845 2552 1897 mihi
2594 1861 2697 1896 non
2746 1844 2966 1915 liqueret
3008 1862 3077 1897 an
3120 1847 3201 1898 vir
3231 1847 3381 1914 fortis

101 1937 463 2005 σχολάριος·
500 1938 615 2007 ἐγὼ
653 1939 723 1992 δὲ
750 1940 836 2010 μὴ
870 1940 1042 2007 εἰδὼς
1071 1941 1160 1996 ὅτι
1190 1943 1463 2012 ἀνδρεῖός
1494 1945 1683 2011 ἐστιν,

102 2030 402 2099 παρεῖχον
427 2033 617 2085 αὐτὸν
646 2035 985 2102 νομίσματα
1005 2035 1241 2089 ἑκατόν·
1267 2041 1300 2091 ό
1324 2037 1391 2089 δὲ
1417 2039 1528 2090 οὐκ
1548 2038 1689 2091 ἔλα·

101 2124 211 2174 εεν
250 2122 426 2176 αὐτά.
464 2122 522 2176 '0
550 2124 607 2176 δὲ
638 2122 892 2192 βασιλεὺς
926 2124 1051 2195 ἔφη·
1087 2126 1195 2179 Καὶ
1221 2126 1318 2181 διὰ
1340 2126 1512 2197 τίμὴ
1544 2129 1687 2182 ἁπο-

101 2214 310 2281 κοπὴν
354 2215 590 2267 τελείαν
643 2216 773 2283 μετ’
822 2217 1009 2269 αὐτοῦ
1068 2219 1481 2287 ποιησάμενος
1568 2220 1685 2274 ἀπ-

101 2306 395 2371 έστειλάς
415 2323 514 2375 μοι
541 2306 649 2360 τὸν
674 2308 891 2373 fautor;
925 2308 1438 2382 Καὶὲρευνήσαντος
1465 2310 1559 2365 τοῦ
1593 2312 1688 2383 βα-

104 2396 325 2459 σιλέως,
351 2398 448 2450 καὶ
485 2398 992 2469 πληῳφορηθέντος
1029 2400 1104 2463 ὡς
1135 2400 1323 2471 βιαίως
1350 2402 1512 2456 αὑτὸν
1536 2402 1687 2473 ἀφεξ-

102 2489 259 2550 λατο,
307 2489 399 2541 τὸν
453 2490 551 2560 μὲν
601 2491 981 2562 στρατηλάτην
1011 2495 1124 2555 τοῖς
1174 2495 1510 2563 προσήκουσι
1548 2511 1686 2565 μαγ-

101 2584 358 2648 γλαόίοις
392 2584 745 2652 ἐσωφρόνισε,
783 2582 863 2652 τῷ
904 2584 960 2636 δὲ
996 2584 1349 2653 προσελθόντι
1391 2585 1539 2655 αύτῷ
1582 2588 1687 2639 ἀπ-

103 2673 343 2741 έστρεψε
400 2674 492 2725 τὺν
545 2674 731 2727 ἵππον.
774 2674 835 2727 '0
865 2673 921 2726 δὲ
941 2672 1130 2727 τοῦτον
1157 2673 1257 2727 οὐκ
1286 2674 1560 2746 ἡδουλήθη
1593 2675 1686 2728 λασ

102 2763 246 2828 δεῖν,
301 2763 460 2817 ἔλαϐε
506 2765 567 2817 δὲ
609 2765 750 2835 ὑπὲρ
792 2764 961 2817 αὐτοῦ
1004 2764 1196 2835 λίτρας
1230 2765 1342 2831 δύο,
1377 2765 1688 2836 ὁρισθέντος

101 2855 203 2907 καὶ
228 2854 327 2907 τοῦ
365 2855 674 2925 στρατηγοῦ
698 2854 993 2924 δοκιμάσαι
1025 2855 1208 2920 αὐτὸν,
1242 2854 1338 2908 καὶ
1367 2858 1415 2907 ει
1446 2856 1690 2924 ἁνῖρεῖός

100 2949 249 3012 ἐστι,
282 2949 508 3017 ποιῆσαι
556 2948 716 3000 αὑτὸν
760 2948 1063 3019 σχολάριον.
1091 2947 1198 3000 Τοῦ
1228 2946 1314 3019 [Ρ.
1360 2948 1484 3019 525]
1517 2949 1573 3001 δὲ
1613 2951 1689 3012 εἰς

101 3038 351 3108 πόλεμον
400 3039 761 3103 ἀπελθόντος,
817 3042 875 3093 ὲν
926 3043 991 3111 τῇ
1043 3039 1285 3110 συμϐολῇ
1316 3040 1392 3104 ὡς
1426 3040 1600 3104 δειλὸς
1634 3042 1690 3092 ὲν

99 3135 216 3195 τοῖς
273 3132 568 3200 φεύγουσιν
612 3134 858 3204 εὑρεθεὶς
892 3134 1220 3203 κατεσφάγη
1253 3134 1357 3186 ὑπο
1384 3133 1493 3187 τῶν
1528 3133 1686 3187 πολε-

102 3226 273 3291 μὶων.

173 3317 288 3385 κβ’.
335 3317 625 3385 Γεγονότος
654 3316 711 3370 δὲ
742 3316 836 3369 τοῦ
866 3316 1132 3387 βασιλέως
1178 3319 1259 3381 εἰς
1306 3318 1603 3388 πρόκενσον
1629 3320 1686 3370 ἐν

97 3411 180 3481 τῷ
216 3410 479 3478 Βρύαντι,
512 3405 676 3481 ἦλθεν
725 3410 877 3479 αὐτῷ
923 3411 1147 3481 μήνυμα
1177 3411 1327 3481 παρὰ
1378 3411 1471 3463 τοῦ
1519 3428 1684 3480 στρα-

97 3504 279 3572 τηγοῦ
315 3502 427 3555 τῶν
473 3503 810 3574 ἀνατολικῶν
857 3504 933 3566 ὡς
980 3504 1063 3555 ὅτι
1103 3505 1131 3556 ό
1190 3504 1686 3574 πρωτοσύμϐουλος

98 3594 343 3661 ἐξελθὼν
384 3594 524 3664 μετὰ
566 3572 814 3666 ἱπλήθους
870 3572 1245 3667 ὲκπορθήσωνή
1276 3595 1578 3665 ἀπέρχεται
1628 3598 1687 3649 τὸ

110 3685 399 3754 Ἀμόριον.
458 3684 516 3737 '0
570 3685 626 3737 δὲ
683 3687 751 3737 τὰ
810 3686 1175 3755 νενομισμένα
1213 3686 1290 3755 τῷ
1348 3688 1564 3759 στρατῴ
1596 3689 1687 3740 καὶ

96 3779 214 3838 τοῖς
268 3776 498 3844 ἄρχουσι
529 3775 751 3843 ποιῆσαι
778 3777 821 3807 "
848 3777 1129 3846 συντόμως
1180 3778 1345 3846 μέχρι
1388 3780 1683 3831 Καππαδοο

98 3869 225 3929 χίας
254 3865 504 3934 ἐξῆλθεν.
546 3864 604 3917 '0
639 3866 696 3918 δὲ
746 3866 1132 3937 ’Λμερουμνῆς
1162 3868 1511 3937 ἁποχωρίσας
1568 3888 1689 3921 πεν-

98 3960 349 4028 τήκοντα
400 3956 646 4026 χιλιάδας
685 3955 836 4023 λαοῦ,
874 3960 969 4011 καὶ
1018 3960 1107 4011 τὸν
1140 3960 1365 4030 Σουδαῆ,
1394 3962 1687 4030 ὀνομαστό-

96 4068 267 4103 τατον
322 4054 384 4102 ὲν
431 4052 542 4112 τοῖς
586 4050 910 4120 Ἀγαρηνοῖς
957 4050 1087 4104 ὄντα
1130 4050 1221 4103 ἐπε
1257 4068 1315 4104 τε
1360 4052 1548 4125 ἀνδρίᾳ
1594 4056 1688 4108 καὶ

99 4142 398 4211 φρονήσει,
426 4140 550 4203 δοὺς
580 4142 763 4203 αὐτοῖς
794 4142 1059 4211 κεφαλὴν,
1089 4143 1377 4197 ἀπέστειλε
1422 4146 1561 4199 κατὰ
1593 4147 1686 4199 τοῦ

101 4235 397 4304 βασιλέως.
425 4234 799 4304 Συμϐαλόντες
826 4235 882 4287 δὲ
909 4236 1165 4305 πόλεμον,
1197 4237 1450 4307 ἡττηθεὶς
1479 4240 1506 4290 6
1537 4238 1689 4310 βασι-

99 4328 230 4390 λεὺς
288 4324 489 4394 ἔφυγεν
540 4326 634 4378 καὶ
686 4327 803 4396 μετ’
835 4327 1096 4396 αἰσχύνης
1143 4327 1481 4398 ὑπέστρεψεν
1539 4330 1691 4399 μόλις

98 4418 418 4481 διασωθείς.
472 4418 529 4470 Ὀ
584 4418 640 4470 δὲ
691 4418 1046 4489 ἀμερουμνῆς
1083 4419 1335 4472 ἀπελθὼν
1364 4421 1501 4491 μετὰ
1528 4422 1689 4476 δυνά-

1794 1945 1945 1999 csset,
1979 1944 2187 1987 centum
2228 1952 2470 1989 nummos
2520 1937 2566 1987 ei
2597 1937 2892 1998 tradebant,
2940 1937 3211 2007 uoluitque
3240 1940 3381 1993 acci-

1794 2042 1934 2096 pere.
1985 2026 2075 2079 Ait
2118 2027 2453 2096 imperator:
2492 2025 2689 2091 Quidni
2722 2043 2842 2080 vero
2884 2044 2941 2080 re
2972 2046 3091 2082 cum
3129 2046 3189 2083 eo
3230 2029 3383 2099 plene

1793 2122 2116 2189 composita,
2162 2136 2224 2172 ac
2261 2120 2433 2173 soluto
2466 2122 2605 2190 quod
2650 2131 2961 2175 conventum
3003 2130 3135 2175 esset
3180 2125 3381 2192 pretio,

1794 2228 1981 2281 equum
2031 2214 2100 2265 ad
2142 2229 2222 2265 me
2261 2213 2501 2266 misisti?
2553 2212 2747 2268 Habita
2794 2214 2960 2284 igitur
2999 2215 3380 2292 inquisitione,

1795 2318 1858 2357 ac
1902 2313 2184 2373 comperto
2216 2319 2417 2372 equum
2453 2318 2550 2373 per
2578 2303 2686 2356 vim
2721 2305 2965 2358 ablatum
3002 2321 3144 2369 esse,
3174 2306 3383 2361 militia:

1795 2395 2074 2465 magister,
2125 2394 2327 2463 quibus
2374 2394 2606 2449 decebat
2648 2394 2974 2449 verberibus
3018 2404 3182 2465 atque
3219 2396 3381 2451 fusti-

1796 2488 1897 2541 bus
1937 2486 2236 2555 castigatus
2283 2493 2407 2549 est,
2468 2502 2645 2555 equus
2698 2486 2749 2541 ei
2802 2486 2897 2548 qui
2960 2498 3268 2543 accesserat
3312 2490 3381 2545 ab

1796 2578 2131 2647 imperatore
2182 2576 2451 2630 redditus.
2510 2577 2698 2630 Noluit
2754 2586 2935 2631 tamen
2997 2579 3044 2632 is
3109 2580 3380 2649 accipere,

1795 2671 1892 2724 sed
1928 2671 2049 2740 ejus
2100 2670 2279 2739 pretio
2320 2670 2457 2724 duas
2506 2670 2678 2724 libras
2723 2674 2953 2740 accepit.
3006 2674 3143 2726 Item
3196 2674 3382 2743 jussus

1797 2758 1996 2811 ductor
2042 2758 2318 2811 exercitus
2366 2757 2646 2810 hominem
2691 2757 2952 2826 probare,
3003 2768 3063 2812 ut
3108 2759 3380 2828 siquidem

1797 2848 1882 2901 vir
1920 2847 2079 2901 fortis
2110 2855 2289 2909 esset,
2347 2861 2474 2899 eum
2525 2846 2834 2900 scholarem
2894 2845 3121 2901 faceret.
3162 2848 3257 2903 ille
3312 2850 3381 2903 ad

1800 2942 2005 2995 bellum
2044 2940 2356 3009 profectus,
2395 2940 2449 2992 in
2484 2939 2659 3008 pra-lii
2698 2940 3087 3009 congressione
3121 2948 3379 3011 tanquam

1802 3035 2029 3103 ignavus
2052 3034 2194 3087 inter
2223 3032 2497 3103 fugientes
2527 3040 2797 3101 repertus,
2828 3032 2898 3086 ab
2924 3033 3180 3087 hostibus
3212 3035 3381 3089 inter-

1803 3122 1976 3176 iectus
2005 3128 2107 3176 est.

1860 3325 1952 3379 22.
1995 3324 2329 3392 lmperatore
2376 3329 2558 3373 autem
2605 3319 2671 3372 ad
2716 3320 3015 3391 Bryantem
3060 3336 3380 3390 processum

1794 3420 2030 3474 habente
2077 3417 2227 3471 venit
2270 3415 2497 3469 nuntius
2534 3414 2603 3468 ab
2644 3415 3007 3469 Asiaticorum
3045 3415 3206 3481 duce,
3248 3433 3349 3486 pro

1793 3510 2165 3583 tosv-mbulum
2223 3519 2346 3561 cum
2408 3506 2583 3574 copiis
2647 3521 2927 3575 egressum
3003 3516 3060 3561 et
3116 3507 3380 3564 adversus

1793 3604 2081 3658 Amorium
2146 3600 2409 3670 impetum
2472 3598 2735 3667 dirigere.
2797 3598 3099 3667 Imperator
3157 3602 3222 3654 ad
3281 3611 3381 3655 sti.

1792 3695 1993 3765 pendia
2028 3694 2327 3747 constituta
2377 3692 2537 3746 militi
2573 3688 2737 3761 805
2794 3697 2959 3759 atque
3007 3691 3243 3745 tribunis
3303 3692 3381 3747 fa-

1792 3788 1987 3842 cienda
2048 3785 2335 3839 confestim
2381 3784 2432 3837 in
2481 3784 2882 3853 Cappadociam
2928 3802 3102 3855 usque
3146 3787 3379 3841 descen-

1792 3879 1893 3933 dit.
1947 3878 2308 3931 Amerumnes
2340 3876 2739 3945 quinquaginta
2791 3891 3015 3930 suorum
3064 3879 3310 3933 millibus
3347 3897 3377 3933 a

1794 3972 2010 4038 reliquo
2055 3968 2303 4022 exercitu
2342 3968 2567 4029 avulsis,
2613 3967 2804 4035 eisque
2853 3968 2909 4021 in
2952 3968 3147 4021 ducem
3191 3986 3253 4024 ac
3293 3986 3381 4023 ca-

1794 4072 1893 4132 put
1937 4061 2239 4115 constituto
2279 4057 2482 4122 Sudaé,
2517 4059 2639 4112 viro
2672 4058 2814 4111 inter
2846 4062 3125 4129 Agarenos
3155 4059 3378 4115 fortitu-

1793 4152 1941 4207 dinis
1970 4150 2131 4204 laude
2168 4165 2229 4203 ac
2268 4148 2575 4219 prudentia:
2612 4148 3071 4213 nominatissimo,
3114 4150 3380 4207 adversus

1794 4242 2182 4311 imperatorem
2227 4239 2395 4292 misit.
2428 4238 2735 4292 Commisso
2767 4238 2955 4307 praalio
2989 4240 3169 4294 victus
3205 4241 3379 4310 impec

1796 4339 1946 4386 rator
1979 4329 2141 4399 fugit,
2176 4338 2340 4398 atque
2374 4327 2580 4398 probro
2614 4344 2677 4381 ac
2711 4327 2983 4384 dedecore
3026 4329 3188 4384 rediit
3226 4331 3374 4385 inco-

1794 4422 1979 4477 lumis.
2018 4420 2301 4477 Profectus
2333 4434 2464 4474 vero
2501 4420 2863 4474 Amerumnes
2898 4436 3021 4474 eum
3064 4421 3379 4491 ingentibus

105 4530 253 4581 μεως
291 4509 494 4580 πολλῆς
527 4511 977 4581 περιεχαράκωσε
1033 4511 1094 4563 τὺ
1150 4512 1425 4583 ’Λμόριον,
1469 4516 1562 4566 καὶ
1593 4533 1689 4567 πο-

1796 4519 1970 4588 copiis
2022 4516 2307 4571 Amorium
2356 4515 2496 4569 vallo
2551 4514 2741 4585 cingit.
2794 4515 2907 4569 Nec
2962 4523 3139 4569 tamen
3191 4517 3381 4573 multis

100 4607 313 4677 λέμους
360 4604 589 4667 πολλοὺς
627 4606 860 4675 ποιήσας
903 4606 1005 4658 οὐκ
1066 4606 1283 4676 ἴσχυσεν
1314 4609 1446 4661 αὐτὸ
1489 4610 1690 4681 ἐκπορ-

102 4696 299 4763 θῆσαι,
334 4694 603 4761 γενναίως
648 4695 744 4745 καὶ
791 4694 1076 4765 σταθερῶς
1128 4697 1549 4767 ἀγωνιζομένων
1583 4702 1691 4753 τῶν

102 4788 346 4840 ἔνδοθεν.
397 4785 660 4857 Μαθητὴς
717 4787 773 4839 δέ
803 4804 887 4851 τις
921 4789 1151 4853 Λέοντος
1180 4790 1274 4843 τοῦ
1305 4792 1595 4863 φιλοσόφου
1624 4790 1691 4864 ἦν

101 4879 163 4929 ἐν
192 4876 276 4946 τῷ
308 4876 556 4946 κάστρῳ,
585 4877 682 4929 καὶ
732 4876 1084 4947 βουληθέντος
1113 4874 1174 4934 οὗ
1204 4884 1592 4955 προσχωρῆσαι
1615 4886 1691 4957 τῷ

116 4970 499 5041 Ἀμερουμνῇ,
527 4968 615 5022 διά
654 4987 797 5033 τινος
842 4971 1112 5041 ἐμήνυσεν
1130 4974 1278 5045 αὐτῷ
1302 4976 1328 5027 ό
1360 4976 1692 5048 ἀστρονόμος

109 5064 197 5115 ὅτι
226 5063 295 5114 Εἰ
327 5063 819 5134 προσκαρτερήσῃς
850 5064 944 5118 δύο
970 5066 1181 5136 ἡμέρας
1208 5067 1285 5138 τῷ
1319 5069 1561 5142 κάστρῳ,
1596 5073 1693 5124 ὲκ-

106 5155 343 5223 ττορθεῖς
378 5156 548 5223 ἡμᾶς.
580 5158 644 5207 '0
681 5158 773 5209 καὶ
795 5156 1040 5225 γέγονεν·
1074 5161 1339 5231 προεδόθη
1362 5163 1470 5235 γὰρ
1493 5164 1598 5217 ὑπό
1632 5183 1692 5218 τε

104 5246 203 5297 τοῦ
228 5247 528 5315 λεγομένου
570 5246 817 5320 Βοῖδίτζῃ
851 5249 945 5302 καὶ
974 5249 1068 5303 τοῦ
1098 5252 1510 5323 Μανικοφάγου.
1544 5258 1695 5309 Κατ-

106 5334 422 5402 εσχέθησαν
450 5335 557 5388 τῶν
585 5333 901 5405 ὀνομαστῶν
937 5338 1127 5409 ἄνδρες
1153 5342 1253 5394 οὐκ
1282 5344 1497 5411 ἀγενεῖς
1529 5347 1694 5399 ἀπελ-

108 5425 303 5488 θόντες
352 5428 412 5478 ἐν
459 5427 629 5497 Συρίᾳ
655 5429 1019 5499 αἰχμάλωτοι,
1053 5433 1309 5503 Θεόφιλος
1342 5438 1370 5487 ό
1406 5438 1694 5509 πατρίκιος

107 5520 206 5571 καὶ
263 5520 591 5591 στρατηγὸς,
640 5522 666 5573 ὅ
720 5539 779 5574 τε
817 5524 1175 5593 Μελισσηνὺς,
1222 5529 1313 5581 καὶ
1352 5528 1694 5595 ’Ᾱὲτιος,καὶ

104 5610 392 5680 Θεόδωρος
416 5613 921 5685 πρωτοσπαθαριος,
943 5616 1196 5687 εὐνοῦχος
1219 5621 1246 5672 ὀ
1273 5621 1574 5692 Κρατερὸς,
1601 5624 1694 5675 καὶ

1798 4606 2107 4664 commissis
2152 4606 2357 4677 prmliis
2395 4606 2587 4659 urbem
2630 4619 2944 4674 expugnare
2991 4604 3181 4669 valuit,
3218 4608 3379 4675 oppi-

1799 4697 1959 4751 danis
2011 4711 2074 4749 ac
2126 4693 2482 4764 praesidiariis
2534 4692 2662 4745 forti
2724 4692 2923 4746 robore
2954 4707 3017 4746 ac
3068 4694 3376 4747 constantia

1800 4787 2235 4844 deccrlantibus.
2303 4786 2431 4840 Erat
2490 4795 2672 4838 autem
2736 4783 2792 4838 in
2858 4784 3114 4855 praesidio
3177 4785 3379 4840 Leonis

1799 4881 2109 4955 phil050phi
2148 4880 2369 4949 quidam
2403 4878 2725 4947 discipulus,
2764 4878 2854 4947 qui
2890 4894 3015 4933 cum
3054 4878 3118 4932 ad
3150 4879 3379 4932 Amem-

1802 4991 1984 5031 mncm
2037 4973 2203 5027 vellet
2256 4972 2593 5037 desciscere,
2646 4973 2974 5042 signiﬁcavit
3024 4981 3375 5027 astronomus

1802 5068 1989 5139 oppidi
2043 5076 2352 5135 compotem
2404 5065 2519 5119 fore
2568 5080 2633 5119 ac
2688 5074 3158 5133 expugnaturum,
3212 5064 3374 5118 dum-

1803 5161 1967 5216 modo
2011 5161 2064 5212 in
2108 5157 2398 5212 obsidione
2462 5159 2601 5210 duos
2654 5156 2773 5210 dies
2841 5156 3083 5221 faceret;
3130 5156 3275 5224 quod
3319 5165 3375 5209 ct

1805 5256 2006 5309 factum
2050 5260 2155 5304 est.
2218 5249 2501 5304 Proditum
2564 5264 2802 5318 namque
2860 5258 2944 5303 est
3000 5264 3030 5302 a
3095 5248 3375 5311 Boiditze,

1807 5362 1969 5418 quem
2002 5352 2221 5407 vocant,
2268 5352 2323 5397 et
2366 5358 2394 5395 a
2434 5342 2845 5411 Manicophago.
2880 5341 3035 5396 Tenti
3078 5356 3211 5394 vero
3249 5350 3378 5395 sunt

1805 5456 1866 5493 ac
1902 5438 2044 5507 capti
2088 5437 2190 5490 viri
2226 5437 2489 5491 nominati
2532 5452 2635 5490 nec
2670 5436 2956 5506 ignobiles,
2988 5444 3043 5489 et
3074 5435 3129 5489 in
3167 5435 3376 5505 Syriam

1806 5533 1999 5603 captivi
2066 5531 2295 5599 abiecti,
2353 5530 2688 5599 Theophilus
2745 5528 3045 5598 patricius,
3102 5528 3379 5597 ducesque

1809 5637 1922 5681 tum
1983 5624 2305 5679 Melisscnus
2360 5633 2471 5678 tum
2504 5623 2729 5687 Aetius,
2775 5631 2831 5675 et
2872 5621 3194 5676 Theodorus
3248 5636 3377 5689 pro-

1442 5715 1678 5772 νΑιιιΛέ
1719 5718 2119 5774 ΙιῐιῖίῖῚΊΟΧῐῖἳ.

208 5798 563 5869 "irim-61;
598 5802 655 5855 P.
734 5804 777 5835 ¹¹
811 5805 1043 5873 ποιήσας
1068 5806 1088 5857 ?
