4158 6438
723 414 822 477 307

1984 392 2305 454 GEORGII
2352 390 2696 451 MONACIII

3879 382 3989 447 868

720 519 1117 595 tospatharius,
1156 521 1415 571 Craterus
1441 515 1753 575 eunuchus,
1800 510 2060 564 Callistus
2095 520 2313 578 quoque

2422 501 2717 565 Κάλλιστος
2746 499 3122 571 τουρμάρχης,
3158 499 3248 553 καὶ
3293 497 3699 561 Κωνσταντίνος
3727 497 4002 567 δρουγγὰ·

718 614 996 673 tribunus,
1046 622 1102 662 et
1143 606 1537 663 Constantinus
1591 600 1942 671 druugarius,
2002 606 2057 651 et
2115 596 2313 647 Basoes

720 723 950 768 cursor,
1005 703 1211 770 aliique
1256 698 1451 762 multi,
1513 703 1679 765 atque
1731 692 1991 747 ordinum
2047 686 2307 757 praefecti.

724 798 788 850 lli
826 811 951 849 cum
997 800 1327 863 cogerentur
1356 805 1386 842 a
1419 784 1839 857 protosymbulo
1871 789 1931 835 ut
1970 779 2132 833 ﬁdem
2156 791 2311 830 suam

718 896 1005 955 negarent,
1039 898 1140 937 nec
1163 883 1217 936 in
1238 882 1359 951 ejus
1388 877 1719 934 sententiam
1744 873 1945 928 adduci
1974 870 2309 942 peruissent,

714 980 897 1049 gladio
936 986 1062 1031 sunt
1105 973 1499 1037 animadversi,
1539 986 1602 1025 ac
1639 984 1741 1039 pro
1771 968 1937 1038 hujus
1978 961 2165 1019 saeculi
2197 961 2310 1015 vita

714 1072 899 1140 adepti
926 1081 1209 1123 :eternam.

783 1164 949 1233 806
998 1162 1087 1215 E55.
1120 1159 1222 1225 Qui
1264 1170 1443 1212 autem
1476 1154 1625 1224 turpi
1674 1154 1849 1207 salute
1880 1146 2308 1219 pulcherrimam

712 1254 1098 1315 commutavit,
1150 1250 1352 1304 Leonis
1394 1245 1707 1318 philosophi
1759 1241 2088 1310 discipulus,
2138 1249 2195 1292 et
2238 1234 2306 1289 ad

713 1348 1106 1399 Amerumncm
1159 1339 1392 1403 (Ιοίιιοὶι,
1443 1337 1813 1402 interrogatus
1862 1331 1930 1384 ab
1978 1346 2045 1383 eo
2097 1328 2165 1382 de
2210 1342 2308 1381 sua

714 1437 944 1489 scientia
1001 1432 1332 1501 discipulum
1415 1444 1473 1480 se
1524 1426 1666 1479 dixit
1721 1423 1922 1477 Leonis
1971 1418 2304 1489 philosolihi.

713 1528 949 1596 tioguito
982 1542 1114 1579 vero
1148 1524 1273 1592 quis
1316 1530 1370 1574 et
1405 1519 1585 1588 qualis
1616 1526 1761 1570 esset
1793 1515 1923 1574 Leo,
1971 1528 2098 1566 eum
2128 1512 2307 1580 ipsum

713 1620 907 1673 videre
960 1615 1209 1685 cupivit;
1252 1611 1506 1679 datisque
1556 1608 1773 1662 cuidam
1820 1603 2165 1673 captivorum
2216 1602 2309 1655 lit-

715 1711 848 1763 teris
897 1707 1065 1761 Leoni
1117 1702 1449 1775 philosopho
1496 1698 1709 1768 Cpolim
1753 1695 1978 1759 scribit,
2027 1693 2307 1764 pollicitus

716 1803 767 1853 iu
822 1800 1033 1852 honore
1082 1794 1224 1864 apud
1274 1808 1331 1845 se
1370 1790 1726 1852 habiturum,
1775 1786 1818 1839 si
1866 1785 2028 1838 modo
2067 1783 2134 1837 ad
2177 1798 2305 1837 eum

2417 607 2552 663 ριος,
2594 594 2689 647 καὶ
2720 592 2979 661 Βασόηςό
3006 592 3263 661 δρομεὺς,
3322 590 3418 643 καὶ
3474 589 3624 642 ἄλλοι
3670 590 3856 642 πολλοὶ
3909 590 4004 641 καὶ

2416 686 2675 757 ἄρχοντες
2704 684 2815 738 τῶν
2839 684 3157 753 ταγμάτων·
3186 682 3236 735 οἳ
3265 681 3418 753 παρὰ
3442 680 3539 734 τοῦ
3568 680 4006 751 πρωτοσυμὸοὐε

2416 779 2509 830 λου
2556 774 2995 845 ἀναγκασθέντες
3044 776 3390 845 ἀρνήσασθαι
3431 774 3531 845 τὴν
3563 772 3745 828 αὐτῶν
3792 775 4002 839 πίστιν,

2415 868 2508 922 καὶ
2557 868 2715 921 τοῦτο
2766 867 2843 939 μὴ
2888 868 3225 931 πεισθέντες,
3273 866 3419 936 ξίφει
3453 868 3554 930 τὰς
3588 864 3835 934 κεφαλὰς
3896 868 4008 919 ὰπ-

2424 960 2768 1031 ετμήθησαν,
2816 962 2939 1014 ἀντὶ
2992 962 3095 1031 τῆς
3122 961 3405 1032 παρούσης
3454 960 3604 1029 ζωῆς
3650 960 3749 1031 τὴν
3784 958 4007 1012 αίὼνιον

2412 1053 2903 1123 ὰνταλλαξάμενοι.

2485 1151 2588 1214 κγ’.
2635 1145 2695 1198 '0
2727 1147 2784 1199 δὲ
2819 1146 2919 1217 τὴν
2971 1146 3206 1216 αἰσχρὰν
3250 1145 3528 1217 σωτηρίαν
3568 1147 3669 1217 τῆς
3706 1145 4006 1215 καλλίστης

2412 1236 2913 1307 ἀντώλαξάμενος,
2960 1240 2988 1290 ὁ
3020 1238 3115 1291 τοῦ
3161 1238 3454 1307 φιλοσόφου
3484 1238 3719 1302 Λέοντος
3752 1238 4010 1307 μαθητὴς

2411 1329 2711 1398 προσφυεὶς
2738 1329 2817 1399 τῷ
2840 1330 3187 1400 Ἀμερουμνῇ
3218 1331 3477 1400 ἠρωτήθη
3508 1332 3638 1403 παρ’
3668 1329 3839 1383 αὑτοῦ
3874 1328 4007 1400 περὶ

2410 1420 2507 1487 τῆς
2562 1422 2877 1489 ἐπιστήμης
2930 1422 3120 1475 αὑτοῦ.
3180 1421 3239 1475 ὐ
3282 1422 3339 1474 δὲ
3392 1419 3514 1474 εἷπε
3567 1422 3817 1493 μαθητὴς
3859 1418 4005 1483 εἶναι

2410 1508 2503 1560 τοῦ
2535 1508 2827 1577 φιλοσόφου
2864 1509 3113 1573 Λέοντος.
3143 1505 3315 1574 οὗτός
3337 1527 3419 1573 τε,
3452 1510 3602 1572 ὅστις
3631 1512 3660 1562 ὁ
3691 1511 3845 1563 Λέων
3882 1512 4008 1563 ἐστὶ

2411 1598 2504 1651 καὶ
2545 1591 2651 1661 οἶος
2688 1598 2894 1665 μαθὼν,
2924 1599 3088 1652 αὐτὸν
3121 1599 3386 1670 ἐπεθύμει
3432 1600 3641 1653 ἐκεῖνον
3687 1600 3838 1653 ίδείν.
3892 1602 4009 1653 Καὶ

2409 1690 2470 1758 δή
2502 1707 2609 1741 τινι
2647 1690 2754 1743 τῶν
2785 1690 3148 1761 αἰχμαλώτων
3170 1692 3295 1755 δοὺς
3317 1692 3627 1764 γράμματα
3656 1692 3794 1763 πρὸς
3827 1693 4003 1745 Δέον-

2408 1800 2476 1835 τα
2494 1782 2587 1835 τὸν
2618 1783 2908 1853 φιλόσοφον
2948 1784 3270 1839 ἀπέστειλεν
3301 1787 3360 1840 ὲν
3390 1786 4005 1849 Κωνσταντινουπόλει,

716 1888 989 1960 ιςτοίὶοἰεοί
1041 1887 1149 1939 Leo
1208 1884 1262 1937 in
1311 1881 1557 1934 animum
1610 1877 1908 1932 induxerit.
1940 1875 2053 1929 Leo
2100 1884 2307 1937 autem,

2422 1876 2788 1946 ὓποσχόμενος
2845 1878 3017 1949 αὐτῷ,
3068 1882 3119 1933 εί
3166 1878 3363 1953 ἐξέλθῃ
3406 1881 3436 1933 ὁ
3480 1880 3644 1942 αὐτὸς
3688 1880 3875 1944 Λέων,
3906 1880 4008 1933 ἀπ’

717 1982 961 2051 acceptis
1013 1977 1243 2039 litteris,
1290 1973 1613 2041 veritusque
1658 1986 1727 2024 ne
1773 1968 1913 2022 forte
1962 1969 2015 2021 in
2067 1967 2304 2037 impera-

720 2077 855 2129 toris
908 2072 1159 2125 notitiam
1204 2069 1442 2129 veniret,
1492 2065 1559 2118 ad
1604 2064 1991 2133 imperatorem
2035 2060 2311 2130 Theophi-

719 2171 832 2222 lum
882 2166 1088 2221 rctuht.
1138 2164 1209 2228 ls,
1250 2164 1369 2231 ejus
1407 2156 1652 2213 scientia:
1702 2154 2019 2225 praestantia
2070 2152 2308 2221 cognita,

722 2270 995 2327 tantaeque
1045 2254 1331 2323 sapientia:
1385 2251 1567 2305 virum
1622 2264 1679 2302 se
1737 2246 2049 2300 incivitate
2082 2244 2309 2309 habere,

720 2358 1063 2417 assumptum
1109 2360 1237 2398 eum
1293 2342 1349 2395 in
1409 2340 1717 2409 Magnaum:
1775 2335 1981 2405 palatio
2042 2333 2310 2396 habebat,

723 2439 940 2493 traditis
975 2446 1031 2491 et
1063 2433 1375 2502 discipulis,
1420 2444 1561 2499 quos
1596 2427 1842 2489 doceret,
1876 2440 1998 2494 qua:
2044 2423 2110 2478 ad
2153 2438 2315 2479 usum

720 2540 906 2588 essent
927 2546 989 2584 ac
1019 2527 1371 2596 obsequium,
1403 2522 1591 2577 omnia
1625 2520 1898 2574 tribuens.
1928 2516 2026 2572 Hic
2052 2526 2108 2571 et
2140 2514 2315 2569 Thes-

722 2623 975 2679 salonica:
1002 2618 1355 2689 metropolita
1381 2615 1505 2671 fuit.

790 2797 1052 2854 24.1dem
1092 2798 1396 2866 imperator
1437 2792 1817 2847 Triconchum
1848 2788 2087 2844 aediﬁcat
2130 2789 2184 2842 in
2220 2804 2319 2858 pa-

727 2891 881 2951 latio,
918 2897 975 2943 et
1013 2888 1160 2957 quod
1197 2886 1380 2957 Sigma
1416 2891 1659 2948 vocant;
1707 2882 1913 2952 gradus
1947 2896 2188 2950 quoque,
2225 2880 2317 2934 ubi

724 2983 898 3036 erecti
945 2990 1075 3035 sunt
1110 2980 1205 3049 qui
1232 2978 1380 3032 demi
1412 2976 1778 3047 appellantur,
1808 2984 2056 3029 statuens
2084 2981 2139 3028 et
2162 2972 2321 3041 phia-

729 3077 873 3139 lam,
937 3074 992 3128 in
1046 3089 1156 3143 qua
1212 3072 1272 3125 lit
1321 3070 1469 3141 quod
1528 3076 1729 3123 vocant
1793 3066 2318 3130 Saximodeximum,

729 3164 1153 3220 transeuntibus
1233 3163 1536 3218 factionum
1600 3161 1762 3229 equis
1825 3159 2076 3214 iustratis
2137 3158 2321 3213 aureis

729 3258 1007 3325 stragulis.
1074 3256 1189 3309 Sub
1240 3254 1551 3307 Triconcho
1612 3268 1745 3307 vero
1807 3251 1999 3305 subter
2066 3250 2321 3305 machina

728 3350 961 3418 gradum
1029 3348 1163 3402 fecit
1238 3346 1603 3417 mysterium,
1694 3344 1750 3397 in
1820 3344 1981 3413 cujus
2056 3357 2167 3395 uno
2227 3356 2328 3395 an-

733 3444 860 3513 gulo
928 3440 1201 3511 quidquid
1270 3438 1476 3509 aliquis
1545 3436 1767 3501 dixerit,
1830 3436 1974 3490 clare
2042 3434 2099 3489 in
2156 3434 2329 3489 altero

730 3536 976 3589 auditur.

803 3616 891 3679 9.3.
969 3626 1143 3679 Porro
1214 3638 1340 3677 cum
1412 3622 1699 3678 didicisset
1774 3620 1918 3675 idem
1988 3618 2329 3688 Theophilus

732 3717 1127 3786 Theophanem
1154 3716 1383 3785 ejusque
1408 3728 1732 3785 germanum
1761 3711 2138 3774 Theodorum,
2180 3710 2330 3778 ipsos

733 3826 920 3865 secum
957 3817 1207 3877 agentes,
1250 3808 1398 3861 illius
1448 3807 1791 3876 impietatem
1840 3802 2129 3857 traducere
2163 3801 2327 3871 807

732 3917 795 3955 ac
853 3915 1189 3970 coarguere,
1237 3900 1465 3952 mittens
1520 3913 1649 3953 cum
1709 3897 1787 3950 ira
1851 3894 1919 3948 ad
1978 3910 2036 3948 se
2088 3909 2186 3947 eos
2228 3893 2327 3946 ad-

732 3995 921 4058 duxit,
968 3993 1201 4048 dicens:
1243 3992 1520 4047 Undenam
1568 3991 1731 4045 estis?
1777 3990 2044 4043 Dixerunt
2093 3987 2205 4041 illi:
2245 3985 2330 4038 Ex

737 4085 1047 4140 Pultrstina.
1101 4084 1314 4150 Quibus
1346 4083 1772 4139 scelestissimus
1821 4083 1913 4136 ille
1952 4098 1965 4134 :
2016 4079 2153 4145 Quid
2208 4096 2329 4133 vero

732 4196 905 4233 causa:
936 4189 1011 4232 est
1043 4195 1138 4231 cur
1172 4178 1354 4232 relicta
1387 4179 1586 4248 patria,
1629 4177 1698 4229 ad
1729 4184 1967 4229 nostram
1993 4176 2127 4228 hanc
2165 4173 2331 4226 delati

733 4272 1010 4334 ditionem,
1051 4288 1155 4323 non
1198 4286 1397 4323 morem
1426 4270 1607 4339 geritis
1648 4284 1777 4321 mea:
1847 4267 2165 4337 majestati?
2194 4264 2330 4330 Qui-

738 4366 840 4416 lius
908 4362 1045 4415 nihil
1105 4361 1604 4430 respondentibus,
1659 4360 1825 4430 jussit
1883 4359 2078 4412 durius
2136 4371 2329 4410 eorum

736 4455 907 4507 laries
959 4452 1137 4517 caedi;
1203 4452 1521 4520 taureisque
1572 4451 1640 4504 ad
1694 4459 1928 4503 mortem
1974 4464 2145 4517 usque
2192 4463 2328 4501 eon-

2411 1968 2622 2022 ὲκείνου
2654 1971 2816 2024 αὑτὸν
2868 1967 3008 2025 εἶναι
3042 1974 3101 2025 ἐν
3138 1974 3297 2043 τιμῇ.
3357 1972 3415 2024 '0
3445 1972 3602 2025 Λέων
3627 1971 3684 2025 δὲ
3722 1972 3792 2025 τὰ
3822 1972 4013 2042 γράμ-

2416 2079 2561 2129 ματα
2607 2063 2920 2128 ἀπολαὸὼν,
2973 2064 3070 2118 καὶ
3135 2066 3399 2135 φοϐηθεὶς
3451 2065 3620 2135 μήπω
3670 2064 4010 2133 διαγνωσθῇο

2413 2156 2658 2225 ἀνήγαγε
2690 2156 2867 2211 ταῦτα
2896 2158 3145 2229 Θεοφίλῳ
3175 2159 3253 2228 τῷ
3277 2158 3509 2228 βασιλεῖ.
3545 2159 3605 2210 '0
3650 2156 3706 2209 δὲ
3745 2158 3916 2223 γνοὺς
3942 2159 4011 2210 τὰ

2412 2246 2515 2315 τῆς
2562 2248 2876 2318 ἐπιστήμης
2922 2249 3113 2314 αὑτοῦ,
3147 2249 3238 2320 [Ρ.
3292 2247 3421 2321 524]
3481 2248 3578 2302 καὶ
3628 2249 3712 2301 ὅτι
3765 2247 4014 2300 τοιοῦτον

2417 2338 2580 2406 σοφὸν
2611 2340 2779 2409 ἄνδρα
2820 2343 2878 2393 ὲν
2926 2344 2994 2411 τῇ
3040 2341 3290 2413 πολιτεία
3318 2339 3485 2395 αὐτοῦ
3514 2340 3649 2410 ἔχει,
3700 2339 4014 2411 προσλαᾶ-

2421 2449 2581 2500 μενος
2611 2433 2774 2485 αὐτὸν
2804 2430 2952 2505 εἶχεν
3002 2435 3060 2489 ἑν
3114 2434 3192 2505 τῷ
3236 2433 3484 2503 παλατίῳ
3519 2432 3597 2502 τῷ
3624 2432 3999 2502 Μαγναύρας,

2418 2523 2693 2592 παραδοὺς
2736 2524 2887 2593 αὑτῷ
2941 2524 3217 2578 διδάσκειν
3283 2525 3378 2577 καὶ
3429 2524 3700 2594 μαθητὰς,
3747 2524 4015 2595 παρέχων

2421 2616 2571 2686 αὑτῷ
2598 2617 2665 2669 τὰ
2711 2619 2846 2686 πρὶς
2877 2619 3186 2689 ὑπηρεσίαν
3218 2619 3456 2672 ἅπαντα·
3500 2617 3560 2680 ὃς
3591 2619 3685 2670 καὶ
3729 2633 4015 2687 μητροποο

2420 2708 2573 2776 λίτης
2605 2709 2662 2760 ὲν
2692 2709 3065 2782 Θεσσαλονίκῃ
3089 2712 3335 2778 γέγονεν.

2492 2799 2592 2855 κδ’.
2639 2801 2699 2854 '0
2751 2801 2797 2854 δ’
2825 2802 2988 2865 αὐτὸς
3036 2803 3212 2865 κτίζει
3266 2802 3327 2855 τὸ
3357 2801 3663 2873 Τρίκογχον
3695 2801 3757 2853 ὲν
3787 2798 3870 2869 τῷ
3907 2816 4015 2851 πα·

2423 2894 2592 2964 λατίῳ
2621 2895 2715 2946 καὶ
2742 2894 2803 2947 τὸ
2852 2894 3147 2965 λεγόμενον
3180 2894 3384 2965 Σίγμσ,
3424 2895 3519 2948 καὶ
3552 2894 3653 2956 τὰς
3690 2892 4015 2961 ἁναὸάθρας

2424 2982 2553 3036 ἔνθα
2586 2983 2635 3033 οἱ
2674 2982 2839 3052 δῆμοι
2868 2983 3135 3046 ἵστανται,
3177 2984 3386 3052 στήσας
3415 2982 3513 3035 καὶ
3542 2981 3744 3051 φιάλην
3774 2981 3835 3032 ὲν
3924 2979 4015 3046 γξ-

2424 3093 2572 3129 νεται
2598 3076 2661 3127 τὸ
2692 3076 3107 3146 σαξιμοδέξιμον
3142 3076 3460 3146 λεγόμενον,
3477 3075 3587 3127 τῶν
3611 3076 3799 3126 ἵππων
3828 3073 4015 3142 ἀμφο-

2424 3169 2597 3239 τέρων
2646 3167 2756 3221 τῶν
2811 3168 2995 3239 μερῶν
3027 3170 3394 3239 διερχομένων
3431 3169 3569 3238 μετὰ
3609 3166 3829 3237 χρυσῶν
3859 3180 4018 3231 σατις

2433 3263 2675 3330 σμὰτων.
2714 3261 2852 3313 Ὑπὸ
2897 3262 2955 3314 δὲ
2999 3262 3060 3314 τὸ
3108 3262 3151 3313 Τ
3156 3263 3415 3331 ρίκογχον
3449 3260 3696 3313 κάτωθεν
3715 3258 3807 3312 διὰ
3835 3275 4019 3328 μηχα-

2430 3352 2527 3421 νῆς
2557 3354 2781 3421 ἐποίησε
2830 3353 2891 3405 τὸ
2924 3354 3244 3423 Μυστήριον
3266 3391 3281 3414 ,
3312 3355 3371 3405 ὲν
3397 3347 3442 3420 ᾧ
3472 3355 3542 3422 τῇ
3579 3353 3677 3422 μιᾷ
3709 3351 3889 3421 γωνίᾳ
3922 3348 4018 3401 ἐὰν

2432 3442 2578 3494 εἴποι
2603 3459 2709 3506 τις,
2738 3440 3061 3505 ἐξακούεται
3097 3443 3155 3494 ὲν
3198 3445 3265 3513 τῇ
3299 3441 3485 3513 ἑτέρα.

2502 3631 2601 3679 κε’.
2636 3623 2845 3678 Μαθὼν
2875 3624 2933 3677 δὲ
2962 3624 3125 3687 αὐτὸς
3158 3624 3186 3676 ὁ
3224 3622 3486 3692 Θεόφιλος
3528 3623 3612 3675 ὅτι
3642 3620 3932 3691 Θεοφάνης
3958 3637 4017 3672 τε

2431 3716 2526 3768 καὶ
2570 3715 2845 3786 Θεόδωρος
2900 3719 2929 3769 ό
2983 3716 3319 3783 αὑτάδελφος
3382 3715 3571 3778 αὐτοῦ,
3618 3715 3742 3767 καθ’
3789 3714 4019 3776 ἑαυτοὺς

2431 3806 2653 3873 ζῶντες,
2681 3808 2779 3878 τὴν
2816 3808 3073 3879 ἀσέϐειαν
3106 3810 3271 3862 αὐτοῦ
3304 3808 3631 3879 κωμῳδοῦσι
3682 3810 3779 3861 καὶ
3808 3809 4017 3875 διελέγ-

2431 3918 2639 3970 χουσιν,
2691 3902 3021 3965 ἀποστείλας
3048 3903 3166 3971 μετ’
3209 3902 3378 3972 ὀργῆς
3409 3904 3613 3973 ἢγαγεν
3644 3902 3848 3964 αὐτοὺς
3880 3902 4020 3971 πρὸς

2432 3993 2646 4056 ἑαυτὸν,
2676 3994 2848 4047 εἰπὼν
2878 3995 3004 4048 τάδε
3024 4011 3037 4023 °
3075 3995 3265 4048 Πόθεν
3309 3995 3494 4059 ἐστέ;
3527 3996 3587 4048 Οἱ
3608 3995 3666 4047 δὲ
3704 3991 3881 4046 εἷπον·
3926 3995 4020 4046 Ἐκ

2434 4088 2869 4154 Παλαιστίνης.
2910 4088 2967 4139 Ὀ
2990 4088 3047 4141 δὲ
3071 4089 3373 4158 ἁλιτήριοςο
3405 4090 3515 4142 Καὶ
3548 4088 3646 4140 διὰ
3676 4089 3734 4139 τί
3758 4088 3877 4153 τὴν
3904 4085 4022 4154 γῆν

2430 4174 2599 4245 ὑμῶν
2621 4175 2879 4245 ἀφέντες
2912 4160 3010 4231 καὶ
3053 4180 3141 4243 εἰς
3167 4178 3283 4245 τὴν
3314 4179 3610 4248 ἡμετέραν
3632 4178 3925 4243 ἐλθόντες
3951 4180 4021 4230 οὐ

2431 4269 2803 4337 πειθαρχεῖτε
2851 4269 2925 4337 τῇ
2970 4271 3263 4338 βασιλείᾳ
3316 4269 3523 4338 malm;
3571 4270 3695 4323 Τῶν
3736 4270 3797 4322 δὲ
3849 4270 4020 4340 μηδὲν

2433 4362 2893 4431 ἀποκριναμένων
2925 4362 3194 4431 ἐπέτρεψε
3226 4361 3485 4414 παίεσθαι
3515 4362 3614 4424 τὰς
3649 4361 3805 4429 ὄψεις
3838 4360 4021 4414 αὐτῶν

2435 4453 2703 4523 nemo;
2734 4450 2867 4505 Εἶτα
2893 4454 3029 4522 μετὰ
3051 4453 3208 4505 τοῦτο
3230 4454 3602 4524 βουνευρήσας
3629 4454 3833 4516 αὐτοὺς
3857 4454 4022 4522 μέχρι

737 4544 945 4607 scissis,
987 4558 1113 4597 cum
1162 4543 1349 4596 lurore
1385 4558 1689 4611 asperaque
1740 4557 1871 4596 voce
1911 4542 1977 4595 ad
2015 4542 2317 4611 prmlecturr

2437 4544 2691 4611 θανάτου,
2722 4545 2861 4614 μετὰ
2902 4544 3078 4612 θυμοῦ
3112 4545 3206 4596 καὶ
3237 4546 3500 4614 τραχείας
3540 4544 3731 4613 φωνῆς
3758 4546 3902 4613 πρὸς
3934 4545 4023 4596 τδν

738 4638 853 4689 ait:
896 4636 1034 4689 Tullo
1079 4654 1162 4688 eos
1202 4638 1255 4687 in
1302 4636 1631 4705 prmtorium,
1677 4645 1721 4686 et
1765 4636 1930 4687 scribe
1985 4650 2165 4687 eorum
2206 4632 2323 4687 vul-

740 4741 842 4795 tus,
888 4734 1036 4781 liosrc
1080 4729 1184 4782 illis
1244 4727 1541 4797 insculpens
1573 4743 1749 4780 versus
1776 4743 1792 4778 .·
2296 4766 2316 4793 μ

882 4904 1093 4956 Cunctis
1122 4920 1238 4955 eam
1268 4904 1447 4955 urbem
1476 4903 1637 4955 visere
1663 4901 2028 4970 exoptantibus

886 5060 1166 5112 Purissimi
1199 5075 1359 5127 quam
1394 5057 1588 5111 Christi
1623 5065 1924 5125 presserunt
1959 5058 2129 5126 pedes,

884 5131 1060 5184 Totius
1090 5131 1226 5182 orbis
1260 5130 1399 5181 unde
1428 5131 1662 5181 manavit
1695 5127 1866 5188 salus,

882 5200 1049 5255 Sacro
1082 5200 1191 5251 loco
1215 5200 1301 5251 isti
1333 5215 1461 5252 vasa
1482 5199 1741 5268 conspecti
1774 5199 2036 5268 improba,

886 5272 1291 5339 Superstitionis
1310 5285 1490 5321 errore
1512 5284 1575 5320 ea:
1610 5269 1903 5334 incredula,

885 5342 1167 5410 Multisque
1199 5341 1350 5407 factis
1375 5340 1641 5407 inquinati
1668 5340 1935 5407 turpibus,

887 5414 1157 5481 Apostatie
1178 5411 1318 5464 velut
1351 5410 1527 5462 relicto
1554 5412 1675 5481 inde
1699 5411 1905 5481 procul,

887 5480 955 5536 se
978 5482 1263 5544 contulere,
1296 5495 1415 5533 mox
1438 5481 1493 5531 in
1521 5480 1702 5533 urbem
1732 5480 1941 5549 fugiunt
1966 5498 1982 5533 :

888 5552 1085 5607 Tamen
1121 5552 1473 5620 nefaudanon
1502 5549 1685 5602 relicta
1722 5553 1979 5614 amentia,

890 5623 1041 5677 Notis
1074 5633 1291 5691 perusta
1327 5622 1519 5689 fronte,
1552 5637 1695 5673 more
1719 5622 1975 5682 sontium,

893 5694 1342 5760 Coudenmatique
1374 5709 1554 5744 rursus
1584 5702 1788 5744 vertunt
1820 5692 2013 5745 solum.

755 5853 1008 5912 Addens:
1057 5854 1197 5906 Nihil
1242 5854 1334 5906 tibi
1378 5869 1517 5904 curm
1561 5856 1648 5909 sit.
1696 5854 1905 5905 tametsi
1948 5870 2049 5907 non
2087 5853 2189 5905 sint
2225 5852 2331 5905 ele-

2434 4638 2683 4708 ὕπαρχον
2740 4638 2865 4706 ἔφη·
2919 4633 3097 4704 Ἆρον
3145 4638 3368 4701 αὐτοὺς
3417 4641 3505 4703 εἰς
3542 4635 3606 4688 τὸ
3642 4638 4021 4704 πραιτιὶιριον.

2433 4732 2532 4784 καὶ
2563 4728 2797 4799 γράψον
2819 4730 2888 4782 τὰ
2916 4730 3209 4797 πρόσωπα
3234 4728 3454 4796 αὐτῶν,
3474 4729 3831 4798 ἐτκολάψας
3853 4730 4025 4783 τούσ-

2433 4820 2499 4873 δε
2528 4821 2671 4886 τοὺς
2701 4821 2951 4889 στίχους
2974 4834 2990 4850 ·

2576 4910 2825 4965 Πάντων
2865 4910 3215 4965 ποθούντων
3251 4911 3651 4981 προστρέχειν
3706 4911 3859 4979 πρὸς
3912 4912 4028 4979 τὴν

3786 4986 3971 5037 πόλιν

2578 5054 2771 5106 Ὅπου
2812 5056 3106 5122 πάναγνοι
3126 5052 3233 5107 τοῦ
3266 5054 3415 5107 Θεοῦ
3434 5054 3633 5123 Λόγου
3665 5052 3851 5119 πόδες

2579 5125 2895 5189 Ἕστησαν
2926 5132 3013 5189 εὶς
3044 5126 3355 5179 σύστασιν
3382 5122 3488 5191 τῆς
3531 5122 3915 5194 οἰκουμένης,

2581 5196 2899 5261 Ὠφθησαν
2929 5197 3095 5254 οὗτοι
3125 5195 3204 5259 τῷ
3240 5196 3552 5262 σεϐασμίῳ
3586 5197 3751 5261 τόκῳ

2580 5266 2778 5338 Susa];
3088 5265 3262 5338 [τῆς]
3287 5266 3735 5338 δεισιδαίμονος
3764 5268 3993 5329 suam,
4013 5309 4025 5319 .

2590 5334 2825 5387 Ἐκεῖσε
2852 5334 3055 5391 πολλὰ
3090 5334 3315 5390 llam—or
3344 5335 3413 5398 ἐξ
3449 5336 3707 5400 ἀτοπίας

2580 5404 3171 5484 ῌράξαντεςςαίσχρὰ
3195 5405 3365 5484 δεινὰ
3393 5406 3924 5484 δυσσεᾷοφρόνως,

2593 5475 2857 5530 Ἐκεῖθεν
2904 5477 3232 5544 ἠλάθησαν
3265 5478 3346 5541 ὠς
3381 5475 3742 5530 ἀποστάται.

2580 5547 2738 5614 Πρὸς
2776 5548 2891 5613 τὴν
2918 5552 3099 5603 πόλιν
3124 5548 3191 5601 δὲ
3222 5548 3327 5601 τοῦ
3362 5548 3619 5615 κράτους
3658 5550 4025 5617 negemur-ri;

2586 5620 2706 5669 Οὐκ
2742 5618 3059 5688 ἐξαφῆκην
3084 5622 3187 5685 τὰς
3219 5620 3538 5687 ἀθεμίτους
3566 5620 3817 5686 μωρίας.

2586 5691 2766 5740 ’Ὅθεν
2798 5691 3124 5759 γραφέντες
3159 5693 3238 5756 ὡς
3286 5690 3605 5757 κακουργοὶ
3639 5693 3757 5754 τὴν
3782 5692 3929 5744 θέιιν

2588 5763 3055 5827 Κίιτακρίνονται
3096 5764 3193 5815 καὶ
3234 5762 3548 5813 διώκονται
3575 5760 3790 5814 πάλιν.

2446 5853 2707 5923 Προσοεὶς
2751 5854 2830 5905 ὅτι
2871 5854 3103 5923 Κάν-μὴ
3145 5850 3255 5908 ὦσι
3296 5855 3490 5920 καλοί,
3519 5854 3604 5923 μή
3645 5871 3745 5907 σοι
3776 5859 4023 5923 μελετῶ.
