4158 6438
754 423 861 488 871

2014 411 2336 473 GEORGII
2373 412 2719 473 MONACHI

3910 402 4014 466 872

759 535 1178 610 quamplurimis
1202 529 1420 588 abunde
1452 528 1727 600 pecuniis,
1778 526 2051 583 reditibus
2096 543 2161 583 ac
2206 527 2336 582 sub-

2463 528 2608 581 ιολλα
2661 525 2755 578 καὶ
2809 520 3073 594 ἀργύριον
3116 521 3209 574 καὶ
3272 521 3606 589 προάστεια,
3661 518 4017 588 ἐπονομάσας

756 630 982 685 urbanis
1026 628 1077 682 ei
1126 625 1417 696 assignatis
1457 639 1525 677 ex
1583 638 1684 678 suo
1714 620 1936 676 nomine
1970 619 2115 675 aedes
2157 620 2334 675 Theo-

704 740 711 775 ε
756 721 891 792 phili
926 719 1161 774 vocavit.

824 811 914 865 29.
967 809 1106 864 Ante
1142 820 1275 859 vero
1326 813 1560 859 mortem
1618 818 1772 856 suam
1823 803 1938 857 Deo
1983 801 2336 856 exsecrabilis

756 905 1077 970 imperator,
1136 898 1325 952 habito
1371 912 1495 950 cum
1539 895 1707 964 810
1755 896 1872 949 suis
1922 892 2203 965 partiariis
2246 909 2334 948 se-

759 1004 912 1047 creto
962 991 1198 1046 consilio
1244 990 1313 1043 de
1353 986 1695 1056 Theophobo
1748 987 1937 1051 Persa,
1981 1001 2105 1039 cum
2161 986 2208 1040 is
2253 985 2338 1039 ni-

756 1086 959 1137 mirum
1003 1081 1302 1151 plurimum
1353 1079 1650 1148 diligatur,
1710 1086 1873 1147 atque
1933 1077 1989 1130 in
2043 1092 2168 1130 eum
2223 1086 2337 1130 tum

758 1176 966 1230 subditi
1025 1175 1205 1228 Persa:
1255 1181 1370 1225 tum
1430 1186 1541 1224 non
1608 1170 1767 1239 pauci
1829 1184 2119 1238 procerum
2176 1166 2339 1222 ﬁdem

758 1266 1017 1329 habeant,
1053 1279 1121 1317 ne
1158 1277 1245 1316 me
1272 1271 1496 1315 mortuo
1530 1258 1871 1330 tyrannidem
1910 1259 2206 1313 moliantur
2244 1259 2341 1313 ad-

758 1372 952 1413 versus
1018 1354 1191 1409 filium
1261 1368 1496 1423 puerum
1561 1362 1617 1406 et
1682 1351 1947 1406 adversus
2011 1352 2338 1422 coniugem,

759 1447 1162 1515 Theophohum
1246 1447 1301 1500 in
1372 1444 1631 1515 palatium
1709 1442 1933 1508 intulit,
1999 1443 2342 1511 habebatque

760 1550 952 1591 secum
1023 1542 1369 1596 morantem,
1435 1530 1629 1585 morbo
1691 1540 1874 1585 autem
1928 1531 2342 1600 ingravescente

757 1627 973 1683 carceri
1022 1626 1248 1681 inclusit
1298 1625 1355 1678 in
1400 1623 1728 1678 Bucoleonis
1767 1622 2019 1678 cameris.
2054 1622 2343 1691 Persisque

761 1720 916 1773 illum
968 1715 1384 1785 requirentibus
1433 1713 1565 1783 quid
1626 1713 1848 1768 demum
1899 1727 1966 1767 eo
2016 1711 2218 1766 factum
2259 1726 2345 1767 es-

760 1821 879 1876 set,
948 1811 1120 1865 misso
1184 1818 1352 1863 noctu
1419 1809 1719 1877 imperator
1780 1807 2013 1861 Petrona
2088 1807 2346 1875 Augusta:

2443 616 2605 668 αὐτὸν
2629 615 2697 668 τὰ
2720 613 3000 682 Θεοφίλου.

2514 790 2595 862 μ’.
2616 787 2743 861 526]
2767 788 2871 844 κθ’.
2904 788 3019 859 Πρὸ
3040 787 3097 842 δὲ
3116 788 3214 857 τῆς
3242 786 3406 839 αὐτοῦ
3426 785 3683 856 τελευτῆς
3708 786 3735 837 6
3760 784 4022 851 θεομισὴς

2441 875 2594 945 οὗτος
2610 881 2858 951 βασιλεὺς
2877 879 3072 950 βουλὴν
3091 878 3358 949 μυστικὴν
3373 876 3738 947 ποιησάμενος
3757 878 3895 938 μετὰ
3912 876 4020 927 τῶν

2443 973 2759 1042 ὁμοφρόνων
2790 968 2956 1023 αὐτοῦ
2992 969 3122 1041 περὶ
3149 968 3420 1037 Θεοφόὸου
3443 966 3537 1020 τοῦ
3572 967 3806 1036 Πέρσου,
3839 968 3914 1029 ὡς
3941 966 4022 1018 ἔτι

2445 1066 2644 1137 πολλὴν
2695 1065 2916 1133 ἀγάπην
2946 1063 3042 1117 καὶ
3092 1064 3274 1115 πίστιν
3328 1061 3543 1131 ἔχουσιν
3572 1063 3653 1124 είς
3677 1061 3779 1112 αὐτ
3792 1070 3842 1113 ’.ν
3875 1061 3929 1111 οἵ
3961 1076 4022 1111 τε

2446 1157 2538 1210 ὑπ’
2574 1157 2737 1210 αὐτὸν
2775 1156 2982 1227 Πέρσαι
3022 1156 3116 1209 καὶ
3158 1155 3267 1208 τῶν
3294 1155 3352 1206 ἐν
3393 1152 3540 1206 τέλει
3568 1154 3671 1205 οὐκ
3712 1151 3905 1218 ὀλίγοι,
3929 1152 4025 1203 καὶ

2449 1250 2525 1319 μὴ
2562 1266 2678 1311 πως
2724 1248 2860 1318 ἐμοῦ
2886 1246 3310 1317 τελευτήσαντος
3343 1245 3685 1315 μελετήσωσι
3728 1241 4027 1313 τυραννίδα

2446 1342 2587 1394 κατά
2617 1357 2676 1394 τε
2704 1338 2796 1392 τοῦ
2841 1340 2977 1408 ἐμοῦ
3011 1338 3197 1401 παιδὸς
3225 1339 3418 1407 νηπίου
3459 1336 3607 1399 ὄντος
3656 1336 3751 1387 καὶ
3793 1333 3896 1400 τῆς
3925 1349 4027 1399 γυ-

2447 1432 2653 1495 ναικὸς,
2695 1432 2937 1501 ἀνήγαγε
2972 1429 3241 1498 Θεόφοΰον
3273 1430 3354 1491 είς
3396 1427 3456 1480 τὸ
3488 1425 3754 1479 παλάτιον
3785 1427 3880 1477 καὶ
3910 1420 4026 1492 εἶχε

2450 1522 2570 1593 μετ’
2603 1521 2787 1577 αὐτοῦ.
2827 1520 3096 1591 Βαρηθεὶς
3135 1520 3190 1572 δὲ
3222 1522 3286 1573 ἐκ
3313 1520 3409 1589 τῆς
3437 1519 3597 1571 νόσου
3626 1515 3880 1585 καθεῖρξε
3905 1515 4033 1567 Θεό-

2449 1616 2613 1683 φοσον
2650 1618 2710 1668 ἐν
2738 1616 2857 1677 ταῖς
2898 1612 3177 1683 καμάραις
3228 1610 3321 1665 τοῦ
3368 1610 3775 1671 Βουκολέοντος.
3807 1608 3934 1659 Τῶν
3974 1606 4033 1659 ἃ

2451 1705 2678 1776 Περσῶν
2707 1705 3107 1774 ἐπιζητούντων
3158 1702 3321 1757 αὑτὸν
3353 1703 3404 1755 τί
3456 1701 3564 1775 ἄρα
3595 1702 3837 1768 γέγονεν,
3896 1700 4032 1753 ἁπο-

2453 1797 2666 1860 στείλας
2694 1800 2752 1850 ἐν
2769 1799 2835 1866 τῇ
2863 1795 3020 1849 νυκτὶ
3038 1797 3066 1849 6
3093 1794 3344 1865 βασιλεὺς
3375 1793 3661 1863 Πετρωνᾶν
3685 1791 3771 1843 τὸν
3793 1793 3896 1860 τῆς
3922 1792 4031 1842 Αὐ-

762 1903 933 1957 fratre
978 1917 1102 1956 cum
1159 1899 1437 1970 logotheta
1496 1898 1821 1967 Theophohi
1870 1904 2035 1968 caput
2084 1897 2347 1960 abstulit,

2463 1890 2684 1959 γούστης
2714 1888 2938 1955 ἀδελφὸν
2973 1886 3070 1939 σὺν
3109 1886 3187 1956 τῷ
3226 1884 3486 1957 λογοθέτῃ
3520 1884 3761 1951 ἀπέτεμε
3808 1880 3911 1950 τὴν
3942 1896 4034 1931 κε-

762 2008 955 2064 sparso
999 2006 1222 2047 rumore
1274 1991 1330 2045 in
1376 1992 1589 2055 Persas,
1650 1990 1827 2060 ipsum
1879 1991 1933 2044 in
1976 1990 2178 2060 palatio
2222 2004 2348 2042 cum

766 2088 1100 2153 imperatore
1137 2082 1367 2137 versari.
1408 2081 1730 2149 imperatori
1787 2090 1970 2133 autem
2023 2078 2351 2149 dysenteriae

766 2171 961 2226 morbo
1001 2170 1144 2224 male
1187 2169 1420 2238 abrupta
1470 2168 1675 2233 anima,
1718 2168 1984 2223 miserum
2028 2170 2150 2239 ejus
2186 2168 2352 2223 funus

766 2262 823 2316 in
878 2261 1207 2316 Sanctorum
1258 2259 1647 2329 Apostolorum
1708 2258 1912 2313 elatum
1968 2267 2074 2315 est.
2141 2258 2354 2329 Corpus

765 2368 901 2408 vero
949 2351 1276 2422 Theopbobi
1334 2351 1474 2406 clam
1526 2366 1626 2421 per
1672 2350 2041 2406 Bucoleonem
2090 2350 2352 2406 eductum

764 2460 939 2515 prope
979 2444 1235 2500 Narsetis
1262 2442 1409 2498 aedes
1447 2450 1795 2512 receperunt,
1841 2442 1896 2496 in
1926 2442 2164 2513 eoquod
2205 2458 2356 2499 nunc

770 2536 1095 2608 Theophobi
1119 2544 1354 2600 vocant,
1390 2534 1577 2604 ibique
1606 2533 2000 2604 deposuerunt.

772 2757 1107 2815 lMPERlUM
1180 2755 1760 2881 MlCﬂAElngfUM
1823 2758 2064 2813 ΜΑΤΒΕ
2138 2758 2356 2814 THEO-

846 2962 899 3013 ‘l.
934 2959 1092 3015 Anno
1110 2958 1299 3013 mundi
1332 2958 1490 3025 6359,
1515 2959 1715 3015 divina:
1747 2969 1929 3016 autem
1967 2963 2361 3024 incarnationis

789 3052 923 3116 839,
949 3051 1245 3122 imperavit
1287 3051 1517 3105 Michael
1543 3051 1834 3121 Theophili
1858 3052 2002 3108 (ilius
2023 3070 2149 3109 cum
2179 3058 2362 3113 Theo-

2452 1982 2626 2051 φαλὴν
2652 1979 2746 2034 τοῦ
2778 1979 3067 2047 Θεοφόϐου.
3107 1980 3373 2033 Ἐπεισαν
3406 1976 3464 2030 δὲ
3488 1971 3632 2029 οὗτοι
3659 1975 3784 2037 τοὺς
3818 1974 4036 2043 Πέρσας

2452 2073 2530 2137 ὡς
2572 2072 2711 2142 μετὰ
2742 2071 2833 2125 τοῦ
2869 2070 3132 2140 βασιλέως
3165 2070 3312 2124 ἐστὶν
3358 2070 3416 2122 ἐν
3437 2069 3513 2138 τῷ
3544 2066 3813 2135 παλατίῳ.
3841 2066 3954 2117 Τοῦ
3982 2062 4039 2116 δὲ

2453 2164 2717 2234 βασιλέως
2761 2163 3107 2233 δυσεντερίας
3136 2162 3279 2232 νόσῳ
3309 2162 3407 2231 τὴν
3433 2160 3609 2229 ψυχὴν
3638 2156 3824 2218 κακῶς
3859 2155 4037 2225 ἀπορ-

2455 2256 2718 2327 ῥήξαντος
2746 2254 3094 2325 ἀπεκομίσθη
3153 2254 3215 2306 τὸ
3263 2253 3525 2322 δύστηνον
3567 2248 3731 2303 αὐτοῦ
3765 2247 3931 2317 σῶμα
3959 2247 4036 2308 είς

2454 2348 2581 2411 τοὺς
2620 2346 2830 2415 Ἀγίους
2867 2345 3241 2407 Ἀποστόλους.
3278 2345 3351 2397 Τὸ
3380 2344 3436 2397 δὲ
3458 2343 3615 2412 σῶμα
3641 2340 3735 2394 τοῦ
3763 2339 4040 2406 Θεοφόόου

2454 2439 2544 2493 διὰ
2571 2438 2664 2491 τοῦ
2692 2436 3080 2501 Βουκολέοντος
3130 2436 3490 2506 ἐξαγαγόντες
3545 2434 3820 2505 λαθραίως
3851 2432 4046 2484 διέσω-

2456 2550 2556 2587 σαν
2606 2531 2835 2602 ττλησίον
2880 2532 2948 2585 τὰ
2995 2532 3239 2603 Napaei},
3283 2531 3343 2584 ἐν
3387 2534 3455 2601 τῇ
3500 2528 3594 2582 νῦν
3637 2528 3913 2597 λεγομένῃ
3947 2526 4046 2592 τῆς

2453 2625 2775 2695 Θεοφοὸίας,
2802 2623 2900 2677 κα)⁸
2925 2624 3087 2678 τοῦτο
3125 2625 3305 2677 ἐκεῖσε
3341 2621 3676 2691 κατέθηκαν.

2458 2759 2773 2818 ΒΔΣΙΔΕῙΑ
2811 2758 3083 2814 ΜΙΧΔΗΑ
3122 2760 3314 2815 ΜΕΤΑ
3346 2758 3694 2814 ΘΕΟΔΩΡᾹΣ
3727 2756 3868 2809 ΤΗΣ
3902 2757 4045 2811 MH-

3013 2831 3189 2884 ΤΡΟΣ
3218 2831 3473 2884 ΑΥΤΟΥ.

2533 2968 2699 3039 α’.Τῷ
2716 2968 2882 3042 ,ςτλθ⁸
2906 2966 3015 3020 ἔτει
3042 2962 3136 3016 τοῦ
3161 2962 3391 3034 κόσμου,
3413 2964 3523 3018 ἀπὸ
3550 2964 3605 3017 δὲ
3624 2964 3721 3034 τῆς
3744 2962 3898 3026 Θείας
3921 2977 4052 3029 σαρ-

2464 3060 2687 3124 κώσεως
2716 3060 2862 3126 ωλθ’,
2888 3060 3209 3114 ἐϐασίλευσε
3230 3056 3447 3127 Μιχαὴλ
3478 3059 3505 3111 ὁ
3528 3056 3640 3119 υἱὸς
3664 3056 3932 3123 Θεοφίλου
3953 3054 4052 3105 σὺν

777 3145 913 3197 dora
949 3153 1122 3196 matre
1149 3157 1268 3207 sua,
1315 3158 1489 3196 annos
1519 3142 2019 3213 q‘uindecim,fsolus
2039 3163 2171 3202 vero
2198 3150 2357 3219 811

2464 3155 2530 3220 τῇ
2566 3151 2737 3222 μητρὶ
2769 3148 2933 3203 αὑτοῦ
2965 3149 3237 3219 Θεοδὼρᾳ,
3269 3149 3366 3217 ἐτη
3402 3147 3724 3208 δεκαπέντε,
3770 3146 3938 3215 μόνος
3984 3144 4046 3195 δὲ

784 3250 962 3288 annos
991 3233 1345 3297 decem,cum
1371 3234 1573 3287 Basilio
1590 3250 1793 3287 annum
1824 3238 2099 3301 unum.ls,
2142 3242 2355 3307 paterni

2481 3244 2578 3313 ἐτη
2613 3242 2768 3307 δέκα,
2804 3243 2895 3295 καὶ
2922 3244 3018 3294 σὺν
3040 3239 3307 3309 Βασιλείῳ
3336 3238 3452 3301 ἔτος
3496 3237 3638 3291 ἔν’δ.
3671 3238 3859 3299 Ὅστις
3876 3236 3927 3269 ⁸⁸
3954 3233 4055 3304 τὴν

780 3325 998 3394 imperii
1034 3325 1446 3379 successionem
1472 3324 1705 3393 adeptus
1724 3367 1738 3391 ,
1772 3326 1884 3381 Deo
1911 3343 2072 3383 exosa
2102 3330 2357 3386 Ecclesia:

2470 3332 2731 3402 πατρῴαν
2756 3331 3040 3403 βασιλείαν
3071 3330 3479 3399 διαδεξάμενος,
3504 3328 3601 3398 τὴν
3629 3328 3684 3380 δὲ
3700 3328 3746 3362 ³⁸
3776 3327 4049 3395 θεοστυγῆ

781 3415 996 3469 invecta
1046 3414 1277 3484 direquc
1312 3415 1365 3469 in
1399 3431 1519 3469 eam
1551 3416 1888 3473 debacchata
1921 3435 2062 3474 nova
2090 3422 2357 3493 religione

2466 3427 2960 3496 παρεισφρήσασαν
3010 3428 3075 3495 τῇ
3093 3422 3391 3491 Ἐκκλησία
3424 3420 3519 3475 καὶ
3548 3418 3737 3483 δεινῶς
3764 3418 4058 3487 ἐπικωμά-

781 3523 847 3561 ac
870 3507 1270 3577 superstitione
1294 3507 1509 3561 sincere
1550 3508 1845 3563 admodum
1882 3527 2357 3577 excussa,sacram

2468 3534 2639 3569 σασαν
2668 3517 2792 3569 νέαν
2834 3516 3135 3585 θρησκείαν
3164 3509 3223 3566 εὖ
3261 3513 3405 3582 μάλα
3438 3511 3679 3582 γνησίως
3735 3510 4041 3563 ἀποσεισά-

781 3598 994 3667 pridem
1042 3614 1072 3651 a
1124 3598 1235 3651 Deo
1284 3598 1642 3654 constitutam
1697 3602 2166 3672 rectissimamque
2200 3604 2362 3660 ﬁdem

784 3686 1125 3756 praedicavit.
1171 3688 1462 3742 Theodora
1488 3706 1617 3743 vero
1644 3693 1722 3745 sic
1754 3692 1929 3747 ﬁdelis
1949 3702 2071 3747 erat
2094 3703 2150 3749 et
2172 3697 2366 3751 ortho-

785 3779 947 3844 doxa,
976 3788 1036 3833 ut
1060 3786 1116 3832 et
1139 3778 1262 3833 viro
1289 3794 1390 3833 suo
1421 3779 1604 3834 adhuc
1634 3785 1930 3851 superstite
1980 3798 2166 3838 sacras
2226 3787 2365 3840 ima-

788 3871 945 3939 gines
992 3870 1201 3924 coleret
1234 3879 1289 3924 et
1322 3871 1596 3925 adoraret.
1633 3872 1757 3926 Haec
1786 3882 1898 3927 tum
1934 3890 2032 3929 sua
2095 3876 2213 3945 ipsa
2267 3894 2367 3932 vo-

786 3963 1022 4025 luntate,
1053 3969 1168 4015 tum
1200 3960 1507 4017 Theoctisti
1543 3964 1781 4018 caniclio
1813 3966 2059 4035 praefecti
2115 3978 2171 4023 et
2218 3971 2369 4041 logo-

790 4056 954 4108 thette
1019 4055 1373 4125 suggestione
1454 4072 1518 4111 ac
1601 4057 2019 4125 admonitione,
2101 4061 2367 4117 Joannem

791 4146 1167 4215 patriarcham
1232 4162 1359 4201 cum
1413 4150 1529 4203 suis
1576 4152 1801 4205 asseclis
1850 4153 2087 4207 ecclesia
2123 4155 2371 4225 urbeque

787 4238 1039 4307 expellit,
1074 4239 1317 4308 relegato
1353 4239 1472 4309 ipso
1516 4240 1573 4293 in
1626 4240 1856 4295 Stenum
1908 4243 1974 4295 ad
2020 4244 2261 4297 Clidinm
2291 4244 2373 4299 sic

792 4340 1200 4399 nuncupatum.
1236 4331 1444 4386 Ferunt
1470 4342 1653 4386 autem
1680 4334 1799 4402 eius
1819 4343 2157 4404 compatrem
2179 4335 2374 4400 fuisse,

789 4428 849 4473 et
875 4419 971 4488 qui
997 4434 1028 4473 e
1054 4434 1214 4473 sacro
1242 4419 1393 4475 fonte
1420 4422 1593 4490 ipsius
1641 4422 1813 4476 lilium
1847 4424 2102 4479 levasset.
2159 4425 2376 4481 inducit

793 4526 927 4565 vero
960 4510 1021 4565 S.
1054 4511 1422 4577 Methodium,
1485 4524 1789 4569 merentem
1838 4518 2191 4581 monachum,
2249 4519 2375 4572 red-

2471 3626 2651 3680 μενος,
2682 3609 2781 3678 τὴν
2815 3607 3055 3660 ἔκπαλαι
3111 3605 3336 3675 θεοφιλῆ
3365 3605 3517 3657 κα¹ι¹⁷
3548 3602 3946 3670 θεοϐράεευτον
3985 3603 4058 3653 ίε-

2473 3699 2572 3768 ρὰν
2601 3716 2660 3752 τε
2700 3700 2796 3751 καὶ
2827 3697 3126 3767 ὀρθοτάτην
3174 3696 3358 3749 πίστιν
3397 3693 3756 3763 ἀνεκήρυξεν.
3814 3693 3879 3744 'ﬂ
3929 3692 3985 3744 δὲ
4009 3690 4053 3722 ³⁸

2472 3790 2726 3857 Θεοδώρα
2758 3790 2932 3851 οὕτως
2956 3785 3025 3859 ἦν
3064 3788 3228 3857 πιστὴ
3260 3786 3355 3839 καὶ
3383 3786 3660 3861 ὀρθόδοξος
3688 3785 3764 3847 ὠς
3812 3785 3911 3836 καὶ
3960 3783 4053 3835 τοῦ

2472 3882 2664 3953 ἀνδρὸς
2696 3882 2866 3950 αὐτῆς
2888 3881 2973 3934 έτι
2994 3881 3276 3948 περιόντος
3309 3879 3483 3949 λάθρα
3511 3878 3609 3941 τὰς
3642 3878 3805 3947 ἁγίας
3836 3878 4055 3938 εἰκόνας

2472 3976 2637 4045 τιμᾷν
2701 3974 2795 4027 καὶ
2852 3974 3211 4043 προσκυνεῖν.
3248 3972 3406 4033 Ἢτις
3438 3973 3632 4042 γνώμῃ
3677 3971 3773 4040 μὲν
3829 3971 4055 4038 ἑαυτῆς,

2476 4065 2731 4137 ὑποθήκῃ
2783 4065 2841 4118 δέ
2893 4065 2984 4117 καὶ
3028 4064 3350 4133 παραινέσει
3380 4063 3703 4116 Θεοκτίστου
3746 4062 4059 4115 κανικλείον

2478 4157 2573 4209 καὶ
2600 4155 2911 4223 λογοθέτου.
2946 4154 3224 4219 ἐξελαύνει
3271 4172 3330 4207 τε
3373 4155 3471 4223 τῆς
3498 4154 3800 4223 ἐκκλησίας
3827 4157 3928 4207 καὶ
3958 4156 4057 4223 τῆς

2478 4247 2684 4310 πόλεως
2708 4248 2797 4300 τὸν
2847 4249 3199 4318 πατριάρχην
3236 4247 3491 4315 Ἰωάννην
3538 4248 3635 4299 σὺν
3666 4249 3778 4307 τοῖς
3810 4248 3945 4316 περὶ
3970 4247 4059 4299 3'3-

2477 4338 2568 4391 τὸν
2601 4337 2785 4405 ὂντας,
2816 4340 3179 4409 περιορίσασα
3218 4338 3409 4391 τοῦτον
3456 4340 3513 4391 ἐν
3546 4337 3623 4408 τῷ
3666 4338 3848 4408 Στενῷ
3889 4340 3973 4400 είς
4004 4340 4065 4389 τὸ

2479 4428 2727 4481 Κλειδίον
2772 4428 2944 4491 οὕτως
2998 4429 3355 4497 καλούμενον.
3386 4429 3619 4496 Λέγεται
3675 4428 3736 4482 δὲ
3785 4429 3880 4480 καὶ
3943 4429 4061 4481 σύν-

2479 4538 2667 4573 τεκνον
2714 4522 2886 4591 αὐτῆς
2921 4519 3081 4574 εἶναι.
3121 4523 3345 4588 Εἱσάγει
3376 4522 3433 4573 δὲ
3478 4522 3570 4572 τὸν
3613 4522 3671 4573 ἐν
3702 4520 3879 4587 ἁγίοις
3912 4521 4060 4574 Μεθ-

793 4600 1023 4670 ditaque
1082 4603 1316 4656 ecclesia
1379 4604 1752 4674 patriarcham
1797 4608 2127 4675 constituit;
2185 4625 2357 4664 omne:

2483 4610 2623 4663 όδιον
2682 4610 2915 4680 μοναχὸν
2965 4610 3117 4674 ὄντα,
3147 4612 3239 4663 καὶ
3296 4610 3644 4680 πατριάρχην
3688 4610 4064 4680 ἁποκαθιστᾷ.

791 4692 1090 4761 episcopos
1123 4700 1291 4761 atque
1312 4696 1611 4750 monachos
1639 4712 1670 4750 a
1702 4696 2013 4767 Theophilo
2037 4700 2093 4753 in
2119 4702 2376 4755 exsilium

2490 4698 2599 4752 Καὶ
2634 4700 2842 4761 πάντας
2868 4700 2995 4762 τοὺς
3029 4698 3133 4751 ὑπὸ
3158 4698 3418 4765 Θεοφίλου
3451 4696 3761 4768 ἐξορίστους
3795 4701 4068 4767 μοναχοὶις

800 4784 1075 4853 relegatos
1099 4784 1153 4836 in
1181 4800 1351 4837 unum
1372 4800 1598 4855 cogens,
1633 4788 1999 4842 orthodoxam
2032 4791 2357 4850 conﬁrmavi

2487 4790 2581 4843 καὶ
2642 4791 2974 4854 ἐπισκόπους
3030 4792 3114 4862 [Ρ.
3148 4791 3275 4862 527]
3324 4792 3572 4844 ένώσασα
3621 4790 3718 4860 τὴν
3779 4792 4063 4863 ὀρθόδοξον

799 4876 985 4940 ﬁdem,
1048 4877 1335 4945 primaque
1394 4878 1731 4947 ieiuniorum
1769 4881 2051 4936 Dominica
2078 4882 2378 4937 Ecclesiam

2486 4879 2779 4932 ἐὸεόαίωσε
2807 4880 2989 4934 πίστιν
3027 4884 3121 4934 καὶ
3148 4881 3248 4950 τὴν
3283 4880 3615 4951 Ἐκκλησίαν
3646 4881 3970 4949 είρήνευσεν
4000 4883 4064 4950 τῇ

801 4980 934 5034 pace
961 4967 1290 5035 composuit.
1327 4970 1647 5040 Quanquam
1671 4972 1817 5025 enim
1863 4972 2169 5042 imperatur
2202 4974 2357 5028 infan:

2489 4972 2679 5045 πρώτῃ
2714 4976 2975 5043 κυριακῇ
3014 4974 3121 5027 τῶν
3153 4975 3325 5041 ἁγίων
3350 4975 3610 5043 νηστειῶν
3624 4976 3691 5026 ⁸⁸.
3734 4974 3797 5025 Εἰ
3832 4974 3943 5043 γὰρ
3973 4976 4067 5024 καὶ

802 5070 872 5109 ac
899 5070 1038 5124 puer
1072 5066 1211 5121 erat,
1242 5058 1335 5127 qui
1363 5068 1545 5114 tamen
1567 5078 1631 5115 ex
1663 5079 1751 5116 ore
1776 5065 2066 5133 infantium
2095 5072 2143 5117 et
2181 5064 2380 5119 lacten-

804 5145 938 5198 u'um
972 5147 1187 5217 perfecit
1246 5148 1457 5204 Iaudem
1486 5162 1509 5189 ⁸
1536 5194 1551 5218 ,
1589 5153 1738 5208 hunc
1764 5170 1985 5224 quoque
2035 5156 2151 5226 ipse
2205 5158 2378 5212 divini

806 5238 1078 5309 dogmatis
1116 5242 1403 5298 veritatem
1430 5246 1649 5301 cantico
1702 5248 1985 5303 celebrare
2029 5265 2093 5304 ac
2142 5251 2377 5306 manife-

881 5406 903 5434 '
946 5401 1090 5458 Psal.
1126 5419 1246 5466 vui,
1280 5404 1334 5457 5.

2492 5066 2685 5132 νήπιος
2711 5065 3007 5134 ἐτύγχανεν
3037 5067 3065 5117 6
3118 5065 3392 5134 βασιλεὺς,
3446 5064 3560 5117 ἀλλ’
3594 5068 3627 5117 ὀ
3652 5064 3721 5118 ἐκ
3760 5068 4065 5132 στόματος

2489 5158 2721 5225 νηπίων
2751 5158 2847 5211 καί
2898 5158 3272 5226 θηλαζόντων
3326 5158 3859 5227 καταρτησὰμενος
3879 5158 3927 5188 ³⁸
3980 5154 4069 5210 αἷ-

2485 5268 2617 5317 νον,
2659 5251 2820 5314 αὐτὸς
2853 5254 2946 5304 καὶ
2977 5250 3167 5304 τοῦτον
3187 5252 3226 5283 ³¹
3261 5250 3641 5322 παρεσκεύασε
3668 5252 3769 5321 τὴν
3804 5250 4066 5321 ἀλήθειαν

2126 5496 2362 5551 ΥΑΒΙᾸΞ
2404 5497 2809 5556 LECTIONES.

875 5612 928 5645 “
1071 5643 1142 5695 τ-
1165 5612 1425 5695 ἐνὶμετὰ
1448 5614 1504 5695 δὲ
1524 5614 1782 5695 Θεόφ-ιλον
1796 5614 2121 5695 ’ἐβασίλευσε
2135 5615 2356 5695 Μιχαὴλ
2383 5616 2496 5695 υἱὸς
2520 5617 2838 5695 αίίτοῦ.Δ
2874 5624 2939 5691 τῇ
2970 5621 3153 5695 αὑτοῦί
3175 5623 3344 5695 μητρὶ
3661 5621 3957 5695 ⁸κατέσχεν
3981 5623 4067 5695 ἕκτη

810 5684 895 5760 ιδ’,
920 5684 1191 5760 καὶμᾲνος
1218 5684 1631 5760 ηὺκρατόρησεν
1656 5686 1746 5760 ἐτη
1772 5684 1868 5760 ιβ’,
1898 5684 2073 5760 μῆνας
2096 5692 2145 5760 γέ
2305 5688 2350 5760 τε
2381 5688 2438 5749 ὅς
2463 5705 2525 5753 γε
2556 5688 2643 5760 C,
2698 5690 2742 5721 ¹⁶
2772 5691 2826 5742 δέ
2853 5684 2975 5743 add.
3001 5695 3064 5745 (3.
3141 5684 3188 5723 ’ί
3207 5684 3429 5759 θεοφιλῆ
3459 5696 3554 5743 καὶ
3571 5684 3696 5745 add.
3723 5692 3790 5744 (ἶ.
3856 5684 3914 5723 ’δ’
3940 5694 3973 5760 ἡ
3996 5684 4067 5743 δςζ

806 5755 855 5832 ξ’
889 5758 1150 5832 νηστειῶν
1177 5772 1298 5832 o_m1
1324 5758 1382 5816 (ὲ,
1418 5773 1510 5824 qui
1548 5768 1667 5821 post
1697 5755 2034 5825 ἀνεκήρυξεν
2066 5757 2347 5825 subiungit
2373 5773 2491 5827 qua:
2525 5775 2578 5828 p.
2621 5759 2724 5813 8H
2761 5762 3033 5832 leguntur:
3078 5764 3163 5815 Ἐν
3198 5792 3263 5801 ~—
3289 5755 3345 5829 ἐξ
3374 5755 3576 5816 αὖτῶν.
3656 5762 3703 5793 ³⁸
3727 5755 4067 5832 καταρτῆςις

806 5824 865 5877 (Ι.
948 5827 988 5855 ³⁸
1013 5827 1103 5876 καὶ
1134 5826 1255 5888 τούς
1279 5826 1299 5876 ?
