  <div class='ocr_page' id='page_1' title='image "/cluster/home/n/w/nwhite01/storage/ocr_20150623/109/nnc1.0046979867/447.png"; bbox 0 0 4158 6438; ppageno 0'>
   <div class='ocr_carea' id='block_1_1' title="bbox 720 370 823 433">
    <p class='ocr_par' dir='ltr' id='par_1_1' title="bbox 720 370 823 433">
     <span class='ocr_line' id='line_1_1' title="bbox 720 370 823 433; baseline 0 -1"><span class='ocrx_word' id='word_1_1' title='bbox 720 370 823 433; x_wconf 71' lang='lat'><strong>879</strong></span> 
     </span>
    </p>
   </div>
   <div class='ocr_carea' id='block_1_2' title="bbox 1988 366 2694 432">
    <p class='ocr_par' dir='ltr' id='par_1_2' title="bbox 1988 366 2694 432">
     <span class='ocr_line' id='line_1_2' title="bbox 1988 366 2694 432; baseline 0.004 -5"><span class='ocrx_word' id='word_1_2' title='bbox 1988 366 2311 428; x_wconf 76' lang='lat' dir='ltr'><strong>GEORGII</strong></span> <span class='ocrx_word' id='word_1_3' title='bbox 2346 367 2694 432; x_wconf 82' lang='lat' dir='ltr'><strong>MONACHI</strong></span> 
     </span>
    </p>
   </div>
   <div class='ocr_carea' id='block_1_3' title="bbox 3885 375 3991 446">
    <p class='ocr_par' dir='ltr' id='par_1_3' title="bbox 3885 375 3991 446">
     <span class='ocr_line' id='line_1_3' title="bbox 3885 375 3991 446; baseline -0.085 0"><span class='ocrx_word' id='word_1_4' title='bbox 3885 375 3991 446; x_wconf 72' lang='lat'><strong>880</strong></span> 
     </span>
    </p>
   </div>
   <div class='ocr_carea' id='block_1_4' title="bbox 719 478 2297 569">
    <p class='ocr_par' dir='ltr' id='par_1_4' title="bbox 719 478 2297 557">
     <span class='ocr_line' id='line_1_4' title="bbox 719 478 2297 557; baseline -0.004 -15"><span class='ocrx_word' id='word_1_5' title='bbox 719 491 830 543; x_wconf 80' lang='lat' dir='ltr'><strong>lato</strong></span> <span class='ocrx_word' id='word_1_6' title='bbox 860 484 1116 557; x_wconf 83' lang='lat' dir='ltr'><strong>imperio,</strong></span> <span class='ocrx_word' id='word_1_7' title='bbox 1144 481 1325 552; x_wconf 81' lang='lat' dir='ltr'><strong>ipsum</strong></span> <span class='ocrx_word' id='word_1_8' title='bbox 1352 493 1495 552; x_wconf 88' lang='lat' dir='ltr'><strong>pone</strong></span> <span class='ocrx_word' id='word_1_9' title='bbox 1523 479 1806 535; x_wconf 77' lang='lat' dir='ltr'><strong>insecutus</strong></span> <span class='ocrx_word' id='word_1_10' title='bbox 1841 478 2082 537; x_wconf 85' lang='lat' dir='ltr'><strong>Crumus</strong></span> <span class='ocrx_word' id='word_1_11' title='bbox 2109 483 2297 536; x_wconf 77' lang='lat' dir='ltr'><strong>urbem</strong></span> 
     </span>
    </p>
   </div>
   <div class='ocr_carea' id='block_1_5' title="bbox 2402 478 3992 569">
    <p class='ocr_par' dir='ltr' id='par_1_5' title="bbox 2412 484 3992 569">
     <span class='ocr_line' id='line_1_5' title="bbox 2412 484 3992 569; baseline 0.009 -32"><span class='ocrx_word' id='word_1_12' title='bbox 2412 484 2581 538; x_wconf 72' lang='grc' dir='ltr'><strong>ἐλθὼν</strong></span> <span class='ocrx_word' id='word_1_13' title='bbox 2605 487 2831 541; x_wconf 73' lang='grc' dir='ltr'><strong>ὄπισθεν</strong></span> <span class='ocrx_word' id='word_1_14' title='bbox 2861 487 3031 542; x_wconf 70' lang='grc' dir='ltr'><strong>αὐτοῦ</strong></span> <span class='ocrx_word' id='word_1_15' title='bbox 3079 491 3107 544; x_wconf 83' lang='grc' dir='ltr'>ὁ</span> <span class='ocrx_word' id='word_1_16' title='bbox 3152 489 3411 560; x_wconf 74' lang='grc' dir='ltr'><strong>Κροῦμος</strong></span> <span class='ocrx_word' id='word_1_17' title='bbox 3441 493 3852 564; x_wconf 74' lang='grc' dir='ltr'><strong>περιεκΰκλωσε</strong></span> <span class='ocrx_word' id='word_1_18' title='bbox 3890 499 3992 569; x_wconf 78' lang='grc' dir='ltr'><strong>τὴν</strong></span> 
     </span>
    </p>
   </div>
   <div class='ocr_carea' id='block_1_6' title="bbox 718 573 2296 641">
    <p class='ocr_par' dir='ltr' id='par_1_6' title="bbox 718 573 2296 641">
     <span class='ocr_line' id='line_1_6' title="bbox 718 573 2296 641; baseline -0.004 -8"><span class='ocrx_word' id='word_1_19' title='bbox 718 577 1010 635; x_wconf 83' lang='lat' dir='ltr'><strong>obsidione</strong></span> <span class='ocrx_word' id='word_1_20' title='bbox 1037 574 1231 638; x_wconf 78' lang='lat' dir='ltr'><strong>cinxit,</strong></span> <span class='ocrx_word' id='word_1_21' title='bbox 1265 573 1563 641; x_wconf 85' lang='lat' dir='ltr'><strong>lanceaque</strong></span> <span class='ocrx_word' id='word_1_22' title='bbox 1593 587 1888 641; x_wconf 78' lang='lat' dir='ltr'><strong>percussus</strong></span> <span class='ocrx_word' id='word_1_23' title='bbox 1912 589 1943 628; x_wconf 88' lang='lat' dir='ltr'><strong>a</strong></span> <span class='ocrx_word' id='word_1_24' title='bbox 1980 573 2162 628; x_wconf 85' lang='lat' dir='ltr'><strong>Leone</strong></span> <span class='ocrx_word' id='word_1_25' title='bbox 2192 575 2296 627; x_wconf 78' lang='lat' dir='ltr'><strong>Ar-</strong></span> 
     </span>
    </p>
   </div>
   <div class='ocr_carea' id='block_1_7' title="bbox 721 656 2300 735">
    <p class='ocr_par' dir='ltr' id='par_1_7' title="bbox 721 656 2300 735">
     <span class='ocr_line' id='line_1_7' title="bbox 721 656 2300 735; baseline -0.006 -8"><span class='ocrx_word' id='word_1_26' title='bbox 721 670 927 735; x_wconf 87' lang='lat' dir='ltr'><strong>menio,</strong></span> <span class='ocrx_word' id='word_1_27' title='bbox 968 678 1336 734; x_wconf 89' lang='lat' dir='ltr'><strong>reversusque</strong></span> <span class='ocrx_word' id='word_1_28' title='bbox 1392 662 1446 716; x_wconf 92' lang='lat' dir='ltr'><strong>iu</strong></span> <span class='ocrx_word' id='word_1_29' title='bbox 1479 662 1809 732; x_wconf 85' lang='lat' dir='ltr'><strong>Bulgariam,</strong></span> <span class='ocrx_word' id='word_1_30' title='bbox 1835 656 1983 718; x_wconf 80' lang='lat' dir='ltr'><strong>misit</strong></span> <span class='ocrx_word' id='word_1_31' title='bbox 2009 664 2074 717; x_wconf 87' lang='lat' dir='ltr'><strong>ad</strong></span> <span class='ocrx_word' id='word_1_32' title='bbox 2099 663 2155 718; x_wconf 90' lang='lat' dir='ltr'><strong>S.</strong></span> <span class='ocrx_word' id='word_1_33' title='bbox 2185 664 2300 717; x_wconf 82' lang='lat' dir='ltr'><strong>Ma-</strong></span> 
     </span>
    </p>
   </div>
   <div class='ocr_carea' id='block_1_8' title="bbox 720 747 2303 831">
    <p class='ocr_par' dir='ltr' id='par_1_8' title="bbox 720 747 2303 831">
     <span class='ocr_line' id='line_1_8' title="bbox 720 747 2303 831; baseline -0.004 -13"><span class='ocrx_word' id='word_1_34' title='bbox 720 761 945 826; x_wconf 83' lang='lat' dir='ltr'><strong>mantis,</strong></span> <span class='ocrx_word' id='word_1_35' title='bbox 976 760 1073 831; x_wconf 89' lang='lat' dir='ltr'><strong>qui</strong></span> <span class='ocrx_word' id='word_1_36' title='bbox 1098 772 1278 814; x_wconf 65' lang='lat' dir='ltr'><strong>aeneas</strong></span> <span class='ocrx_word' id='word_1_37' title='bbox 1303 755 1416 810; x_wconf 89' lang='lat' dir='ltr'><strong>illic</strong></span> <span class='ocrx_word' id='word_1_38' title='bbox 1446 763 1656 810; x_wconf 89' lang='lat' dir='ltr'><strong>statuas</strong></span> <span class='ocrx_word' id='word_1_39' title='bbox 1690 755 1992 811; x_wconf 90' lang='lat' dir='ltr'><strong>auferrent.</strong></span> <span class='ocrx_word' id='word_1_40' title='bbox 2011 747 2303 812; x_wconf 74' lang='lat' dir='ltr'><strong>Profectus</strong></span> 
     </span>
    </p>
   </div>
   <div class='ocr_carea' id='block_1_9' title="bbox 717 848 2304 920">
    <p class='ocr_par' dir='ltr' id='par_1_9' title="bbox 717 848 2304 920">
     <span class='ocr_line' id='line_1_9' title="bbox 717 848 2304 920; baseline -0.004 -11"><span class='ocrx_word' id='word_1_41' title='bbox 717 870 848 910; x_wconf 69' lang='lat' dir='ltr'><strong>vero</strong></span> <span class='ocrx_word' id='word_1_42' title='bbox 883 853 1050 910; x_wconf 89' lang='lat' dir='ltr'><strong>etiam</strong></span> <span class='ocrx_word' id='word_1_43' title='bbox 1083 849 1498 920; x_wconf 82' lang='lat' dir='ltr'><strong>Adrianopoiim</strong></span> <span class='ocrx_word' id='word_1_44' title='bbox 1528 848 1722 903; x_wconf 86' lang='lat' dir='ltr'><strong>urbem</strong></span> <span class='ocrx_word' id='word_1_45' title='bbox 1766 848 1934 917; x_wconf 82' lang='lat' dir='ltr'><strong>cepit,</strong></span> <span class='ocrx_word' id='word_1_46' title='bbox 1993 849 2304 903; x_wconf 86' lang='lat' dir='ltr'><strong>transtulit-</strong></span> 
     </span>
    </p>
   </div>
   <div class='ocr_carea' id='block_1_10' title="bbox 716 939 2299 1018">
    <p class='ocr_par' dir='ltr' id='par_1_10' title="bbox 716 939 2299 1018">
     <span class='ocr_line' id='line_1_10' title="bbox 716 939 2299 1018; baseline -0.006 -14"><span class='ocrx_word' id='word_1_47' title='bbox 716 963 824 1018; x_wconf 84' lang='lat' dir='ltr'><strong>que</strong></span> <span class='ocrx_word' id='word_1_48' title='bbox 857 948 1049 1003; x_wconf 82' lang='lat' dir='ltr'><strong>decem</strong></span> <span class='ocrx_word' id='word_1_49' title='bbox 1075 941 1249 997; x_wconf 82' lang='lat' dir='ltr'><strong>millia</strong></span> <span class='ocrx_word' id='word_1_50' title='bbox 1275 942 1543 1004; x_wconf 83' lang='lat' dir='ltr'><strong>virorum,</strong></span> <span class='ocrx_word' id='word_1_51' title='bbox 1574 955 1684 994; x_wconf 90' lang='lat' dir='ltr'><strong>non</strong></span> <span class='ocrx_word' id='word_1_52' title='bbox 1718 939 2024 994; x_wconf 83' lang='lat' dir='ltr'><strong>numeratis</strong></span> <span class='ocrx_word' id='word_1_53' title='bbox 2054 939 2299 1007; x_wconf 90' lang='lat' dir='ltr'><strong>feminis,</strong></span> 
     </span>
    </p>
   </div>
   <div class='ocr_carea' id='block_1_11' title="bbox 716 1031 2304 1110">
    <p class='ocr_par' dir='ltr' id='par_1_11' title="bbox 716 1031 2304 1110">
     <span class='ocr_line' id='line_1_11' title="bbox 716 1031 2304 1110; baseline -0.005 -15"><span class='ocrx_word' id='word_1_54' title='bbox 716 1042 910 1110; x_wconf 82' lang='lat' dir='ltr'><strong>eisque</strong></span> <span class='ocrx_word' id='word_1_55' title='bbox 935 1049 1086 1092; x_wconf 87' lang='lat' dir='ltr'><strong>trans</strong></span> <span class='ocrx_word' id='word_1_56' title='bbox 1112 1035 1422 1090; x_wconf 84' lang='lat' dir='ltr'><strong>Danubium</strong></span> <span class='ocrx_word' id='word_1_57' title='bbox 1476 1034 1636 1086; x_wconf 82' lang='lat' dir='ltr'><strong>sedes</strong></span> <span class='ocrx_word' id='word_1_58' title='bbox 1660 1031 1978 1100; x_wconf 81' lang='lat' dir='ltr'><strong>assignavit.</strong></span> <span class='ocrx_word' id='word_1_59' title='bbox 2010 1031 2069 1085; x_wconf 87' lang='lat' dir='ltr'><strong>in</strong></span> <span class='ocrx_word' id='word_1_60' title='bbox 2104 1032 2304 1087; x_wconf 83' lang='lat' dir='ltr'><strong>diebus</strong></span> 
     </span>
    </p>
   </div>
   <div class='ocr_carea' id='block_1_12' title="bbox 718 1124 2305 1204">
    <p class='ocr_par' dir='ltr' id='par_1_12' title="bbox 718 1124 2305 1204">
     <span class='ocr_line' id='line_1_12' title="bbox 718 1124 2305 1204; baseline -0.003 -20"><span class='ocrx_word' id='word_1_61' title='bbox 718 1132 888 1204; x_wconf 75' lang='lat'><strong>818</strong></span> <span class='ocrx_word' id='word_1_62' title='bbox 917 1138 1098 1184; x_wconf 85' lang='lat' dir='ltr'><strong>autem</strong></span> <span class='ocrx_word' id='word_1_63' title='bbox 1141 1125 1433 1195; x_wconf 86' lang='lat' dir='ltr'><strong>Theophili</strong></span> <span class='ocrx_word' id='word_1_64' title='bbox 1503 1124 1856 1194; x_wconf 88' lang='lat' dir='ltr'><strong>imperatoris</strong></span> <span class='ocrx_word' id='word_1_65' title='bbox 1894 1124 2095 1179; x_wconf 88' lang='lat' dir='ltr'><strong>eratin</strong></span> <span class='ocrx_word' id='word_1_66' title='bbox 2127 1124 2305 1180; x_wconf 81' lang='lat' dir='ltr'><strong>Mace-</strong></span> 
     </span>
    </p>
   </div>
   <div class='ocr_carea' id='block_1_13' title="bbox 718 1212 2304 1287">
    <p class='ocr_par' dir='ltr' id='par_1_13' title="bbox 718 1212 2304 1287">
     <span class='ocr_line' id='line_1_13' title="bbox 718 1212 2304 1287; baseline -0.002 -14"><span class='ocrx_word' id='word_1_67' title='bbox 718 1219 883 1275; x_wconf 89' lang='lat' dir='ltr'><strong>donia</strong></span> <span class='ocrx_word' id='word_1_68' title='bbox 909 1217 1169 1287; x_wconf 77' lang='lat' dir='ltr'><strong>magister</strong></span> <span class='ocrx_word' id='word_1_69' title='bbox 1198 1215 1407 1269; x_wconf 77' lang='lat' dir='ltr'><strong>militia:</strong></span> <span class='ocrx_word' id='word_1_70' title='bbox 1458 1212 1728 1269; x_wconf 87' lang='lat' dir='ltr'><strong>Cordules</strong></span> <span class='ocrx_word' id='word_1_71' title='bbox 1775 1213 2021 1268; x_wconf 89' lang='lat' dir='ltr'><strong>nomine.</strong></span> <span class='ocrx_word' id='word_1_72' title='bbox 2054 1214 2304 1270; x_wconf 84' lang='lat' dir='ltr'><strong>Habebat</strong></span> 
     </span>
    </p>
   </div>
   <div class='ocr_carea' id='block_1_14' title="bbox 714 1303 2298 1370">
    <p class='ocr_par' dir='ltr' id='par_1_14' title="bbox 714 1303 2298 1370">
     <span class='ocr_line' id='line_1_14' title="bbox 714 1303 2298 1370; baseline -0.002 -3"><span class='ocrx_word' id='word_1_73' title='bbox 714 1323 850 1367; x_wconf 69' lang='lat' dir='ltr'><strong>vero</strong></span> <span class='ocrx_word' id='word_1_74' title='bbox 872 1309 1042 1366; x_wconf 88' lang='lat' dir='ltr'><strong>etiam</strong></span> <span class='ocrx_word' id='word_1_75' title='bbox 1081 1307 1251 1363; x_wconf 81' lang='lat' dir='ltr'><strong>filium</strong></span> <span class='ocrx_word' id='word_1_76' title='bbox 1282 1303 1515 1362; x_wconf 83' lang='lat' dir='ltr'><strong>Bardam</strong></span> <span class='ocrx_word' id='word_1_77' title='bbox 1545 1305 1790 1370; x_wconf 90' lang='lat' dir='ltr'><strong>nomine,</strong></span> <span class='ocrx_word' id='word_1_78' title='bbox 1821 1305 1970 1360; x_wconf 86' lang='lat' dir='ltr'><strong>virili</strong></span> <span class='ocrx_word' id='word_1_79' title='bbox 2000 1307 2298 1364; x_wconf 86' lang='lat' dir='ltr'><strong>admodum</strong></span> 
     </span>
    </p>
   </div>
   <div class='ocr_carea' id='block_1_15' title="bbox 717 1395 2300 1471">
    <p class='ocr_par' dir='ltr' id='par_1_15' title="bbox 717 1395 2300 1471">
     <span class='ocr_line' id='line_1_15' title="bbox 717 1395 2300 1471; baseline -0.004 -9"><span class='ocrx_word' id='word_1_80' title='bbox 717 1401 1044 1462; x_wconf 58' lang='lat' dir='ltr'><strong>fo-stitud&#39;ine</strong></span> <span class='ocrx_word' id='word_1_81' title='bbox 1075 1418 1138 1457; x_wconf 89' lang='lat' dir='ltr'><strong>ac</strong></span> <span class='ocrx_word' id='word_1_82' title='bbox 1168 1404 1480 1466; x_wconf 85' lang='lat' dir='ltr'><strong>strenuum,</strong></span> <span class='ocrx_word' id='word_1_83' title='bbox 1519 1417 1682 1471; x_wconf 91' lang='lat' dir='ltr'><strong>quem</strong></span> <span class='ocrx_word' id='word_1_84' title='bbox 1718 1395 1946 1470; x_wconf 85' lang='lat' dir='ltr'><strong>reliquit</strong></span> <span class='ocrx_word' id='word_1_85' title='bbox 1977 1409 2036 1454; x_wconf 92' lang='lat' dir='ltr'><strong>ut</strong></span> <span class='ocrx_word' id='word_1_86' title='bbox 2064 1401 2184 1457; x_wconf 88' lang='lat' dir='ltr'><strong>vice</strong></span> <span class='ocrx_word' id='word_1_87' title='bbox 2216 1402 2300 1457; x_wconf 87' lang='lat' dir='ltr'><strong>sui</strong></span> 
     </span>
    </p>
   </div>
   <div class='ocr_carea' id='block_1_16' title="bbox 717 1485 2302 1561">
    <p class='ocr_par' dir='ltr' id='par_1_16' title="bbox 717 1485 2302 1561">
     <span class='ocr_line' id='line_1_16' title="bbox 717 1485 2302 1561; baseline -0.004 -8"><span class='ocrx_word' id='word_1_88' title='bbox 717 1494 1115 1553; x_wconf 68' lang='lat' dir='ltr'><strong>Maecdonibbs</strong></span> <span class='ocrx_word' id='word_1_89' title='bbox 1145 1509 1272 1547; x_wconf 85' lang='lat' dir='ltr'><strong>cum</strong></span> <span class='ocrx_word' id='word_1_90' title='bbox 1306 1489 1541 1561; x_wconf 90' lang='lat' dir='ltr'><strong>imperio</strong></span> <span class='ocrx_word' id='word_1_91' title='bbox 1576 1501 1728 1546; x_wconf 86' lang='lat' dir='ltr'><strong>trans</strong></span> <span class='ocrx_word' id='word_1_92' title='bbox 1757 1485 2069 1545; x_wconf 84' lang='lat' dir='ltr'><strong>Danubium</strong></span> <span class='ocrx_word' id='word_1_93' title='bbox 2106 1492 2302 1561; x_wconf 71' lang='lat' dir='ltr'><strong>positis</strong></span> 
     </span>
    </p>
   </div>
   <div class='ocr_carea' id='block_1_17' title="bbox 715 1579 2305 1659">
    <p class='ocr_par' dir='ltr' id='par_1_17' title="bbox 715 1579 2305 1659">
     <span class='ocr_line' id='line_1_17' title="bbox 715 1579 2305 1659; baseline -0.003 -16"><span class='ocrx_word' id='word_1_94' title='bbox 715 1597 1000 1659; x_wconf 72' lang='lat' dir='ltr'><strong>praeesset.</strong></span> <span class='ocrx_word' id='word_1_95' title='bbox 1021 1587 1073 1641; x_wconf 88' lang='lat' dir='ltr'><strong>is</strong></span> <span class='ocrx_word' id='word_1_96' title='bbox 1105 1593 1225 1640; x_wconf 82' lang='lat' dir='ltr'><strong>arte</strong></span> <span class='ocrx_word' id='word_1_97' title='bbox 1255 1585 1493 1656; x_wconf 85' lang='lat' dir='ltr'><strong>quadam</strong></span> <span class='ocrx_word' id='word_1_98' title='bbox 1519 1599 1583 1637; x_wconf 84' lang='lat' dir='ltr'><strong>ac</strong></span> <span class='ocrx_word' id='word_1_99' title='bbox 1616 1579 1870 1638; x_wconf 88' lang='lat' dir='ltr'><strong>machina</strong></span> <span class='ocrx_word' id='word_1_100' title='bbox 1910 1583 2190 1653; x_wconf 84' lang='lat' dir='ltr'><strong>ingressus</strong></span> <span class='ocrx_word' id='word_1_101' title='bbox 2220 1593 2305 1639; x_wconf 84' lang='lat' dir='ltr'><strong>est</strong></span> 
     </span>
    </p>
   </div>
   <div class='ocr_carea' id='block_1_18' title="bbox 715 1668 2303 1750">
    <p class='ocr_par' dir='ltr' id='par_1_18' title="bbox 715 1668 2303 1750">
     <span class='ocr_line' id='line_1_18' title="bbox 715 1668 2303 1750; baseline -0.003 -14"><span class='ocrx_word' id='word_1_102' title='bbox 715 1684 783 1736; x_wconf 88' lang='lat' dir='ltr'><strong>ad</strong></span> <span class='ocrx_word' id='word_1_103' title='bbox 837 1675 1243 1750; x_wconf 82' lang='lat' dir='ltr'><strong>Theophilum,</strong></span> <span class='ocrx_word' id='word_1_104' title='bbox 1324 1669 1794 1747; x_wconf 85' lang='lat' dir='ltr'><strong>quemadmodum</strong></span> <span class='ocrx_word' id='word_1_105' title='bbox 1856 1668 1973 1730; x_wconf 89' lang='lat' dir='ltr'><strong>illic</strong></span> <span class='ocrx_word' id='word_1_106' title='bbox 2041 1677 2303 1747; x_wconf 88' lang='lat' dir='ltr'><strong>superius</strong></span> 
     </span>
    </p>
   </div>
   <div class='ocr_carea' id='block_1_19' title="bbox 715 1767 2298 1843">
    <p class='ocr_par' dir='ltr' id='par_1_19' title="bbox 715 1767 2298 1843">
     <span class='ocr_line' id='line_1_19' title="bbox 715 1767 2298 1843; baseline -0.001 -15"><span class='ocrx_word' id='word_1_107' title='bbox 715 1775 982 1843; x_wconf 80' lang='lat' dir='ltr'><strong>scriptum</strong></span> <span class='ocrx_word' id='word_1_108' title='bbox 1025 1781 1128 1827; x_wconf 90' lang='lat' dir='ltr'><strong>est.</strong></span> <span class='ocrx_word' id='word_1_109' title='bbox 1173 1767 1253 1825; x_wconf 82' lang='lat' dir='ltr'><strong>Eo</strong></span> <span class='ocrx_word' id='word_1_110' title='bbox 1307 1769 1617 1841; x_wconf 74' lang='lat' dir='ltr'><strong>gratissime</strong></span> <span class='ocrx_word' id='word_1_111' title='bbox 1650 1781 1926 1839; x_wconf 86' lang='lat' dir='ltr'><strong>suscepto,</strong></span> <span class='ocrx_word' id='word_1_112' title='bbox 1965 1770 2298 1841; x_wconf 77' lang='lat' dir='ltr'><strong>cognitoque</strong></span> 
     </span>
    </p>
   </div>
   <div class='ocr_carea' id='block_1_20' title="bbox 2398 577 3983 658">
    <p class='ocr_par' dir='ltr' id='par_1_20' title="bbox 2398 577 3983 658">
     <span class='ocr_line' id='line_1_20' title="bbox 2398 577 3983 658; baseline 0.008 -29"><span class='ocrx_word' id='word_1_113' title='bbox 2398 577 2576 634; x_wconf 63' lang='grc' dir='ltr'><strong>πάλιν.</strong></span> <span class='ocrx_word' id='word_1_114' title='bbox 2605 579 2932 649; x_wconf 79' lang='grc' dir='ltr'><strong>Λογχευθεὶς</strong></span> <span class='ocrx_word' id='word_1_115' title='bbox 2970 581 3027 635; x_wconf 75' lang='grc' dir='ltr'><strong>δὲ</strong></span> <span class='ocrx_word' id='word_1_116' title='bbox 3084 584 3237 652; x_wconf 59' lang='grc' dir='ltr'><strong>παρὰ</strong></span> <span class='ocrx_word' id='word_1_117' title='bbox 3285 584 3513 647; x_wconf 72' lang='grc' dir='ltr'><strong>Λέοντος</strong></span> <span class='ocrx_word' id='word_1_118' title='bbox 3544 586 3637 639; x_wconf 77' lang='grc' dir='ltr'><strong>τοῦ</strong></span> <span class='ocrx_word' id='word_1_119' title='bbox 3690 589 3983 658; x_wconf 79' lang='grc' dir='ltr'><strong>’Δρμενίου</strong></span> 
     </span>
    </p>
   </div>
   <div class='ocr_carea' id='block_1_21' title="bbox 2401 672 3990 749">
    <p class='ocr_par' dir='ltr' id='par_1_21' title="bbox 2401 672 3990 749">
     <span class='ocr_line' id='line_1_21' title="bbox 2401 672 3990 749; baseline 0.009 -27"><span class='ocrx_word' id='word_1_120' title='bbox 2401 672 2495 723; x_wconf 77' lang='grc' dir='ltr'><strong>καὶ</strong></span> <span class='ocrx_word' id='word_1_121' title='bbox 2524 672 2881 743; x_wconf 78' lang='grc' dir='ltr'><strong>ὑποστρέφων</strong></span> <span class='ocrx_word' id='word_1_122' title='bbox 2899 676 2956 727; x_wconf 77' lang='grc' dir='ltr'><strong>ὲν</strong></span> <span class='ocrx_word' id='word_1_123' title='bbox 2973 673 3285 748; x_wconf 69' lang='grc' dir='ltr'><strong>θουλγαρίᾳ</strong></span> <span class='ocrx_word' id='word_1_124' title='bbox 3316 677 3560 746; x_wconf 82' lang='grc' dir='ltr'><strong>επεμψεν</strong></span> <span class='ocrx_word' id='word_1_125' title='bbox 3586 680 3664 742; x_wconf 79' lang='grc' dir='ltr'><strong>είς</strong></span> <span class='ocrx_word' id='word_1_126' title='bbox 3687 680 3779 733; x_wconf 79' lang='grc' dir='ltr'><strong>τὸν</strong></span> <span class='ocrx_word' id='word_1_127' title='bbox 3802 683 3990 749; x_wconf 78' lang='grc' dir='ltr'><strong>’Λγιον</strong></span> 
     </span>
    </p>
   </div>
   <div class='ocr_carea' id='block_1_22' title="bbox 2403 761 3989 838">
    <p class='ocr_par' dir='ltr' id='par_1_22' title="bbox 2403 761 3989 838">
     <span class='ocr_line' id='line_1_22' title="bbox 2403 761 3989 838; baseline 0.009 -25"><span class='ocrx_word' id='word_1_128' title='bbox 2403 761 2680 831; x_wconf 75' lang='grc' dir='ltr'><strong>Μάμαντα</strong></span> <span class='ocrx_word' id='word_1_129' title='bbox 2707 763 2927 830; x_wconf 76' lang='grc' dir='ltr'>ἀφελεῖν</span> <span class='ocrx_word' id='word_1_130' title='bbox 2960 765 3029 818; x_wconf 72' lang='grc' dir='ltr'><strong>τὰ</strong></span> <span class='ocrx_word' id='word_1_131' title='bbox 3060 768 3239 820; x_wconf 76' lang='grc' dir='ltr'><strong>ἐκεῖσε</strong></span> <span class='ocrx_word' id='word_1_132' title='bbox 3273 769 3449 838; x_wconf 77' lang='grc' dir='ltr'><strong>χαλκᾶ</strong></span> <span class='ocrx_word' id='word_1_133' title='bbox 3481 769 3668 834; x_wconf 81' lang='grc' dir='ltr'><strong>ζώδια.</strong></span> <span class='ocrx_word' id='word_1_134' title='bbox 3713 772 3989 827; x_wconf 77' lang='grc' dir='ltr'><strong>’Δπελθὼν</strong></span> 
     </span>
    </p>
   </div>
   <div class='ocr_carea' id='block_1_23' title="bbox 2399 853 3989 937">
    <p class='ocr_par' dir='ltr' id='par_1_23' title="bbox 2399 853 3989 937">
     <span class='ocr_line' id='line_1_23' title="bbox 2399 853 3989 937; baseline 0.011 -32"><span class='ocrx_word' id='word_1_135' title='bbox 2399 853 2458 906; x_wconf 79' lang='grc' dir='ltr'><strong>δὲ</strong></span> <span class='ocrx_word' id='word_1_136' title='bbox 2517 854 2610 907; x_wconf 83' lang='grc' dir='ltr'><strong>καὶ</strong></span> <span class='ocrx_word' id='word_1_137' title='bbox 2664 857 2720 909; x_wconf 75' lang='grc' dir='ltr'><strong>ὲν</strong></span> <span class='ocrx_word' id='word_1_138' title='bbox 2777 856 3218 927; x_wconf 80' lang='grc' dir='ltr'><strong>Ἀδριανουπόλει</strong></span> <span class='ocrx_word' id='word_1_139' title='bbox 3273 863 3586 932; x_wconf 76' lang='grc' dir='ltr'><strong>παρέλαϐεν</strong></span> <span class='ocrx_word' id='word_1_140' title='bbox 3645 866 3839 937; x_wconf 77' lang='grc' dir='ltr'><strong>αὐτὴν,</strong></span> <span class='ocrx_word' id='word_1_141' title='bbox 3895 871 3989 922; x_wconf 76' lang='grc' dir='ltr'><strong>καὶ</strong></span> 
     </span>
    </p>
   </div>
   <div class='ocr_carea' id='block_1_24' title="bbox 2407 945 3988 1026">
    <p class='ocr_par' dir='ltr' id='par_1_24' title="bbox 2407 945 3988 1026">
     <span class='ocr_line' id='line_1_24' title="bbox 2407 945 3988 1026; baseline 0.009 -29"><span class='ocrx_word' id='word_1_142' title='bbox 2407 945 2711 1018; x_wconf 74' lang='grc' dir='ltr'><strong>μετέστησε</strong></span> <span class='ocrx_word' id='word_1_143' title='bbox 2758 948 3006 1018; x_wconf 80' lang='grc' dir='ltr'><strong>χιλιάδας</strong></span> <span class='ocrx_word' id='word_1_144' title='bbox 3063 951 3275 1022; x_wconf 77' lang='grc' dir='ltr'><strong>ἀνδρῶν</strong></span> <span class='ocrx_word' id='word_1_145' title='bbox 3302 953 3435 1006; x_wconf 85' lang='grc' dir='ltr'><strong>δέκα</strong></span> <span class='ocrx_word' id='word_1_146' title='bbox 3484 958 3657 1026; x_wconf 73' lang='grc' dir='ltr'><strong>χωρὶς</strong></span> <span class='ocrx_word' id='word_1_147' title='bbox 3688 959 3988 1025; x_wconf 82' lang='grc' dir='ltr'><strong>γυναικῶν.</strong></span> 
     </span>
    </p>
   </div>
   <div class='ocr_carea' id='block_1_25' title="bbox 2403 1038 3991 1114">
    <p class='ocr_par' dir='ltr' id='par_1_25' title="bbox 2403 1038 3991 1114">
     <span class='ocr_line' id='line_1_25' title="bbox 2403 1038 3991 1114; baseline 0.006 -22"><span class='ocrx_word' id='word_1_148' title='bbox 2403 1038 2500 1092; x_wconf 74' lang='grc' dir='ltr'><strong>καὶ</strong></span> <span class='ocrx_word' id='word_1_149' title='bbox 2526 1038 2752 1102; x_wconf 83' lang='grc' dir='ltr'><strong>τούτους</strong></span> <span class='ocrx_word' id='word_1_150' title='bbox 2800 1041 3075 1113; x_wconf 76' lang='grc' dir='ltr'><strong>κατῴκισε</strong></span> <span class='ocrx_word' id='word_1_151' title='bbox 3107 1045 3282 1114; x_wconf 74' lang='grc' dir='ltr'><strong>πέραν</strong></span> <span class='ocrx_word' id='word_1_152' title='bbox 3323 1046 3418 1099; x_wconf 74' lang='grc' dir='ltr'><strong>τοῦ</strong></span> <span class='ocrx_word' id='word_1_153' title='bbox 3452 1049 3769 1104; x_wconf 77' lang='grc' dir='ltr'><strong>Λανουϐίου.</strong></span> <span class='ocrx_word' id='word_1_154' title='bbox 3809 1050 3903 1104; x_wconf 84' lang='grc' dir='ltr'><strong>Ἐν</strong></span> <span class='ocrx_word' id='word_1_155' title='bbox 3929 1051 3991 1102; x_wconf 67' lang='grc' dir='ltr'><strong>δὲ</strong></span> 
     </span>
    </p>
   </div>
   <div class='ocr_carea' id='block_1_26' title="bbox 2401 1131 3992 1210">
    <p class='ocr_par' dir='ltr' id='par_1_26' title="bbox 2401 1131 3992 1210">
     <span class='ocr_line' id='line_1_26' title="bbox 2401 1131 3992 1210; baseline 0.006 -29"><span class='ocrx_word' id='word_1_156' title='bbox 2401 1132 2524 1193; x_wconf 79' lang='grc' dir='ltr'><strong>ταῖς</strong></span> <span class='ocrx_word' id='word_1_157' title='bbox 2559 1131 2796 1202; x_wconf 75' lang='grc' dir='ltr'><strong>ἡμέραις</strong></span> <span class='ocrx_word' id='word_1_158' title='bbox 2834 1131 3097 1201; x_wconf 74' lang='grc' dir='ltr'><strong>Θεοφίλου</strong></span> <span class='ocrx_word' id='word_1_159' title='bbox 3131 1132 3226 1187; x_wconf 77' lang='grc' dir='ltr'><strong>τοῦ</strong></span> <span class='ocrx_word' id='word_1_160' title='bbox 3274 1133 3542 1203; x_wconf 85' lang='grc' dir='ltr'><strong>βασιλέως</strong></span> <span class='ocrx_word' id='word_1_161' title='bbox 3583 1132 3652 1209; x_wconf 82' lang='grc' dir='ltr'><strong>ἦν</strong></span> <span class='ocrx_word' id='word_1_162' title='bbox 3681 1139 3992 1210; x_wconf 85' lang='grc' dir='ltr'><strong>στρατηλά-</strong></span> 
     </span>
    </p>
   </div>
   <div class='ocr_carea' id='block_1_27' title="bbox 2400 1223 3991 1302">
    <p class='ocr_par' dir='ltr' id='par_1_27' title="bbox 2400 1223 3991 1302">
     <span class='ocr_line' id='line_1_27' title="bbox 2400 1223 3991 1302; baseline 0.007 -29"><span class='ocrx_word' id='word_1_163' title='bbox 2400 1238 2502 1292; x_wconf 80' lang='grc' dir='ltr'><strong>της</strong></span> <span class='ocrx_word' id='word_1_164' title='bbox 2533 1223 2592 1274; x_wconf 76' lang='grc' dir='ltr'><strong>ἐν</strong></span> <span class='ocrx_word' id='word_1_165' title='bbox 2619 1223 2936 1295; x_wconf 70' lang='grc' dir='ltr'><strong>Μακεδονίᾳ</strong></span> <span class='ocrx_word' id='word_1_166' title='bbox 2964 1224 3248 1296; x_wconf 78' lang='grc' dir='ltr'><strong>Κορδύλης</strong></span> <span class='ocrx_word' id='word_1_167' title='bbox 3269 1230 3836 1302; x_wconf 81' lang='grc' dir='ltr'><strong>προσαγορευόμενος.</strong></span> <span class='ocrx_word' id='word_1_168' title='bbox 3857 1228 3991 1301; x_wconf 79' lang='grc' dir='ltr'><strong>Εἶχε</strong></span> 
     </span>
    </p>
   </div>
   <div class='ocr_carea' id='block_1_28' title="bbox 2400 1313 3993 1393">
    <p class='ocr_par' dir='ltr' id='par_1_28' title="bbox 2400 1313 3993 1393">
     <span class='ocr_line' id='line_1_28' title="bbox 2400 1313 3993 1393; baseline 0.006 -27"><span class='ocrx_word' id='word_1_169' title='bbox 2400 1313 2460 1366; x_wconf 80' lang='grc' dir='ltr'><strong>δὲ</strong></span> <span class='ocrx_word' id='word_1_170' title='bbox 2490 1315 2587 1368; x_wconf 71' lang='grc' dir='ltr'><strong>καὶ</strong></span> <span class='ocrx_word' id='word_1_171' title='bbox 2617 1315 2733 1368; x_wconf 72' lang='grc' dir='ltr'><strong>υἱὸν</strong></span> <span class='ocrx_word' id='word_1_172' title='bbox 2761 1315 2974 1384; x_wconf 78' lang='grc' dir='ltr'><strong>Βάρδαν</strong></span> <span class='ocrx_word' id='word_1_173' title='bbox 3020 1318 3270 1388; x_wconf 80' lang='grc' dir='ltr'><strong>ὀνόματι,</strong></span> <span class='ocrx_word' id='word_1_174' title='bbox 3301 1322 3702 1393; x_wconf 78' lang='grc' dir='ltr'><strong>ἡνδρειωμένον</strong></span> <span class='ocrx_word' id='word_1_175' title='bbox 3730 1325 3898 1388; x_wconf 81' lang='grc' dir='ltr'><strong>πάνυ,</strong></span> <span class='ocrx_word' id='word_1_176' title='bbox 3933 1326 3993 1376; x_wconf 74' lang='grc' dir='ltr'><strong>δν</strong></span> 
     </span>
    </p>
   </div>
   <div class='ocr_carea' id='block_1_29' title="bbox 2403 1407 3992 1480">
    <p class='ocr_par' dir='ltr' id='par_1_29' title="bbox 2403 1407 3992 1480">
     <span class='ocr_line' id='line_1_29' title="bbox 2403 1407 3992 1480; baseline 0.006 -21"><span class='ocrx_word' id='word_1_177' title='bbox 2403 1407 2697 1460; x_wconf 79' lang='grc' dir='ltr'><strong>κατέλιπεν</strong></span> <span class='ocrx_word' id='word_1_178' title='bbox 2716 1408 2834 1461; x_wconf 80' lang='grc' dir='ltr'><strong>ἀντ’</strong></span> <span class='ocrx_word' id='word_1_179' title='bbox 2865 1409 3032 1463; x_wconf 82' lang='grc' dir='ltr'><strong>αὐτοῦ</strong></span> <span class='ocrx_word' id='word_1_180' title='bbox 3067 1411 3260 1480; x_wconf 80' lang='grc' dir='ltr'><strong>ἄρχειν</strong></span> <span class='ocrx_word' id='word_1_181' title='bbox 3282 1412 3390 1465; x_wconf 75' lang='grc' dir='ltr'><strong>τῶν</strong></span> <span class='ocrx_word' id='word_1_182' title='bbox 3412 1414 3740 1468; x_wconf 76' lang='grc' dir='ltr'><strong>Μακεδόνων</strong></span> <span class='ocrx_word' id='word_1_183' title='bbox 3761 1415 3874 1468; x_wconf 79' lang='grc' dir='ltr'><strong>τῶν</strong></span> <span class='ocrx_word' id='word_1_184' title='bbox 3898 1418 3992 1468; x_wconf 76' lang='grc' dir='ltr'><strong>δν.</strong></span> 
     </span>
    </p>
   </div>
   <div class='ocr_carea' id='block_1_30' title="bbox 2403 1499 3995 1578">
    <p class='ocr_par' dir='ltr' id='par_1_30' title="bbox 2403 1499 3995 1578">
     <span class='ocr_line' id='line_1_30' title="bbox 2403 1499 3995 1578; baseline 0.006 -27"><span class='ocrx_word' id='word_1_185' title='bbox 2403 1515 2512 1552; x_wconf 89' lang='grc' dir='ltr'><strong>των</strong></span> <span class='ocrx_word' id='word_1_186' title='bbox 2540 1499 2715 1570; x_wconf 87' lang='grc' dir='ltr'><strong>πέραν</strong></span> <span class='ocrx_word' id='word_1_187' title='bbox 2764 1500 2860 1553; x_wconf 76' lang='grc' dir='ltr'><strong>τοῦ</strong></span> <span class='ocrx_word' id='word_1_188' title='bbox 2899 1502 3149 1570; x_wconf 77' lang='grc' dir='ltr'><strong>ποταμοῦ</strong></span> <span class='ocrx_word' id='word_1_189' title='bbox 3184 1505 3504 1558; x_wconf 80' lang='grc' dir='ltr'><strong>Λανουϐίου.</strong></span> <span class='ocrx_word' id='word_1_190' title='bbox 3551 1507 3722 1570; x_wconf 65' lang='grc' dir='ltr'><strong>Αὐτὸς</strong></span> <span class='ocrx_word' id='word_1_191' title='bbox 3754 1509 3811 1560; x_wconf 74' lang='grc' dir='ltr'><strong>δὲ</strong></span> <span class='ocrx_word' id='word_1_192' title='bbox 3843 1511 3995 1578; x_wconf 72' lang='grc' dir='ltr'><strong>μετὰ</strong></span> 
     </span>
    </p>
   </div>
   <div class='ocr_carea' id='block_1_31' title="bbox 2408 1587 3993 1668">
    <p class='ocr_par' dir='ltr' id='par_1_31' title="bbox 2408 1587 3993 1668">
     <span class='ocr_line' id='line_1_31' title="bbox 2408 1587 3993 1668; baseline 0.007 -26"><span class='ocrx_word' id='word_1_193' title='bbox 2408 1587 2658 1662; x_wconf 79' lang='grc' dir='ltr'><strong>μηχανῆς</strong></span> <span class='ocrx_word' id='word_1_194' title='bbox 2687 1609 2833 1656; x_wconf 78' lang='grc' dir='ltr'><strong>τινος</strong></span> <span class='ocrx_word' id='word_1_195' title='bbox 2869 1595 3088 1664; x_wconf 85' lang='grc' dir='ltr'><strong>είσῆλθε</strong></span> <span class='ocrx_word' id='word_1_196' title='bbox 3122 1597 3260 1666; x_wconf 83' lang='grc' dir='ltr'><strong>πρὸς</strong></span> <span class='ocrx_word' id='word_1_197' title='bbox 3293 1598 3575 1668; x_wconf 78' lang='grc' dir='ltr'><strong>Θεόφιλον,</strong></span> <span class='ocrx_word' id='word_1_198' title='bbox 3613 1598 3756 1654; x_wconf 75' lang='grc' dir='ltr'><strong>καθὰ</strong></span> <span class='ocrx_word' id='word_1_199' title='bbox 3804 1602 3993 1654; x_wconf 71' lang='grc' dir='ltr'><strong>ἐκεῖσε</strong></span> 
     </span>
    </p>
   </div>
   <div class='ocr_carea' id='block_1_32' title="bbox 2409 1686 3993 1760">
    <p class='ocr_par' dir='ltr' id='par_1_32' title="bbox 2409 1686 3993 1760">
     <span class='ocr_line' id='line_1_32' title="bbox 2409 1686 3993 1760; baseline 0.006 -26"><span class='ocrx_word' id='word_1_200' title='bbox 2409 1686 2757 1755; x_wconf 81' lang='grc' dir='ltr'><strong>προεγράφη.</strong></span> <span class='ocrx_word' id='word_1_201' title='bbox 2793 1688 2888 1738; x_wconf 87' lang='grc' dir='ltr'><strong>ὐν</strong></span> <span class='ocrx_word' id='word_1_202' title='bbox 2921 1687 3324 1758; x_wconf 73' lang='grc' dir='ltr'><strong>ὑποδεξάμενος</strong></span> <span class='ocrx_word' id='word_1_203' title='bbox 3354 1691 3583 1760; x_wconf 85' lang='grc' dir='ltr'><strong>χαίρων,</strong></span> <span class='ocrx_word' id='word_1_204' title='bbox 3631 1692 3725 1746; x_wconf 76' lang='grc' dir='ltr'><strong>καὶ</strong></span> <span class='ocrx_word' id='word_1_205' title='bbox 3763 1692 3933 1760; x_wconf 77' lang='grc' dir='ltr'><strong>γνοὺς</strong></span> <span class='ocrx_word' id='word_1_206' title='bbox 3964 1692 3993 1744; x_wconf 84' lang='grc' dir='ltr'><strong>δ</strong></span> 
     </span>
    </p>
   </div>
   <div class='ocr_carea' id='block_1_33' title="bbox 2409 1772 3994 1845">
    <p class='ocr_par' dir='ltr' id='par_1_33' title="bbox 2409 1772 3994 1845">
     <span class='ocr_line' id='line_1_33' title="bbox 2409 1772 3994 1845; baseline 0.006 -20"><span class='ocrx_word' id='word_1_207' title='bbox 2409 1772 2587 1837; x_wconf 85' lang='grc' dir='ltr'><strong>θέλει,</strong></span> <span class='ocrx_word' id='word_1_208' title='bbox 2645 1775 2936 1829; x_wconf 82' lang='grc' dir='ltr'><strong>ἀπέστειλε</strong></span> <span class='ocrx_word' id='word_1_209' title='bbox 2999 1776 3161 1829; x_wconf 84' lang='grc' dir='ltr'><strong>πλοῖα</strong></span> <span class='ocrx_word' id='word_1_210' title='bbox 3215 1779 3585 1834; x_wconf 82' lang='grc' dir='ltr'><strong>ἀναλαϐέσθαι</strong></span> <span class='ocrx_word' id='word_1_211' title='bbox 3641 1783 3841 1845; x_wconf 75' lang='grc' dir='ltr'><strong>αὐτοὺς</strong></span> <span class='ocrx_word' id='word_1_212' title='bbox 3895 1784 3994 1836; x_wconf 77' lang='grc' dir='ltr'><strong>καὶ</strong></span> 
     </span>
    </p>
   </div>
   <div class='ocr_carea' id='block_1_34' title="bbox 714 1856 2297 1945">
    <p class='ocr_par' dir='ltr' id='par_1_34' title="bbox 714 1856 2297 1939">
     <span class='ocr_line' id='line_1_34' title="bbox 714 1856 2297 1939; baseline -0.002 -18"><span class='ocrx_word' id='word_1_213' title='bbox 714 1869 848 1939; x_wconf 89' lang='lat' dir='ltr'><strong>quid</strong></span> <span class='ocrx_word' id='word_1_214' title='bbox 895 1862 1062 1921; x_wconf 88' lang='lat' dir='ltr'><strong>vellet</strong></span> <span class='ocrx_word' id='word_1_215' title='bbox 1103 1865 1340 1927; x_wconf 88' lang='lat' dir='ltr'><strong>animus,</strong></span> <span class='ocrx_word' id='word_1_216' title='bbox 1383 1863 1550 1919; x_wconf 87' lang='lat' dir='ltr'><strong>missa</strong></span> <span class='ocrx_word' id='word_1_217' title='bbox 1580 1856 1794 1934; x_wconf 81' lang='lat' dir='ltr'><strong>navigia</strong></span> <span class='ocrx_word' id='word_1_218' title='bbox 1820 1874 1969 1927; x_wconf 91' lang='lat' dir='ltr'><strong>sunt,</strong></span> <span class='ocrx_word' id='word_1_219' title='bbox 2025 1880 2149 1934; x_wconf 70' lang='lat' dir='ltr'><strong>quae</strong></span> <span class='ocrx_word' id='word_1_220' title='bbox 2177 1866 2297 1918; x_wconf 90' lang='lat' dir='ltr'><strong>illos</strong></span> 
     </span>
    </p>
   </div>
   <div class='ocr_carea' id='block_1_35' title="bbox 2402 1856 3994 1945">
    <p class='ocr_par' dir='ltr' id='par_1_35' title="bbox 2403 1868 3994 1945">
     <span class='ocr_line' id='line_1_35' title="bbox 2403 1868 3994 1945; baseline 0.005 -25"><span class='ocrx_word' id='word_1_221' title='bbox 2403 1868 2703 1937; x_wconf 80' lang='grc' dir='ltr'><strong>ἀναγαγεῖν</strong></span> <span class='ocrx_word' id='word_1_222' title='bbox 2735 1873 2792 1924; x_wconf 79' lang='grc' dir='ltr'><strong>ἐν</strong></span> <span class='ocrx_word' id='word_1_223' title='bbox 2824 1874 2888 1943; x_wconf 75' lang='grc' dir='ltr'><strong>τῇ</strong></span> <span class='ocrx_word' id='word_1_224' title='bbox 2922 1872 3097 1926; x_wconf 70' lang='grc' dir='ltr'><strong>πόλει.</strong></span> <span class='ocrx_word' id='word_1_225' title='bbox 3132 1869 3240 1926; x_wconf 86' lang='grc' dir='ltr'><strong>Ἦν</strong></span> <span class='ocrx_word' id='word_1_226' title='bbox 3272 1873 3330 1926; x_wconf 82' lang='grc' dir='ltr'><strong>δὲ</strong></span> <span class='ocrx_word' id='word_1_227' title='bbox 3364 1875 3549 1945; x_wconf 75' lang='grc' dir='ltr'><strong>ἄρχων</strong></span> <span class='ocrx_word' id='word_1_228' title='bbox 3588 1873 3933 1944; x_wconf 81' lang='grc' dir='ltr'><strong>Βουλγαρὶας</strong></span> <span class='ocrx_word' id='word_1_229' title='bbox 3964 1878 3994 1928; x_wconf 79' lang='grc' dir='ltr'>ὁ</span> 
     </span>
    </p>
   </div>
   <div class='ocr_carea' id='block_1_36' title="bbox 714 1950 2300 2031">
    <p class='ocr_par' dir='ltr' id='par_1_36' title="bbox 714 1950 2300 2031">
     <span class='ocr_line' id='line_1_36' title="bbox 714 1950 2300 2031; baseline -0.004 -15"><span class='ocrx_word' id='word_1_230' title='bbox 714 1968 1029 2031; x_wconf 82' lang='lat' dir='ltr'><strong>assumptos</strong></span> <span class='ocrx_word' id='word_1_231' title='bbox 1059 1959 1116 2014; x_wconf 89' lang='lat' dir='ltr'><strong>in</strong></span> <span class='ocrx_word' id='word_1_232' title='bbox 1148 1957 1344 2013; x_wconf 92' lang='lat' dir='ltr'><strong>urbem</strong></span> <span class='ocrx_word' id='word_1_233' title='bbox 1401 1956 1752 2010; x_wconf 86' lang='lat' dir='ltr'><strong>reducerent.</strong></span> <span class='ocrx_word' id='word_1_234' title='bbox 1788 1950 1920 2011; x_wconf 79' lang='lat' dir='ltr'><strong>Erat</strong></span> <span class='ocrx_word' id='word_1_235' title='bbox 1977 1971 2144 2026; x_wconf 90' lang='lat' dir='ltr'><strong>porro</strong></span> <span class='ocrx_word' id='word_1_236' title='bbox 2173 1957 2300 2010; x_wconf 88' lang='lat' dir='ltr'><strong>Bul-</strong></span> 
     </span>
    </p>
   </div>
   <div class='ocr_carea' id='block_1_37' title="bbox 713 2040 2300 2121">
    <p class='ocr_par' dir='ltr' id='par_1_37' title="bbox 713 2040 2300 2121">
     <span class='ocr_line' id='line_1_37' title="bbox 713 2040 2300 2121; baseline -0.011 -16"><span class='ocrx_word' id='word_1_237' title='bbox 713 2051 878 2121; x_wconf 76' lang='lat' dir='ltr'><strong>garia:</strong></span> <span class='ocrx_word' id='word_1_238' title='bbox 924 2047 1184 2121; x_wconf 83' lang='lat' dir='ltr'><strong>princeps</strong></span> <span class='ocrx_word' id='word_1_239' title='bbox 1210 2048 1507 2112; x_wconf 86' lang='lat' dir='ltr'><strong>Baidimer,</strong></span> <span class='ocrx_word' id='word_1_240' title='bbox 1540 2040 1732 2101; x_wconf 86' lang='lat' dir='ltr'><strong>Crumi</strong></span> <span class='ocrx_word' id='word_1_241' title='bbox 1773 2062 1969 2116; x_wconf 86' lang='lat' dir='ltr'><strong>nepos,</strong></span> <span class='ocrx_word' id='word_1_242' title='bbox 2007 2054 2164 2117; x_wconf 73' lang='lat' dir='ltr'><strong>pater</strong></span> <span class='ocrx_word' id='word_1_243' title='bbox 2203 2045 2300 2116; x_wconf 60' lang='lat' dir='ltr'><strong>sy-</strong></span> 
     </span>
    </p>
   </div>
   <div class='ocr_carea' id='block_1_38' title="bbox 713 2140 1894 2212">
    <p class='ocr_par' dir='ltr' id='par_1_38' title="bbox 713 2140 1894 2212">
     <span class='ocr_line' id='line_1_38' title="bbox 713 2140 1894 2212; baseline -0.005 -14"><span class='ocrx_word' id='word_1_244' title='bbox 713 2142 948 2208; x_wconf 88' lang='lat' dir='ltr'><strong>meonis,</strong></span> <span class='ocrx_word' id='word_1_245' title='bbox 981 2143 1078 2212; x_wconf 90' lang='lat' dir='ltr'><strong>qui</strong></span> <span class='ocrx_word' id='word_1_246' title='bbox 1112 2150 1302 2211; x_wconf 89' lang='lat' dir='ltr'><strong>postea</strong></span> <span class='ocrx_word' id='word_1_247' title='bbox 1333 2156 1516 2194; x_wconf 90' lang='lat' dir='ltr'><strong>rerum</strong></span> <span class='ocrx_word' id='word_1_248' title='bbox 1547 2140 1757 2209; x_wconf 87' lang='lat' dir='ltr'><strong>potitus</strong></span> <span class='ocrx_word' id='word_1_249' title='bbox 1788 2148 1894 2194; x_wconf 90' lang='lat' dir='ltr'><strong>est.</strong></span> 
     </span>
    </p>
   </div>
   <div class='ocr_carea' id='block_1_39' title="bbox 784 2228 2298 2301">
    <p class='ocr_par' dir='ltr' id='par_1_39' title="bbox 784 2228 2298 2301">
     <span class='ocr_line' id='line_1_39' title="bbox 784 2228 2298 2301; baseline -0.005 -10"><span class='ocrx_word' id='word_1_250' title='bbox 784 2238 836 2291; x_wconf 85' lang='lat'><strong>9.</strong></span> <span class='ocrx_word' id='word_1_251' title='bbox 870 2235 1180 2290; x_wconf 88' lang='lat' dir='ltr'><strong>Consilium</strong></span> <span class='ocrx_word' id='word_1_252' title='bbox 1215 2233 1400 2301; x_wconf 85' lang='lat' dir='ltr'><strong>itaque</strong></span> <span class='ocrx_word' id='word_1_253' title='bbox 1435 2228 1561 2285; x_wconf 90' lang='lat' dir='ltr'><strong>iniit</strong></span> <span class='ocrx_word' id='word_1_254' title='bbox 1596 2231 1854 2300; x_wconf 88' lang='lat' dir='ltr'><strong>populus,</strong></span> <span class='ocrx_word' id='word_1_255' title='bbox 1903 2235 1962 2284; x_wconf 91' lang='lat' dir='ltr'><strong>ut</strong></span> <span class='ocrx_word' id='word_1_256' title='bbox 1997 2245 2121 2284; x_wconf 90' lang='lat' dir='ltr'><strong>cum</strong></span> <span class='ocrx_word' id='word_1_257' title='bbox 2165 2247 2298 2284; x_wconf 71' lang='lat' dir='ltr'><strong>uxo-</strong></span> 
     </span>
    </p>
   </div>
   <div class='ocr_carea' id='block_1_40' title="bbox 712 2314 2300 2396">
    <p class='ocr_par' dir='ltr' id='par_1_40' title="bbox 712 2314 2300 2396">
     <span class='ocr_line' id='line_1_40' title="bbox 712 2314 2300 2396; baseline -0.004 -13"><span class='ocrx_word' id='word_1_258' title='bbox 712 2329 870 2383; x_wconf 87' lang='lat' dir='ltr'><strong>ribus</strong></span> <span class='ocrx_word' id='word_1_259' title='bbox 889 2336 1055 2396; x_wconf 89' lang='lat' dir='ltr'><strong>atque</strong></span> <span class='ocrx_word' id='word_1_260' title='bbox 1078 2324 1271 2378; x_wconf 87' lang='lat' dir='ltr'><strong>liberis</strong></span> <span class='ocrx_word' id='word_1_261' title='bbox 1301 2324 1355 2376; x_wconf 91' lang='lat' dir='ltr'><strong>in</strong></span> <span class='ocrx_word' id='word_1_262' title='bbox 1384 2322 1645 2376; x_wconf 80' lang='lat' dir='ltr'><strong>Romana:</strong></span> <span class='ocrx_word' id='word_1_263' title='bbox 1668 2315 1900 2375; x_wconf 90' lang='lat' dir='ltr'><strong>ditionis</strong></span> <span class='ocrx_word' id='word_1_264' title='bbox 1926 2321 2044 2375; x_wconf 88' lang='lat' dir='ltr'><strong>loca</strong></span> <span class='ocrx_word' id='word_1_265' title='bbox 2072 2314 2300 2393; x_wconf 79' lang='lat' dir='ltr'><strong>egrede-</strong></span> 
     </span>
    </p>
   </div>
   <div class='ocr_carea' id='block_1_41' title="bbox 711 2407 2296 2488">
    <p class='ocr_par' dir='ltr' id='par_1_41' title="bbox 711 2407 2296 2488">
     <span class='ocr_line' id='line_1_41' title="bbox 711 2407 2296 2488; baseline -0.005 -12"><span class='ocrx_word' id='word_1_266' title='bbox 711 2429 926 2477; x_wconf 83' lang='lat' dir='ltr'><strong>rentur.</strong></span> <span class='ocrx_word' id='word_1_267' title='bbox 959 2419 1194 2488; x_wconf 81' lang='lat' dir='ltr'><strong>Egresso</strong></span> <span class='ocrx_word' id='word_1_268' title='bbox 1225 2429 1353 2469; x_wconf 88' lang='lat' dir='ltr'><strong>vero</strong></span> <span class='ocrx_word' id='word_1_269' title='bbox 1379 2413 1648 2469; x_wconf 80' lang='lat' dir='ltr'><strong>Michaele</strong></span> <span class='ocrx_word' id='word_1_270' title='bbox 1679 2411 1914 2484; x_wconf 81' lang='lat' dir='ltr'><strong>Bulgaro</strong></span> <span class='ocrx_word' id='word_1_271' title='bbox 1959 2407 2013 2467; x_wconf 85' lang='lat' dir='ltr'><strong>in</strong></span> <span class='ocrx_word' id='word_1_272' title='bbox 2047 2407 2296 2469; x_wconf 75' lang='lat' dir='ltr'><strong>Macedo-</strong></span> 
     </span>
    </p>
   </div>
   <div class='ocr_carea' id='block_1_42' title="bbox 711 2500 2294 2581">
    <p class='ocr_par' dir='ltr' id='par_1_42' title="bbox 711 2500 2294 2581">
     <span class='ocr_line' id='line_1_42' title="bbox 711 2500 2294 2581; baseline -0.006 -12"><span class='ocrx_word' id='word_1_273' title='bbox 711 2515 882 2577; x_wconf 85' lang='lat' dir='ltr'><strong>niam,</strong></span> <span class='ocrx_word' id='word_1_274' title='bbox 942 2515 1234 2581; x_wconf 66' lang='lat' dir='ltr'><strong>coeperunt</strong></span> <span class='ocrx_word' id='word_1_275' title='bbox 1270 2506 1527 2579; x_wconf 83' lang='lat' dir='ltr'><strong>trajicere</strong></span> <span class='ocrx_word' id='word_1_276' title='bbox 1563 2522 1686 2560; x_wconf 91' lang='lat' dir='ltr'><strong>cum</strong></span> <span class='ocrx_word' id='word_1_277' title='bbox 1745 2505 1861 2560; x_wconf 89' lang='lat' dir='ltr'><strong>suis</strong></span> <span class='ocrx_word' id='word_1_278' title='bbox 1919 2500 2294 2559; x_wconf 82' lang='lat' dir='ltr'><strong>facultatibus.</strong></span> 
     </span>
    </p>
   </div>
   <div class='ocr_carea' id='block_1_43' title="bbox 710 2596 2296 2674">
    <p class='ocr_par' dir='ltr' id='par_1_43' title="bbox 710 2596 2296 2674">
     <span class='ocr_line' id='line_1_43' title="bbox 710 2596 2296 2674; baseline -0.008 -14"><span class='ocrx_word' id='word_1_279' title='bbox 710 2607 830 2674; x_wconf 87' lang='lat' dir='ltr'><strong>Quo</strong></span> <span class='ocrx_word' id='word_1_280' title='bbox 860 2603 1084 2674; x_wconf 90' lang='lat' dir='ltr'><strong>cognito</strong></span> <span class='ocrx_word' id='word_1_281' title='bbox 1114 2615 1304 2657; x_wconf 86' lang='lat' dir='ltr'><strong>comes</strong></span> <span class='ocrx_word' id='word_1_282' title='bbox 1330 2600 1449 2669; x_wconf 87' lang='lat' dir='ltr'><strong>ipse</strong></span> <span class='ocrx_word' id='word_1_283' title='bbox 1480 2598 1718 2668; x_wconf 82' lang='lat' dir='ltr'><strong>trajecit,</strong></span> <span class='ocrx_word' id='word_1_284' title='bbox 1749 2605 1807 2650; x_wconf 91' lang='lat' dir='ltr'><strong>ut</strong></span> <span class='ocrx_word' id='word_1_285' title='bbox 1837 2596 1920 2650; x_wconf 88' lang='lat' dir='ltr'><strong>eis</strong></span> <span class='ocrx_word' id='word_1_286' title='bbox 1970 2596 2173 2650; x_wconf 87' lang='lat' dir='ltr'><strong>bellum</strong></span> <span class='ocrx_word' id='word_1_287' title='bbox 2209 2596 2296 2648; x_wconf 84' lang='lat' dir='ltr'><strong>in-</strong></span> 
     </span>
    </p>
   </div>
   <div class='ocr_carea' id='block_1_44' title="bbox 711 2689 2296 2767">
    <p class='ocr_par' dir='ltr' id='par_1_44' title="bbox 711 2689 2296 2767">
     <span class='ocr_line' id='line_1_44' title="bbox 711 2689 2296 2767; baseline -0.008 -14"><span class='ocrx_word' id='word_1_288' title='bbox 711 2699 903 2754; x_wconf 81' lang='lat' dir='ltr'><strong>ferret.</strong></span> <span class='ocrx_word' id='word_1_289' title='bbox 932 2697 1040 2767; x_wconf 87' lang='lat' dir='ltr'><strong>Spe</strong></span> <span class='ocrx_word' id='word_1_290' title='bbox 1074 2696 1260 2764; x_wconf 85' lang='lat' dir='ltr'><strong>itaque</strong></span> <span class='ocrx_word' id='word_1_291' title='bbox 1290 2691 1438 2747; x_wconf 78' lang='lat' dir='ltr'><strong>anxii</strong></span> <span class='ocrx_word' id='word_1_292' title='bbox 1471 2689 1801 2744; x_wconf 74' lang='lat' dir='ltr'><strong>Macedones</strong></span> <span class='ocrx_word' id='word_1_293' title='bbox 1827 2697 1988 2758; x_wconf 87' lang='lat' dir='ltr'><strong>caput</strong></span> <span class='ocrx_word' id='word_1_294' title='bbox 2023 2689 2126 2743; x_wconf 91' lang='lat' dir='ltr'><strong>sibi</strong></span> <span class='ocrx_word' id='word_1_295' title='bbox 2157 2704 2296 2758; x_wconf 75' lang='lat' dir='ltr'><strong>prm-</strong></span> 
     </span>
    </p>
   </div>
   <div class='ocr_carea' id='block_1_45' title="bbox 711 2785 2297 2853">
    <p class='ocr_par' dir='ltr' id='par_1_45' title="bbox 711 2785 2297 2853">
     <span class='ocr_line' id='line_1_45' title="bbox 711 2785 2297 2853; baseline -0.01 -5"><span class='ocrx_word' id='word_1_296' title='bbox 711 2793 965 2848; x_wconf 90' lang='lat' dir='ltr'><strong>fccerunt</strong></span> <span class='ocrx_word' id='word_1_297' title='bbox 1000 2789 1298 2844; x_wconf 79' lang='lat' dir='ltr'><strong>&#39;l‘zantzem</strong></span> <span class='ocrx_word' id='word_1_298' title='bbox 1329 2794 1385 2840; x_wconf 91' lang='lat' dir='ltr'><strong>et</strong></span> <span class='ocrx_word' id='word_1_299' title='bbox 1416 2785 1750 2847; x_wconf 83' lang='lat' dir='ltr'><strong>Cordulem;</strong></span> <span class='ocrx_word' id='word_1_300' title='bbox 1817 2797 2108 2853; x_wconf 75' lang='lat' dir='ltr'><strong>pugnaque</strong></span> <span class='ocrx_word' id='word_1_301' title='bbox 2162 2797 2297 2835; x_wconf 85' lang='lat' dir='ltr'><strong>con-</strong></span> 
     </span>
    </p>
   </div>
   <div class='ocr_carea' id='block_1_46' title="bbox 711 2872 2296 2954">
    <p class='ocr_par' dir='ltr' id='par_1_46' title="bbox 711 2872 2296 2954">
     <span class='ocr_line' id='line_1_46' title="bbox 711 2872 2296 2954; baseline -0.008 -17"><span class='ocrx_word' id='word_1_302' title='bbox 711 2881 883 2954; x_wconf 82' lang='lat' dir='ltr'><strong>gressi</strong></span> <span class='ocrx_word' id='word_1_303' title='bbox 935 2879 1164 2934; x_wconf 86' lang='lat' dir='ltr'><strong>multam</strong></span> <span class='ocrx_word' id='word_1_304' title='bbox 1199 2875 1443 2930; x_wconf 77' lang='lat' dir='ltr'><strong>hostium</strong></span> <span class='ocrx_word' id='word_1_305' title='bbox 1494 2872 1772 2927; x_wconf 88' lang='lat' dir='ltr'><strong>dederunt</strong></span> <span class='ocrx_word' id='word_1_306' title='bbox 1831 2881 2114 2941; x_wconf 74' lang='lat' dir='ltr'><strong>stragem:</strong></span> <span class='ocrx_word' id='word_1_307' title='bbox 2153 2874 2296 2939; x_wconf 82' lang='lat' dir='ltr'><strong>capti</strong></span> 
     </span>
    </p>
   </div>
   <div class='ocr_carea' id='block_1_47' title="bbox 709 2963 2296 3034">
    <p class='ocr_par' dir='ltr' id='par_1_47' title="bbox 709 2963 2296 3034">
     <span class='ocr_line' id='line_1_47' title="bbox 709 2963 2296 3034; baseline -0.009 -4"><span class='ocrx_word' id='word_1_308' title='bbox 709 2974 875 3031; x_wconf 85' lang='lat' dir='ltr'><strong>etiam</strong></span> <span class='ocrx_word' id='word_1_309' title='bbox 913 2969 1186 3026; x_wconf 75' lang='lat' dir='ltr'><strong>nonnulli.</strong></span> <span class='ocrx_word' id='word_1_310' title='bbox 1220 2967 1358 3023; x_wconf 85' lang='lat' dir='ltr'><strong>Cum</strong></span> <span class='ocrx_word' id='word_1_311' title='bbox 1391 2973 1576 3019; x_wconf 80' lang='lat' dir='ltr'><strong>autem</strong></span> <span class='ocrx_word' id='word_1_312' title='bbox 1606 2980 1715 3017; x_wconf 89' lang='lat' dir='ltr'><strong>non</strong></span> <span class='ocrx_word' id='word_1_313' title='bbox 1743 2975 1967 3034; x_wconf 90' lang='lat' dir='ltr'><strong>possent</strong></span> <span class='ocrx_word' id='word_1_314' title='bbox 1989 2963 2296 3033; x_wconf 85' lang='lat' dir='ltr'><strong>Bulgariam</strong></span> 
     </span>
    </p>
   </div>
   <div class='ocr_carea' id='block_1_48' title="bbox 714 3053 2298 3136">
    <p class='ocr_par' dir='ltr' id='par_1_48' title="bbox 714 3053 2298 3136">
     <span class='ocr_line' id='line_1_48' title="bbox 714 3053 2298 3136; baseline -0.008 -17"><span class='ocrx_word' id='word_1_315' title='bbox 714 3066 990 3136; x_wconf 80' lang='lat' dir='ltr'><strong>trajicere,</strong></span> <span class='ocrx_word' id='word_1_316' title='bbox 1016 3061 1085 3115; x_wconf 87' lang='lat' dir='ltr'><strong>ad</strong></span> <span class='ocrx_word' id='word_1_317' title='bbox 1120 3057 1337 3130; x_wconf 80' lang='lat' dir='ltr'><strong>Ungros</strong></span> <span class='ocrx_word' id='word_1_318' title='bbox 1368 3053 1777 3117; x_wconf 79' lang='lat' dir='ltr'><strong>conﬂuxerunt,</strong></span> <span class='ocrx_word' id='word_1_319' title='bbox 1813 3062 2032 3107; x_wconf 85' lang='lat' dir='ltr'><strong>narrata</strong></span> <span class='ocrx_word' id='word_1_320' title='bbox 2063 3054 2171 3107; x_wconf 87' lang='lat' dir='ltr'><strong>illis</strong></span> <span class='ocrx_word' id='word_1_321' title='bbox 2200 3070 2298 3107; x_wconf 86' lang='lat' dir='ltr'><strong>sua</strong></span> 
     </span>
    </p>
   </div>
   <div class='ocr_carea' id='block_1_49' title="bbox 2401 1962 3993 2038">
    <p class='ocr_par' dir='ltr' id='par_1_49' title="bbox 2401 1962 3993 2038">
     <span class='ocr_line' id='line_1_49' title="bbox 2401 1962 3993 2038; baseline 0.004 -22"><span class='ocrx_word' id='word_1_322' title='bbox 2401 1962 2697 2034; x_wconf 81' lang='grc' dir='ltr'><strong>Βαλδίμερ,</strong></span> <span class='ocrx_word' id='word_1_323' title='bbox 2752 1963 2977 2032; x_wconf 75' lang='grc' dir='ltr'><strong>ἔγγονος</strong></span> <span class='ocrx_word' id='word_1_324' title='bbox 3014 1965 3293 2036; x_wconf 61' lang='grc' dir='ltr'><strong>Κρούμου,</strong></span> <span class='ocrx_word' id='word_1_325' title='bbox 3331 1966 3513 2037; x_wconf 76' lang='grc' dir='ltr'><strong>πατὴρ</strong></span> <span class='ocrx_word' id='word_1_326' title='bbox 3555 1967 3842 2038; x_wconf 80' lang='grc' dir='ltr'><strong>Συμεῶνος</strong></span> <span class='ocrx_word' id='word_1_327' title='bbox 3895 1968 3993 2023; x_wconf 72' lang='grc' dir='ltr'><strong>τοῦ</strong></span> 
     </span>
    </p>
   </div>
   <div class='ocr_carea' id='block_1_50' title="bbox 2404 2055 3167 2130">
    <p class='ocr_par' dir='ltr' id='par_1_50' title="bbox 2404 2055 3167 2130">
     <span class='ocr_line' id='line_1_50' title="bbox 2404 2055 3167 2130; baseline 0.008 -23"><span class='ocrx_word' id='word_1_328' title='bbox 2404 2055 2542 2125; x_wconf 84' lang='grc' dir='ltr'><strong>μετά</strong></span> <span class='ocrx_word' id='word_1_329' title='bbox 2571 2055 2745 2112; x_wconf 86' lang='grc' dir='ltr'><strong>ταῦτα</strong></span> <span class='ocrx_word' id='word_1_330' title='bbox 2768 2059 3167 2130; x_wconf 74' lang='grc' dir='ltr'><strong>κρατήσαντος.</strong></span> 
     </span>
    </p>
   </div>
   <div class='ocr_carea' id='block_1_51' title="bbox 2477 2226 3993 2316">
    <p class='ocr_par' dir='ltr' id='par_1_51' title="bbox 2477 2226 3993 2316">
     <span class='ocr_line' id='line_1_51' title="bbox 2477 2226 3993 2316; baseline 0.012 -29"><span class='ocrx_word' id='word_1_331' title='bbox 2477 2226 2542 2287; x_wconf 74' lang='grc' dir='ltr'><strong>θ’.</strong></span> <span class='ocrx_word' id='word_1_332' title='bbox 2583 2235 2875 2307; x_wconf 77' lang='grc' dir='ltr'><strong>Ἐποίησεν</strong></span> <span class='ocrx_word' id='word_1_333' title='bbox 2902 2237 2994 2296; x_wconf 79' lang='grc' dir='ltr'><strong>οὖν</strong></span> <span class='ocrx_word' id='word_1_334' title='bbox 3021 2242 3219 2314; x_wconf 82' lang='grc' dir='ltr'><strong>βουλὴν</strong></span> <span class='ocrx_word' id='word_1_335' title='bbox 3249 2245 3277 2297; x_wconf 83' lang='grc' dir='ltr'>ὁ</span> <span class='ocrx_word' id='word_1_336' title='bbox 3304 2244 3431 2308; x_wconf 82' lang='grc' dir='ltr'><strong>λαὸς</strong></span> <span class='ocrx_word' id='word_1_337' title='bbox 3465 2247 3562 2301; x_wconf 74' lang='grc' dir='ltr'><strong>σὺν</strong></span> <span class='ocrx_word' id='word_1_338' title='bbox 3596 2247 3848 2316; x_wconf 68' lang='grc' dir='ltr'><strong>γυναιξὶν</strong></span> <span class='ocrx_word' id='word_1_339' title='bbox 3893 2256 3993 2304; x_wconf 68' lang='grc' dir='ltr'><strong>καδ-</strong></span> 
     </span>
    </p>
   </div>
   <div class='ocr_carea' id='block_1_52' title="bbox 2401 2326 3993 2407">
    <p class='ocr_par' dir='ltr' id='par_1_52' title="bbox 2401 2326 3993 2407">
     <span class='ocr_line' id='line_1_52' title="bbox 2401 2326 3993 2407; baseline 0.011 -30"><span class='ocrx_word' id='word_1_340' title='bbox 2401 2326 2612 2389; x_wconf 72' lang='grc' dir='ltr'><strong>τέκνοις</strong></span> <span class='ocrx_word' id='word_1_341' title='bbox 2658 2328 2896 2392; x_wconf 81' lang='grc' dir='ltr'><strong>ἐξελθεῖν</strong></span> <span class='ocrx_word' id='word_1_342' title='bbox 2943 2334 3000 2384; x_wconf 79' lang='grc' dir='ltr'><strong>ὲν</strong></span> <span class='ocrx_word' id='word_1_343' title='bbox 3045 2333 3344 2407; x_wconf 80' lang='grc' dir='ltr'><strong>Ῥωμανίᾳ.</strong></span> <span class='ocrx_word' id='word_1_344' title='bbox 3392 2337 3733 2402; x_wconf 80' lang='grc' dir='ltr'><strong>Ἐξελθόντος</strong></span> <span class='ocrx_word' id='word_1_345' title='bbox 3784 2340 3843 2393; x_wconf 71' lang='grc' dir='ltr'><strong>δὲ</strong></span> <span class='ocrx_word' id='word_1_346' title='bbox 3893 2341 3993 2394; x_wconf 78' lang='grc' dir='ltr'><strong>τοῦ</strong></span> 
     </span>
    </p>
   </div>
   <div class='ocr_carea' id='block_1_53' title="bbox 2403 2419 3996 2500">
    <p class='ocr_par' dir='ltr' id='par_1_53' title="bbox 2403 2419 3996 2500">
     <span class='ocr_line' id='line_1_53' title="bbox 2403 2419 3996 2500; baseline 0.011 -31"><span class='ocrx_word' id='word_1_347' title='bbox 2403 2419 2620 2487; x_wconf 73' lang='grc' dir='ltr'><strong>Μιχαὴλ</strong></span> <span class='ocrx_word' id='word_1_348' title='bbox 2649 2421 2960 2494; x_wconf 81' lang='grc' dir='ltr'><strong>Βουλγάρου</strong></span> <span class='ocrx_word' id='word_1_349' title='bbox 2998 2427 3057 2477; x_wconf 85' lang='grc' dir='ltr'><strong>ὲν</strong></span> <span class='ocrx_word' id='word_1_350' title='bbox 3085 2425 3481 2500; x_wconf 82' lang='grc' dir='ltr'><strong>Θεσσαλονίκῃ,</strong></span> <span class='ocrx_word' id='word_1_351' title='bbox 3519 2431 3754 2500; x_wconf 74' lang='grc' dir='ltr'><strong>ἧρξαντο</strong></span> <span class='ocrx_word' id='word_1_352' title='bbox 3795 2433 3996 2486; x_wconf 72' lang='grc' dir='ltr'><strong>διαπεο</strong></span> 
     </span>
    </p>
   </div>
   <div class='ocr_carea' id='block_1_54' title="bbox 2404 2506 3999 2596">
    <p class='ocr_par' dir='ltr' id='par_1_54' title="bbox 2404 2506 3999 2596">
     <span class='ocr_line' id='line_1_54' title="bbox 2404 2506 3999 2596; baseline 0.012 -35"><span class='ocrx_word' id='word_1_353' title='bbox 2404 2511 2506 2579; x_wconf 80' lang='grc' dir='ltr'><strong>ρᾷν</strong></span> <span class='ocrx_word' id='word_1_354' title='bbox 2535 2506 2631 2565; x_wconf 70' lang='grc' dir='ltr'><strong>σὺν</strong></span> <span class='ocrx_word' id='word_1_355' title='bbox 2663 2517 2786 2578; x_wconf 76' lang='grc' dir='ltr'><strong>ταῖς</strong></span> <span class='ocrx_word' id='word_1_356' title='bbox 2818 2516 3183 2572; x_wconf 83' lang='grc' dir='ltr'><strong>ὑποστάσεσιν</strong></span> <span class='ocrx_word' id='word_1_357' title='bbox 3209 2521 3410 2577; x_wconf 84' lang='grc' dir='ltr'><strong>αὐτῶν.</strong></span> <span class='ocrx_word' id='word_1_358' title='bbox 3449 2524 3654 2577; x_wconf 77' lang='grc' dir='ltr'><strong>Μαθὼν</strong></span> <span class='ocrx_word' id='word_1_359' title='bbox 3678 2525 3733 2577; x_wconf 80' lang='grc' dir='ltr'><strong>δὲ</strong></span> <span class='ocrx_word' id='word_1_360' title='bbox 3757 2529 3786 2578; x_wconf 79' lang='grc' dir='ltr'><em>ὁ</em></span> <span class='ocrx_word' id='word_1_361' title='bbox 3811 2527 3999 2596; x_wconf 82' lang='grc' dir='ltr'><strong>κόμης</strong></span> 
     </span>
    </p>
   </div>
   <div class='ocr_carea' id='block_1_55' title="bbox 2402 2601 4001 2681">
    <p class='ocr_par' dir='ltr' id='par_1_55' title="bbox 2402 2601 4001 2681">
     <span class='ocr_line' id='line_1_55' title="bbox 2402 2601 4001 2681; baseline 0.007 -24"><span class='ocrx_word' id='word_1_362' title='bbox 2402 2601 2486 2674; x_wconf 81' lang='grc' dir='ltr'><strong>[Ρ.</strong></span> <span class='ocrx_word' id='word_1_363' title='bbox 2505 2601 2631 2676; x_wconf 77' lang='grc'><strong>551]</strong></span> <span class='ocrx_word' id='word_1_364' title='bbox 2673 2601 2833 2658; x_wconf 78' lang='grc' dir='ltr'><strong>τοῦτο</strong></span> <span class='ocrx_word' id='word_1_365' title='bbox 2869 2609 3210 2680; x_wconf 77' lang='grc' dir='ltr'><strong>ἀντεπέρασε</strong></span> <span class='ocrx_word' id='word_1_366' title='bbox 3236 2612 3568 2681; x_wconf 75' lang='grc' dir='ltr'><strong>πολεμήσων</strong></span> <span class='ocrx_word' id='word_1_367' title='bbox 3589 2614 3810 2677; x_wconf 73' lang='grc' dir='ltr'><strong>αὐτούς.</strong></span> <span class='ocrx_word' id='word_1_368' title='bbox 3832 2616 4001 2668; x_wconf 75' lang='grc' dir='ltr'><strong>Ἀπο-</strong></span> 
     </span>
    </p>
   </div>
   <div class='ocr_carea' id='block_1_56' title="bbox 2402 2693 3997 2777">
    <p class='ocr_par' dir='ltr' id='par_1_56' title="bbox 2402 2693 3997 2777">
     <span class='ocr_line' id='line_1_56' title="bbox 2402 2693 3997 2777; baseline 0.007 -30"><span class='ocrx_word' id='word_1_369' title='bbox 2402 2694 2624 2762; x_wconf 86' lang='grc' dir='ltr'><strong>γνόντες</strong></span> <span class='ocrx_word' id='word_1_370' title='bbox 2653 2693 2750 2750; x_wconf 74' lang='grc' dir='ltr'><strong>οὖν</strong></span> <span class='ocrx_word' id='word_1_371' title='bbox 2783 2699 2833 2751; x_wconf 91' lang='grc' dir='ltr'><strong>οἱ</strong></span> <span class='ocrx_word' id='word_1_372' title='bbox 2885 2701 3199 2766; x_wconf 83' lang='grc' dir='ltr'><strong>Μακεδόνες</strong></span> <span class='ocrx_word' id='word_1_373' title='bbox 3231 2703 3496 2773; x_wconf 75' lang='grc' dir='ltr'><strong>ἐποίησαν</strong></span> <span class='ocrx_word' id='word_1_374' title='bbox 3524 2706 3770 2777; x_wconf 77' lang='grc' dir='ltr'><strong>κεφαλὴν</strong></span> <span class='ocrx_word' id='word_1_375' title='bbox 3807 2709 3997 2760; x_wconf 76' lang='grc' dir='ltr'><strong>αὐτῶν</strong></span> 
     </span>
    </p>
   </div>
   <div class='ocr_carea' id='block_1_57' title="bbox 2401 2788 3996 2868">
    <p class='ocr_par' dir='ltr' id='par_1_57' title="bbox 2401 2788 3996 2868">
     <span class='ocr_line' id='line_1_57' title="bbox 2401 2788 3996 2868; baseline 0.008 -27"><span class='ocrx_word' id='word_1_376' title='bbox 2401 2789 2493 2842; x_wconf 87' lang='grc' dir='ltr'><strong>τόν</strong></span> <span class='ocrx_word' id='word_1_377' title='bbox 2518 2807 2576 2843; x_wconf 80' lang='grc' dir='ltr'><strong>τε</strong></span> <span class='ocrx_word' id='word_1_378' title='bbox 2602 2791 2887 2863; x_wconf 71' lang='grc' dir='ltr'><strong>Τζάντζην</strong></span> <span class='ocrx_word' id='word_1_379' title='bbox 2909 2794 3004 2847; x_wconf 80' lang='grc' dir='ltr'><strong>καὶ</strong></span> <span class='ocrx_word' id='word_1_380' title='bbox 3028 2796 3118 2847; x_wconf 73' lang='grc' dir='ltr'><strong>τὸν</strong></span> <span class='ocrx_word' id='word_1_381' title='bbox 3143 2788 3453 2866; x_wconf 70' lang='grc' dir='ltr'><strong>Κορδθλην.</strong></span> <span class='ocrx_word' id='word_1_382' title='bbox 3489 2799 3582 2851; x_wconf 78' lang='grc' dir='ltr'><strong>καὶ</strong></span> <span class='ocrx_word' id='word_1_383' title='bbox 3612 2801 3996 2868; x_wconf 69' lang='grc' dir='ltr'><strong>συμϐαλόντες</strong></span> 
     </span>
    </p>
   </div>
   <div class='ocr_carea' id='block_1_58' title="bbox 2403 2881 3992 2962">
    <p class='ocr_par' dir='ltr' id='par_1_58' title="bbox 2403 2881 3992 2962">
     <span class='ocr_line' id='line_1_58' title="bbox 2403 2881 3992 2962; baseline 0.008 -29"><span class='ocrx_word' id='word_1_384' title='bbox 2403 2881 2640 2951; x_wconf 79' lang='grc' dir='ltr'><strong>πόλεμον</strong></span> <span class='ocrx_word' id='word_1_385' title='bbox 2671 2886 3000 2939; x_wconf 79' lang='grc' dir='ltr'><strong>ἀπέκτειναν</strong></span> <span class='ocrx_word' id='word_1_386' title='bbox 3022 2886 3066 2919; x_wconf 79' lang='grc'><strong>⁷⁸</strong></span> <span class='ocrx_word' id='word_1_387' title='bbox 3093 2888 3344 2952; x_wconf 72' lang='grc' dir='ltr'><strong>πολλοὺς,</strong></span> <span class='ocrx_word' id='word_1_388' title='bbox 3383 2890 3537 2952; x_wconf 77' lang='grc' dir='ltr'><strong>τινας</strong></span> <span class='ocrx_word' id='word_1_389' title='bbox 3557 2891 3613 2943; x_wconf 75' lang='grc' dir='ltr'><strong>δὲ</strong></span> <span class='ocrx_word' id='word_1_390' title='bbox 3642 2893 3992 2962; x_wconf 70' lang='grc' dir='ltr'><strong>ἐκράτησαν.</strong></span> 
     </span>
    </p>
   </div>
   <div class='ocr_carea' id='block_1_59' title="bbox 2405 2973 3996 3053">
    <p class='ocr_par' dir='ltr' id='par_1_59' title="bbox 2405 2973 3996 3053">
     <span class='ocr_line' id='line_1_59' title="bbox 2405 2973 3996 3053; baseline 0.007 -28"><span class='ocrx_word' id='word_1_391' title='bbox 2405 2973 2467 3025; x_wconf 80' lang='grc' dir='ltr'><strong>Οἱ</strong></span> <span class='ocrx_word' id='word_1_392' title='bbox 2520 2975 2577 3027; x_wconf 81' lang='grc' dir='ltr'><strong>δὲ</strong></span> <span class='ocrx_word' id='word_1_393' title='bbox 2631 2977 2707 3045; x_wconf 79' lang='grc' dir='ltr'><strong>μὴ</strong></span> <span class='ocrx_word' id='word_1_394' title='bbox 2743 2977 3066 3046; x_wconf 77' lang='grc' dir='ltr'><strong>δυνηθέντες</strong></span> <span class='ocrx_word' id='word_1_395' title='bbox 3120 2983 3363 3050; x_wconf 82' lang='grc' dir='ltr'><strong>περᾶσαι</strong></span> <span class='ocrx_word' id='word_1_396' title='bbox 3422 2982 3764 3053; x_wconf 86' lang='grc' dir='ltr'><strong>Βουλγαρίαν</strong></span> <span class='ocrx_word' id='word_1_397' title='bbox 3817 3003 3996 3052; x_wconf 64' lang='grc' dir='ltr'><strong>προσ-</strong></span> 
     </span>
    </p>
   </div>
   <div class='ocr_carea' id='block_1_60' title="bbox 2403 3066 3998 3143">
    <p class='ocr_par' dir='ltr' id='par_1_60' title="bbox 2403 3066 3998 3143">
     <span class='ocr_line' id='line_1_60' title="bbox 2403 3066 3998 3143; baseline 0.009 -29"><span class='ocrx_word' id='word_1_398' title='bbox 2403 3066 2685 3136; x_wconf 70' lang='grc' dir='ltr'><strong>ερῤἰησαν</strong></span> <span class='ocrx_word' id='word_1_399' title='bbox 2731 3069 2842 3130; x_wconf 83' lang='grc' dir='ltr'><strong>τοῖς</strong></span> <span class='ocrx_word' id='word_1_400' title='bbox 2894 3067 3170 3140; x_wconf 77' lang='grc' dir='ltr'><strong>Οὖγγροις</strong></span> <span class='ocrx_word' id='word_1_401' title='bbox 3219 3073 3373 3124; x_wconf 79' lang='grc' dir='ltr'><strong>καὶ⁸⁶</strong></span> <span class='ocrx_word' id='word_1_402' title='bbox 3417 3074 3752 3143; x_wconf 82' lang='grc' dir='ltr'><strong>ἀνήγγειλαν</strong></span> <span class='ocrx_word' id='word_1_403' title='bbox 3805 3079 3998 3138; x_wconf 75' lang='grc' dir='ltr'><strong>αὐτοῖς</strong></span> 
     </span>
    </p>
   </div>
   <div class='ocr_carea' id='block_1_61' title="bbox 711 3143 2297 3240">
    <p class='ocr_par' dir='ltr' id='par_1_61' title="bbox 711 3143 2293 3214">
     <span class='ocr_line' id='line_1_61' title="bbox 711 3143 2293 3214; baseline -0.01 0"><span class='ocrx_word' id='word_1_404' title='bbox 711 3158 861 3214; x_wconf 88' lang='lat' dir='ltr'><strong>omni</strong></span> <span class='ocrx_word' id='word_1_405' title='bbox 902 3170 966 3210; x_wconf 88' lang='lat' dir='ltr'><strong>ac</strong></span> <span class='ocrx_word' id='word_1_406' title='bbox 1018 3150 1378 3209; x_wconf 79' lang='lat' dir='ltr'><strong>Macedonum</strong></span> <span class='ocrx_word' id='word_1_407' title='bbox 1440 3147 1682 3202; x_wconf 76' lang='lat' dir='ltr'><strong>forIUna.</strong></span> <span class='ocrx_word' id='word_1_408' title='bbox 1727 3143 1835 3200; x_wconf 89' lang='lat' dir='ltr'><strong>Sed</strong></span> <span class='ocrx_word' id='word_1_409' title='bbox 1887 3155 1942 3199; x_wconf 88' lang='lat' dir='ltr'><strong>et</strong></span> <span class='ocrx_word' id='word_1_410' title='bbox 2006 3143 2170 3200; x_wconf 84' lang='lat' dir='ltr'><strong>missa</strong></span> <span class='ocrx_word' id='word_1_411' title='bbox 2225 3145 2293 3199; x_wconf 89' lang='lat' dir='ltr'><strong>ab</strong></span> 
     </span>
    </p>
   </div>
   <div class='ocr_carea' id='block_1_62' title="bbox 2402 3143 3998 3240">
    <p class='ocr_par' dir='ltr' id='par_1_62' title="bbox 2406 3157 3998 3222">
     <span class='ocr_line' id='line_1_62' title="bbox 2406 3157 3998 3222; baseline 0.009 -14"><span class='ocrx_word' id='word_1_412' title='bbox 2406 3157 2580 3209; x_wconf 76' lang='grc' dir='ltr'><strong>πάντα</strong></span> <span class='ocrx_word' id='word_1_413' title='bbox 2619 3159 2686 3210; x_wconf 72' lang='grc' dir='ltr'><strong>τὰ</strong></span> <span class='ocrx_word' id='word_1_414' title='bbox 2715 3159 2820 3211; x_wconf 82' lang='grc' dir='ltr'><strong>τῶν</strong></span> <span class='ocrx_word' id='word_1_415' title='bbox 2849 3161 3201 3215; x_wconf 82' lang='grc' dir='ltr'><strong>Μακεδόνων.</strong></span> <span class='ocrx_word' id='word_1_416' title='bbox 3228 3159 3441 3216; x_wconf 83' lang='grc' dir='ltr'><strong>Ἦλθον</strong></span> <span class='ocrx_word' id='word_1_417' title='bbox 3474 3165 3532 3218; x_wconf 85' lang='grc' dir='ltr'><strong>δὲ</strong></span> <span class='ocrx_word' id='word_1_418' title='bbox 3584 3169 3680 3220; x_wconf 71' lang='grc' dir='ltr'><strong>καὶ</strong></span> <span class='ocrx_word' id='word_1_419' title='bbox 3726 3168 3798 3221; x_wconf 80' lang='grc' dir='ltr'><strong>τὰ</strong></span> <span class='ocrx_word' id='word_1_420' title='bbox 3830 3169 3998 3222; x_wconf 71' lang='grc' dir='ltr'><strong>πλοῖα</strong></span> 
     </span>
    </p>
   </div>
   <div class='ocr_carea' id='block_1_63' title="bbox 711 3238 2295 3321">
    <p class='ocr_par' dir='ltr' id='par_1_63' title="bbox 711 3238 2295 3321">
     <span class='ocr_line' id='line_1_63' title="bbox 711 3238 2295 3321; baseline -0.009 -15"><span class='ocrx_word' id='word_1_421' title='bbox 711 3254 1043 3321; x_wconf 80' lang='lat' dir='ltr'><strong>imperatore</strong></span> <span class='ocrx_word' id='word_1_422' title='bbox 1092 3243 1330 3313; x_wconf 83' lang='lat' dir='ltr'><strong>navigia,</strong></span> <span class='ocrx_word' id='word_1_423' title='bbox 1393 3255 1516 3311; x_wconf 68' lang='lat' dir='ltr'><strong>qua:</strong></span> <span class='ocrx_word' id='word_1_424' title='bbox 1573 3239 1631 3291; x_wconf 86' lang='lat' dir='ltr'><strong>in</strong></span> <span class='ocrx_word' id='word_1_425' title='bbox 1681 3238 1874 3292; x_wconf 87' lang='lat' dir='ltr'><strong>urbem</strong></span> <span class='ocrx_word' id='word_1_426' title='bbox 1943 3253 2040 3292; x_wconf 86' lang='lat' dir='ltr'><strong>eos</strong></span> <span class='ocrx_word' id='word_1_427' title='bbox 2109 3253 2295 3293; x_wconf 87' lang='lat' dir='ltr'><strong>susce-</strong></span> 
     </span>
    </p>
   </div>
   <div class='ocr_carea' id='block_1_64' title="bbox 709 3327 2294 3415">
    <p class='ocr_par' dir='ltr' id='par_1_64' title="bbox 709 3327 2294 3415">
     <span class='ocr_line' id='line_1_64' title="bbox 709 3327 2294 3415; baseline -0.008 -17"><span class='ocrx_word' id='word_1_428' title='bbox 709 3352 873 3415; x_wconf 80' lang='lat' dir='ltr'><strong>ptura</strong></span> <span class='ocrx_word' id='word_1_429' title='bbox 942 3347 1168 3402; x_wconf 82' lang='lat' dir='ltr'><strong>essent,</strong></span> <span class='ocrx_word' id='word_1_430' title='bbox 1232 3347 1458 3390; x_wconf 83' lang='lat' dir='ltr'><strong>venere.</strong></span> <span class='ocrx_word' id='word_1_431' title='bbox 1534 3331 1838 3387; x_wconf 81' lang='lat' dir='ltr'><strong>Confestim</strong></span> <span class='ocrx_word' id='word_1_432' title='bbox 1908 3331 2076 3401; x_wconf 79' lang='lat' dir='ltr'><strong>igitur</strong></span> <span class='ocrx_word' id='word_1_433' title='bbox 2150 3327 2294 3386; x_wconf 89' lang='lat' dir='ltr'><strong>Unni</strong></span> 
     </span>
    </p>
   </div>
   <div class='ocr_carea' id='block_1_65' title="bbox 711 3420 2298 3496">
    <p class='ocr_par' dir='ltr' id='par_1_65' title="bbox 711 3420 2298 3496">
     <span class='ocr_line' id='line_1_65' title="bbox 711 3420 2298 3496; baseline -0.008 -6"><span class='ocrx_word' id='word_1_434' title='bbox 711 3430 1107 3490; x_wconf 80' lang='lat' dir='ltr'><strong>innumerabili</strong></span> <span class='ocrx_word' id='word_1_435' title='bbox 1155 3428 1317 3484; x_wconf 84' lang='lat' dir='ltr'><strong>turba</strong></span> <span class='ocrx_word' id='word_1_436' title='bbox 1366 3433 1762 3496; x_wconf 87' lang='lat' dir='ltr'><strong>apparuerunt.</strong></span> <span class='ocrx_word' id='word_1_437' title='bbox 1819 3424 1887 3478; x_wconf 80' lang='lat' dir='ltr'><strong>At</strong></span> <span class='ocrx_word' id='word_1_438' title='bbox 1927 3420 2006 3478; x_wconf 91' lang='lat' dir='ltr'><strong>illi</strong></span> <span class='ocrx_word' id='word_1_439' title='bbox 2035 3467 2048 3489; x_wconf 90' lang='lat'><strong>,</strong></span> <span class='ocrx_word' id='word_1_440' title='bbox 2113 3425 2180 3478; x_wconf 88' lang='lat' dir='ltr'><strong>iis</strong></span> <span class='ocrx_word' id='word_1_441' title='bbox 2217 3421 2298 3477; x_wconf 87' lang='lat' dir='ltr'><strong>vi-</strong></span> 
     </span>
    </p>
   </div>
   <div class='ocr_carea' id='block_1_66' title="bbox 710 3516 2292 3595">
    <p class='ocr_par' dir='ltr' id='par_1_66' title="bbox 710 3516 2292 3595">
     <span class='ocr_line' id='line_1_66' title="bbox 710 3516 2292 3595; baseline -0.009 -12"><span class='ocrx_word' id='word_1_442' title='bbox 710 3530 807 3593; x_wconf 80' lang='lat' dir='ltr'><strong>sis,</strong></span> <span class='ocrx_word' id='word_1_443' title='bbox 842 3541 967 3581; x_wconf 89' lang='lat' dir='ltr'><strong>cum</strong></span> <span class='ocrx_word' id='word_1_444' title='bbox 1001 3522 1262 3595; x_wconf 80' lang='lat' dir='ltr'><strong>lacrymis</strong></span> <span class='ocrx_word' id='word_1_445' title='bbox 1311 3522 1548 3575; x_wconf 87' lang='lat' dir='ltr'><strong>clamare</strong></span> <span class='ocrx_word' id='word_1_446' title='bbox 1583 3535 1596 3570; x_wconf 90' lang='lat'>:</span> <span class='ocrx_word' id='word_1_447' title='bbox 1650 3516 1786 3571; x_wconf 85' lang='lat' dir='ltr'><strong>Deus</strong></span> <span class='ocrx_word' id='word_1_448' title='bbox 1842 3518 2014 3571; x_wconf 84' lang='lat' dir='ltr'><strong>sancti</strong></span> <span class='ocrx_word' id='word_1_449' title='bbox 2047 3517 2292 3576; x_wconf 79' lang='lat' dir='ltr'><strong>Adriani.</strong></span> 
     </span>
    </p>
   </div>
   <div class='ocr_carea' id='block_1_67' title="bbox 711 3605 2295 3683">
    <p class='ocr_par' dir='ltr' id='par_1_67' title="bbox 711 3605 2295 3683">
     <span class='ocr_line' id='line_1_67' title="bbox 711 3605 2295 3683; baseline -0.009 -5"><span class='ocrx_word' id='word_1_450' title='bbox 711 3621 977 3681; x_wconf 61' lang='lat' dir='ltr'><strong>auxiliare</strong></span> <span class='ocrx_word' id='word_1_451' title='bbox 1055 3618 1239 3680; x_wconf 80' lang='lat' dir='ltr'><strong>nobis;</strong></span> <span class='ocrx_word' id='word_1_452' title='bbox 1302 3614 1545 3683; x_wconf 89' lang='lat' dir='ltr'><strong>bellique</strong></span> <span class='ocrx_word' id='word_1_453' title='bbox 1614 3612 1766 3682; x_wconf 87' lang='lat' dir='ltr'><strong>signa</strong></span> <span class='ocrx_word' id='word_1_454' title='bbox 1831 3610 2138 3665; x_wconf 88' lang='lat' dir='ltr'><strong>contulere.</strong></span> <span class='ocrx_word' id='word_1_455' title='bbox 2215 3605 2295 3664; x_wconf 80' lang='lat' dir='ltr'><strong>Ad</strong></span> 
     </span>
    </p>
   </div>
   <div class='ocr_carea' id='block_1_68' title="bbox 709 3704 2294 3789">
    <p class='ocr_par' dir='ltr' id='par_1_68' title="bbox 709 3704 2294 3789">
     <span class='ocr_line' id='line_1_68' title="bbox 709 3704 2294 3789; baseline -0.011 -17"><span class='ocrx_word' id='word_1_456' title='bbox 709 3731 849 3789; x_wconf 88' lang='lat' dir='ltr'><strong>quos</strong></span> <span class='ocrx_word' id='word_1_457' title='bbox 874 3711 1041 3768; x_wconf 82' lang='lat' dir='ltr'><strong>Turci</strong></span> <span class='ocrx_word' id='word_1_458' title='bbox 1077 3711 1265 3764; x_wconf 79' lang='lat' dir='ltr'><strong>dixere</strong></span> <span class='ocrx_word' id='word_1_459' title='bbox 1300 3727 1312 3762; x_wconf 95' lang='lat'><strong>:</strong></span> <span class='ocrx_word' id='word_1_460' title='bbox 1349 3707 1482 3761; x_wconf 83' lang='lat' dir='ltr'><strong>Date</strong></span> <span class='ocrx_word' id='word_1_461' title='bbox 1508 3706 1650 3759; x_wconf 81' lang='lat' dir='ltr'><strong>nobis</strong></span> <span class='ocrx_word' id='word_1_462' title='bbox 1676 3721 1884 3759; x_wconf 84' lang='lat' dir='ltr'><strong>omnem</strong></span> <span class='ocrx_word' id='word_1_463' title='bbox 1907 3713 2135 3757; x_wconf 76' lang='lat' dir='ltr'><strong>vestram</strong></span> <span class='ocrx_word' id='word_1_464' title='bbox 2169 3704 2294 3756; x_wconf 82' lang='lat' dir='ltr'><strong>sub-</strong></span> 
     </span>
    </p>
   </div>
   <div class='ocr_carea' id='block_1_69' title="bbox 707 3794 2296 3876">
    <p class='ocr_par' dir='ltr' id='par_1_69' title="bbox 707 3794 2296 3876">
     <span class='ocr_line' id='line_1_69' title="bbox 707 3794 2296 3876; baseline -0.009 -11"><span class='ocrx_word' id='word_1_465' title='bbox 707 3811 988 3872; x_wconf 76' lang='lat' dir='ltr'><strong>stantiam,</strong></span> <span class='ocrx_word' id='word_1_466' title='bbox 1013 3803 1184 3876; x_wconf 68' lang='lat'><strong>819</strong></span> <span class='ocrx_word' id='word_1_467' title='bbox 1207 3813 1255 3856; x_wconf 88' lang='lat' dir='ltr'><strong>et</strong></span> <span class='ocrx_word' id='word_1_468' title='bbox 1288 3798 1797 3873; x_wconf 80' lang='lat' dir='ltr'><strong>pro‘ﬁcisciminiquo</strong></span> <span class='ocrx_word' id='word_1_469' title='bbox 1814 3797 1992 3852; x_wconf 76' lang='lat' dir='ltr'><strong>vultis.</strong></span> <span class='ocrx_word' id='word_1_470' title='bbox 2029 3794 2087 3852; x_wconf 85' lang='lat' dir='ltr'><strong>id</strong></span> <span class='ocrx_word' id='word_1_471' title='bbox 2111 3807 2296 3851; x_wconf 88' lang='lat' dir='ltr'><strong>tamen</strong></span> 
     </span>
    </p>
   </div>
   <div class='ocr_carea' id='block_1_70' title="bbox 707 3888 2295 3975">
    <p class='ocr_par' dir='ltr' id='par_1_70' title="bbox 707 3888 2295 3975">
     <span class='ocr_line' id='line_1_70' title="bbox 707 3888 2295 3975; baseline -0.011 -15"><span class='ocrx_word' id='word_1_472' title='bbox 707 3913 771 3960; x_wconf 90' lang='lat' dir='ltr'><strong>ut</strong></span> <span class='ocrx_word' id='word_1_473' title='bbox 801 3910 1129 3975; x_wconf 62' lang='lat' dir='ltr'><strong>praestarent</strong></span> <span class='ocrx_word' id='word_1_474' title='bbox 1150 3899 1204 3952; x_wconf 88' lang='lat' dir='ltr'><strong>in</strong></span> <span class='ocrx_word' id='word_1_475' title='bbox 1234 3896 1479 3953; x_wconf 84' lang='lat' dir='ltr'><strong>animum</strong></span> <span class='ocrx_word' id='word_1_476' title='bbox 1515 3894 1746 3948; x_wconf 88' lang='lat' dir='ltr'><strong>minime</strong></span> <span class='ocrx_word' id='word_1_477' title='bbox 1779 3891 2138 3956; x_wconf 82' lang='lat' dir='ltr'><strong>induxerunt,</strong></span> <span class='ocrx_word' id='word_1_478' title='bbox 2200 3888 2295 3944; x_wconf 92' lang='lat' dir='ltr'><strong>sed</strong></span> 
     </span>
    </p>
   </div>
   <div class='ocr_carea' id='block_1_71' title="bbox 712 3986 2294 4054">
    <p class='ocr_par' dir='ltr' id='par_1_71' title="bbox 712 3986 2294 4054">
     <span class='ocr_line' id='line_1_71' title="bbox 712 3986 2294 4054; baseline -0.011 0"><span class='ocrx_word' id='word_1_479' title='bbox 712 3995 901 4054; x_wconf 89' lang='lat' dir='ltr'><strong>triduo</strong></span> <span class='ocrx_word' id='word_1_480' title='bbox 952 3996 1228 4050; x_wconf 83' lang='lat' dir='ltr'><strong>instructa</strong></span> <span class='ocrx_word' id='word_1_481' title='bbox 1255 3991 1374 4045; x_wconf 87' lang='lat' dir='ltr'><strong>acie</strong></span> <span class='ocrx_word' id='word_1_482' title='bbox 1401 3989 1505 4044; x_wconf 89' lang='lat' dir='ltr'><strong>sub</strong></span> <span class='ocrx_word' id='word_1_483' title='bbox 1537 3986 1708 4042; x_wconf 88' lang='lat' dir='ltr'><strong>armis</strong></span> <span class='ocrx_word' id='word_1_484' title='bbox 1752 3994 2062 4049; x_wconf 88' lang='lat' dir='ltr'><strong>steterunt;</strong></span> <span class='ocrx_word' id='word_1_485' title='bbox 2097 3993 2294 4054; x_wconf 88' lang='lat' dir='ltr'><strong>quarta</strong></span> 
     </span>
    </p>
   </div>
   <div class='ocr_carea' id='block_1_72' title="bbox 708 4076 2297 4153">
    <p class='ocr_par' dir='ltr' id='par_1_72' title="bbox 708 4076 2297 4153">
     <span class='ocr_line' id='line_1_72' title="bbox 708 4076 2297 4153; baseline -0.01 -8"><span class='ocrx_word' id='word_1_486' title='bbox 708 4098 894 4145; x_wconf 90' lang='lat' dir='ltr'><strong>autem</strong></span> <span class='ocrx_word' id='word_1_487' title='bbox 941 4086 1032 4140; x_wconf 90' lang='lat' dir='ltr'><strong>die</strong></span> <span class='ocrx_word' id='word_1_488' title='bbox 1085 4083 1145 4139; x_wconf 89' lang='lat' dir='ltr'><strong>iu</strong></span> <span class='ocrx_word' id='word_1_489' title='bbox 1181 4081 1399 4153; x_wconf 81' lang='lat' dir='ltr'><strong>navigia</strong></span> <span class='ocrx_word' id='word_1_490' title='bbox 1451 4077 1668 4151; x_wconf 75' lang='lat' dir='ltr'><strong>ingredi</strong></span> <span class='ocrx_word' id='word_1_491' title='bbox 1720 4093 1964 4149; x_wconf 72' lang='lat' dir='ltr'><strong>coepere.</strong></span> <span class='ocrx_word' id='word_1_492' title='bbox 2010 4076 2131 4144; x_wconf 85' lang='lat' dir='ltr'><strong>Quo</strong></span> <span class='ocrx_word' id='word_1_493' title='bbox 2177 4076 2297 4130; x_wconf 78' lang='lat' dir='ltr'><strong>viso</strong></span> 
     </span>
    </p>
   </div>
   <div class='ocr_carea' id='block_1_73' title="bbox 709 4166 2296 4248">
    <p class='ocr_par' dir='ltr' id='par_1_73' title="bbox 709 4166 2296 4248">
     <span class='ocr_line' id='line_1_73' title="bbox 709 4166 2296 4248; baseline -0.009 -13"><span class='ocrx_word' id='word_1_494' title='bbox 709 4178 880 4235; x_wconf 81' lang='lat' dir='ltr'><strong>Turci</strong></span> <span class='ocrx_word' id='word_1_495' title='bbox 931 4189 1122 4248; x_wconf 84' lang='lat' dir='ltr'><strong>pugna</strong></span> <span class='ocrx_word' id='word_1_496' title='bbox 1186 4172 1471 4244; x_wconf 77' lang='lat' dir='ltr'><strong>congressi</strong></span> <span class='ocrx_word' id='word_1_497' title='bbox 1520 4180 1651 4227; x_wconf 87' lang='lat' dir='ltr'><strong>sunt</strong></span> <span class='ocrx_word' id='word_1_498' title='bbox 1693 4170 1762 4225; x_wconf 89' lang='lat' dir='ltr'><strong>ab</strong></span> <span class='ocrx_word' id='word_1_499' title='bbox 1797 4170 1933 4224; x_wconf 87' lang='lat' dir='ltr'><strong>hora</strong></span> <span class='ocrx_word' id='word_1_500' title='bbox 1971 4169 2204 4238; x_wconf 90' lang='lat' dir='ltr'><strong>septima</strong></span> <span class='ocrx_word' id='word_1_501' title='bbox 2227 4166 2296 4222; x_wconf 91' lang='lat' dir='ltr'><strong>ad</strong></span> 
     </span>
    </p>
   </div>
   <div class='ocr_carea' id='block_1_74' title="bbox 706 4258 2296 4341">
    <p class='ocr_par' dir='ltr' id='par_1_74' title="bbox 706 4258 2296 4341">
     <span class='ocr_line' id='line_1_74' title="bbox 706 4258 2296 4341; baseline -0.008 -14"><span class='ocrx_word' id='word_1_502' title='bbox 706 4282 1036 4341; x_wconf 85' lang='lat' dir='ltr'><strong>vesperam;</strong></span> <span class='ocrx_word' id='word_1_503' title='bbox 1062 4282 1365 4336; x_wconf 87' lang='lat' dir='ltr'><strong>versosque</strong></span> <span class='ocrx_word' id='word_1_504' title='bbox 1395 4280 1492 4320; x_wconf 90' lang='lat' dir='ltr'><strong>eos</strong></span> <span class='ocrx_word' id='word_1_505' title='bbox 1537 4264 1591 4319; x_wconf 88' lang='lat' dir='ltr'><strong>in</strong></span> <span class='ocrx_word' id='word_1_506' title='bbox 1623 4264 1808 4335; x_wconf 79' lang='lat' dir='ltr'><strong>fugam</strong></span> <span class='ocrx_word' id='word_1_507' title='bbox 1837 4258 2117 4334; x_wconf 90' lang='lat' dir='ltr'><strong>persecuti</strong></span> <span class='ocrx_word' id='word_1_508' title='bbox 2167 4269 2296 4316; x_wconf 92' lang='lat' dir='ltr'><strong>sunt</strong></span> 
     </span>
    </p>
   </div>
   <div class='ocr_carea' id='block_1_75' title="bbox 706 4350 2297 4420">
    <p class='ocr_par' dir='ltr' id='par_1_75' title="bbox 706 4350 2297 4420">
     <span class='ocr_line' id='line_1_75' title="bbox 706 4350 2297 4420; baseline -0.007 -3"><span class='ocrx_word' id='word_1_509' title='bbox 706 4361 1057 4417; x_wconf 78' lang='lat' dir='ltr'><strong>Macedones.</strong></span> <span class='ocrx_word' id='word_1_510' title='bbox 1089 4355 1155 4413; x_wconf 81' lang='lat' dir='ltr'><strong>in</strong></span> <span class='ocrx_word' id='word_1_511' title='bbox 1201 4357 1506 4413; x_wconf 90' lang='lat' dir='ltr'><strong>crastinum</strong></span> <span class='ocrx_word' id='word_1_512' title='bbox 1551 4364 1760 4420; x_wconf 88' lang='lat' dir='ltr'><strong>autem,</strong></span> <span class='ocrx_word' id='word_1_513' title='bbox 1815 4370 1941 4409; x_wconf 91' lang='lat' dir='ltr'><strong>cum</strong></span> <span class='ocrx_word' id='word_1_514' title='bbox 1975 4350 2183 4409; x_wconf 84' lang='lat' dir='ltr'><strong>vellent</strong></span> <span class='ocrx_word' id='word_1_515' title='bbox 2208 4369 2297 4407; x_wconf 85' lang='lat' dir='ltr'><strong>re-</strong></span> 
     </span>
    </p>
   </div>
   <div class='ocr_carea' id='block_1_76' title="bbox 703 4446 2295 4522">
    <p class='ocr_par' dir='ltr' id='par_1_76' title="bbox 703 4446 2295 4522">
     <span class='ocr_line' id='line_1_76' title="bbox 703 4446 2295 4522; baseline -0.006 -13"><span class='ocrx_word' id='word_1_516' title='bbox 703 4454 928 4516; x_wconf 88' lang='lat' dir='ltr'><strong>cedere,</strong></span> <span class='ocrx_word' id='word_1_517' title='bbox 986 4457 1368 4522; x_wconf 86' lang='lat' dir='ltr'><strong>apparuerunt</strong></span> <span class='ocrx_word' id='word_1_518' title='bbox 1424 4463 1619 4504; x_wconf 89' lang='lat' dir='ltr'><strong>rursus</strong></span> <span class='ocrx_word' id='word_1_519' title='bbox 1649 4446 1820 4501; x_wconf 86' lang='lat' dir='ltr'><strong>Turci</strong></span> <span class='ocrx_word' id='word_1_520' title='bbox 1851 4447 2104 4502; x_wconf 90' lang='lat' dir='ltr'><strong>utaciem</strong></span> <span class='ocrx_word' id='word_1_521' title='bbox 2158 4461 2295 4500; x_wconf 88' lang='lat' dir='ltr'><strong>con-</strong></span> 
     </span>
    </p>
   </div>
   <div class='ocr_carea' id='block_1_77' title="bbox 2404 3248 3997 3329">
    <p class='ocr_par' dir='ltr' id='par_1_77' title="bbox 2404 3248 3997 3329">
     <span class='ocr_line' id='line_1_77' title="bbox 2404 3248 3997 3329; baseline 0.006 -29"><span class='ocrx_word' id='word_1_522' title='bbox 2404 3248 2499 3301; x_wconf 76' lang='grc' dir='ltr'><strong>τοῦ</strong></span> <span class='ocrx_word' id='word_1_523' title='bbox 2529 3248 2798 3318; x_wconf 74' lang='grc' dir='ltr'><strong>βασιλέως</strong></span> <span class='ocrx_word' id='word_1_524' title='bbox 2834 3251 2971 3320; x_wconf 78' lang='grc' dir='ltr'><strong>πρὸς</strong></span> <span class='ocrx_word' id='word_1_525' title='bbox 2999 3253 3061 3305; x_wconf 85' lang='grc' dir='ltr'><strong>τὸ</strong></span> <span class='ocrx_word' id='word_1_526' title='bbox 3085 3255 3456 3309; x_wconf 83' lang='grc' dir='ltr'><strong>ἀναλαϐέσθαι</strong></span> <span class='ocrx_word' id='word_1_527' title='bbox 3485 3259 3686 3322; x_wconf 69' lang='grc' dir='ltr'><strong>αὐτοὺς</strong></span> <span class='ocrx_word' id='word_1_528' title='bbox 3720 3261 3863 3329; x_wconf 64' lang='grc' dir='ltr'><strong>πρὶς</strong></span> <span class='ocrx_word' id='word_1_529' title='bbox 3895 3263 3997 3327; x_wconf 78' lang='grc' dir='ltr'><strong>τὴν</strong></span> 
     </span>
    </p>
   </div>
   <div class='ocr_carea' id='block_1_78' title="bbox 2400 3344 4000 3420">
    <p class='ocr_par' dir='ltr' id='par_1_78' title="bbox 2400 3344 4000 3420">
     <span class='ocr_line' id='line_1_78' title="bbox 2400 3344 4000 3420; baseline 0.005 -24"><span class='ocrx_word' id='word_1_530' title='bbox 2400 3344 2574 3397; x_wconf 80' lang='grc' dir='ltr'><strong>πόλιν.</strong></span> <span class='ocrx_word' id='word_1_531' title='bbox 2617 3344 2867 3414; x_wconf 80' lang='grc' dir='ltr'><strong>Παρευθὺ</strong></span> <span class='ocrx_word' id='word_1_532' title='bbox 2896 3345 2988 3399; x_wconf 78' lang='grc' dir='ltr'><strong>οὖν</strong></span> <span class='ocrx_word' id='word_1_533' title='bbox 3011 3349 3358 3418; x_wconf 71' lang='grc' dir='ltr'><strong>ἀνεφάνησαν</strong></span> <span class='ocrx_word' id='word_1_534' title='bbox 3379 3346 3566 3404; x_wconf 81' lang='grc' dir='ltr'><strong>Οὗννοι</strong></span> <span class='ocrx_word' id='word_1_535' title='bbox 3599 3353 3806 3420; x_wconf 72' lang='grc' dir='ltr'><strong>πλῆθος</strong></span> <span class='ocrx_word' id='word_1_536' title='bbox 3833 3354 4000 3406; x_wconf 74' lang='grc' dir='ltr'><strong>ἄπει-</strong></span> 
     </span>
    </p>
   </div>
   <div class='ocr_carea' id='block_1_79' title="bbox 2403 3433 4002 3514">
    <p class='ocr_par' dir='ltr' id='par_1_79' title="bbox 2403 3433 4002 3514">
     <span class='ocr_line' id='line_1_79' title="bbox 2403 3433 4002 3514; baseline 0.006 -25"><span class='ocrx_word' id='word_1_537' title='bbox 2403 3453 2514 3506; x_wconf 72' lang='grc' dir='ltr'><strong>ρον.</strong></span> <span class='ocrx_word' id='word_1_538' title='bbox 2546 3439 2607 3488; x_wconf 82' lang='grc' dir='ltr'><strong>Οί</strong></span> <span class='ocrx_word' id='word_1_539' title='bbox 2645 3433 2700 3489; x_wconf 77' lang='grc' dir='ltr'><strong>δὲ</strong></span> <span class='ocrx_word' id='word_1_540' title='bbox 2760 3439 2958 3503; x_wconf 77' lang='grc' dir='ltr'><strong>ἰδόντες</strong></span> <span class='ocrx_word' id='word_1_541' title='bbox 2989 3441 3188 3506; x_wconf 71' lang='grc' dir='ltr'><strong>αὐτοὺς</strong></span> <span class='ocrx_word' id='word_1_542' title='bbox 3244 3443 3383 3511; x_wconf 71' lang='grc' dir='ltr'><strong>μετὰ</strong></span> <span class='ocrx_word' id='word_1_543' title='bbox 3421 3443 3674 3514; x_wconf 79' lang='grc' dir='ltr'><strong>δακρύων</strong></span> <span class='ocrx_word' id='word_1_544' title='bbox 3709 3445 3885 3498; x_wconf 80' lang='grc' dir='ltr'><strong>ἐϐόων</strong></span> <span class='ocrx_word' id='word_1_545' title='bbox 3911 3447 4002 3498; x_wconf 83' lang='grc' dir='ltr'><strong>λέ-</strong></span> 
     </span>
    </p>
   </div>
   <div class='ocr_carea' id='block_1_80' title="bbox 2399 3529 3997 3602">
    <p class='ocr_par' dir='ltr' id='par_1_80' title="bbox 2399 3529 3997 3602">
     <span class='ocr_line' id='line_1_80' title="bbox 2399 3529 3997 3602; baseline 0.004 -22"><span class='ocrx_word' id='word_1_546' title='bbox 2399 3545 2622 3595; x_wconf 84' lang='grc' dir='ltr'><strong>γοντες·</strong></span> <span class='ocrx_word' id='word_1_547' title='bbox 2685 3529 2737 3580; x_wconf 86' lang='grc'><strong>’0</strong></span> <span class='ocrx_word' id='word_1_548' title='bbox 2809 3531 2955 3595; x_wconf 81' lang='grc' dir='ltr'><strong>Θεὸς</strong></span> <span class='ocrx_word' id='word_1_549' title='bbox 3007 3532 3114 3585; x_wconf 80' lang='grc' dir='ltr'><strong>τοῦ</strong></span> <span class='ocrx_word' id='word_1_550' title='bbox 3171 3535 3344 3602; x_wconf 75' lang='grc' dir='ltr'><strong>ἁγίου</strong></span> <span class='ocrx_word' id='word_1_551' title='bbox 3411 3534 3997 3602; x_wconf 52' lang='grc' dir='ltr'><strong>Ἀδριανοήβωθθει</strong></span> 
     </span>
    </p>
   </div>
   <div class='ocr_carea' id='block_1_81' title="bbox 2399 3607 3996 3697">
    <p class='ocr_par' dir='ltr' id='par_1_81' title="bbox 2399 3607 3996 3697">
     <span class='ocr_line' id='line_1_81' title="bbox 2399 3607 3996 3697; baseline 0.005 -25"><span class='ocrx_word' id='word_1_552' title='bbox 2399 3616 2567 3688; x_wconf 78' lang='grc' dir='ltr'><strong>ἡμῖν,</strong></span> <span class='ocrx_word' id='word_1_553' title='bbox 2627 3622 2720 3674; x_wconf 64' lang='grc' dir='ltr'><strong>καὶ</strong></span> <span class='ocrx_word' id='word_1_554' title='bbox 2780 3624 3196 3692; x_wconf 81' lang='grc' dir='ltr'><strong>παρετάσσοντο</strong></span> <span class='ocrx_word' id='word_1_555' title='bbox 3239 3626 3374 3695; x_wconf 69' lang='grc' dir='ltr'><strong>πρὸς</strong></span> <span class='ocrx_word' id='word_1_556' title='bbox 3407 3626 3680 3697; x_wconf 71' lang='grc' dir='ltr'><strong>συμϐολὴν</strong></span> <span class='ocrx_word' id='word_1_557' title='bbox 3725 3607 3996 3695; x_wconf 70' lang='grc' dir='ltr'><strong>πολέμου.</strong></span> 
     </span>
    </p>
   </div>
   <div class='ocr_carea' id='block_1_82' title="bbox 2400 3711 4000 3787">
    <p class='ocr_par' dir='ltr' id='par_1_82' title="bbox 2400 3711 4000 3787">
     <span class='ocr_line' id='line_1_82' title="bbox 2400 3711 4000 3787; baseline 0.003 -21"><span class='ocrx_word' id='word_1_558' title='bbox 2400 3715 2462 3766; x_wconf 87' lang='lat' dir='ltr'><strong>0i</strong></span> <span class='ocrx_word' id='word_1_559' title='bbox 2493 3713 2547 3767; x_wconf 80' lang='grc' dir='ltr'><strong>δὲ</strong></span> <span class='ocrx_word' id='word_1_560' title='bbox 2579 3713 2811 3782; x_wconf 79' lang='grc' dir='ltr'><strong>Τοῦρκοι</strong></span> <span class='ocrx_word' id='word_1_561' title='bbox 2858 3711 3011 3768; x_wconf 69' lang='grc' dir='ltr'><strong>εἷπον</strong></span> <span class='ocrx_word' id='word_1_562' title='bbox 3065 3717 3199 3786; x_wconf 61' lang='grc' dir='ltr'><strong>πρὸς</strong></span> <span class='ocrx_word' id='word_1_563' title='bbox 3246 3719 3478 3774; x_wconf 71' lang='grc' dir='ltr'><strong>αὐτούς·</strong></span> <span class='ocrx_word' id='word_1_564' title='bbox 3523 3722 3664 3773; x_wconf 77' lang='grc' dir='ltr'><strong>Δότε</strong></span> <span class='ocrx_word' id='word_1_565' title='bbox 3694 3720 3845 3787; x_wconf 71' lang='grc' dir='ltr'><strong>ἡμῖν</strong></span> <span class='ocrx_word' id='word_1_566' title='bbox 3883 3722 4000 3786; x_wconf 71' lang='grc' dir='ltr'><strong>τὴν</strong></span> 
     </span>
    </p>
   </div>
   <div class='ocr_carea' id='block_1_83' title="bbox 2399 3807 3998 3876">
    <p class='ocr_par' dir='ltr' id='par_1_83' title="bbox 2399 3807 3998 3876">
     <span class='ocr_line' id='line_1_83' title="bbox 2399 3807 3998 3876; baseline 0.004 -18"><span class='ocrx_word' id='word_1_567' title='bbox 2399 3807 2663 3874; x_wconf 73' lang='grc' dir='ltr'><strong>ὕπαρξιν</strong></span> <span class='ocrx_word' id='word_1_568' title='bbox 2702 3807 2870 3876; x_wconf 72' lang='grc' dir='ltr'><strong>ὑμῶν</strong></span> <span class='ocrx_word' id='word_1_569' title='bbox 2909 3807 3138 3876; x_wconf 81' lang='grc' dir='ltr'><strong>πᾶσαν,</strong></span> <span class='ocrx_word' id='word_1_570' title='bbox 3189 3812 3289 3864; x_wconf 80' lang='grc' dir='ltr'><strong>καί</strong></span> <span class='ocrx_word' id='word_1_571' title='bbox 3345 3813 3643 3867; x_wconf 71' lang='grc' dir='ltr'><strong>ἀπέλθετε</strong></span> <span class='ocrx_word' id='word_1_572' title='bbox 3695 3815 3843 3868; x_wconf 75' lang='grc' dir='ltr'><strong>ἔνθα</strong></span> <span class='ocrx_word' id='word_1_573' title='bbox 3901 3815 3998 3866; x_wconf 73' lang='grc' dir='ltr'><strong>καὶ</strong></span> 
     </span>
    </p>
   </div>
   <div class='ocr_carea' id='block_1_84' title="bbox 2395 3900 3999 3970">
    <p class='ocr_par' dir='ltr' id='par_1_84' title="bbox 2395 3900 3999 3970">
     <span class='ocr_line' id='line_1_84' title="bbox 2395 3900 3999 3970; baseline 0.004 -19"><span class='ocrx_word' id='word_1_574' title='bbox 2395 3900 2725 3962; x_wconf 75' lang='grc' dir='ltr'><strong>βούλεσθε.</strong></span> <span class='ocrx_word' id='word_1_575' title='bbox 2767 3901 2828 3953; x_wconf 82' lang='grc' dir='ltr'><strong>υἱ</strong></span> <span class='ocrx_word' id='word_1_576' title='bbox 2875 3902 2931 3954; x_wconf 79' lang='grc' dir='ltr'><strong>δὲ</strong></span> <span class='ocrx_word' id='word_1_577' title='bbox 2993 3902 3154 3955; x_wconf 84' lang='grc' dir='ltr'><strong>τοῦτο</strong></span> <span class='ocrx_word' id='word_1_578' title='bbox 3184 3905 3227 3937; x_wconf 79' lang='grc'>⁸⁸</span> <span class='ocrx_word' id='word_1_579' title='bbox 3283 3905 3342 3957; x_wconf 75' lang='grc' dir='ltr'><strong>οὐ</strong></span> <span class='ocrx_word' id='word_1_580' title='bbox 3398 3905 3795 3970; x_wconf 74' lang='grc' dir='ltr'><strong>κατεδέξαντο.</strong></span> <span class='ocrx_word' id='word_1_581' title='bbox 3854 3907 3999 3958; x_wconf 73' lang='grc' dir='ltr'><strong>ἀλλὰ</strong></span> 
     </span>
    </p>
   </div>
   <div class='ocr_carea' id='block_1_85' title="bbox 2400 3993 3999 4070">
    <p class='ocr_par' dir='ltr' id='par_1_85' title="bbox 2400 3993 3999 4070">
     <span class='ocr_line' id='line_1_85' title="bbox 2400 3993 3999 4070; baseline 0.004 -25"><span class='ocrx_word' id='word_1_582' title='bbox 2400 3993 2877 4062; x_wconf 74' lang='grc' dir='ltr'><strong>παρατεταγμένοι</strong></span> <span class='ocrx_word' id='word_1_583' title='bbox 2940 3995 3188 4065; x_wconf 82' lang='grc' dir='ltr'><strong>ὑπῆρχον</strong></span> <span class='ocrx_word' id='word_1_584' title='bbox 3221 3999 3279 4050; x_wconf 86' lang='grc' dir='ltr'><strong>ὲν</strong></span> <span class='ocrx_word' id='word_1_585' title='bbox 3298 3999 3478 4067; x_wconf 72' lang='grc' dir='ltr'><strong>τρισὶν</strong></span> <span class='ocrx_word' id='word_1_586' title='bbox 3518 3999 3780 4070; x_wconf 82' lang='grc' dir='ltr'><strong>ἡμέραις.</strong></span> <span class='ocrx_word' id='word_1_587' title='bbox 3817 4000 3900 4068; x_wconf 77' lang='grc' dir='ltr'><strong>Τῇ</strong></span> <span class='ocrx_word' id='word_1_588' title='bbox 3942 4000 3999 4052; x_wconf 76' lang='grc' dir='ltr'><strong>δὲ</strong></span> 
     </span>
    </p>
   </div>
   <div class='ocr_carea' id='block_1_86' title="bbox 2399 4083 3998 4158">
    <p class='ocr_par' dir='ltr' id='par_1_86' title="bbox 2399 4083 3998 4158">
     <span class='ocr_line' id='line_1_86' title="bbox 2399 4083 3998 4158; baseline 0.005 -22"><span class='ocrx_word' id='word_1_589' title='bbox 2399 4083 2640 4158; x_wconf 79' lang='grc' dir='ltr'><strong>τετάρτῃ</strong></span> <span class='ocrx_word' id='word_1_590' title='bbox 2669 4084 2905 4156; x_wconf 74' lang='grc' dir='ltr'><strong>ἧρξαντο</strong></span> <span class='ocrx_word' id='word_1_591' title='bbox 2932 4088 3282 4157; x_wconf 82' lang='grc' dir='ltr'><strong>εἰσέρχεσθαι</strong></span> <span class='ocrx_word' id='word_1_592' title='bbox 3345 4092 3426 4153; x_wconf 82' lang='grc' dir='ltr'><strong>εἰς</strong></span> <span class='ocrx_word' id='word_1_593' title='bbox 3460 4090 3526 4142; x_wconf 78' lang='grc' dir='ltr'><strong>τὰ</strong></span> <span class='ocrx_word' id='word_1_594' title='bbox 3571 4091 3734 4142; x_wconf 56' lang='grc' dir='ltr'><strong>πλοῖα</strong></span> <span class='ocrx_word' id='word_1_595' title='bbox 3791 4093 3998 4144; x_wconf 76' lang='grc' dir='ltr'><strong>αὐτῶν.</strong></span> 
     </span>
    </p>
   </div>
   <div class='ocr_carea' id='block_1_87' title="bbox 2401 4174 4000 4251">
    <p class='ocr_par' dir='ltr' id='par_1_87' title="bbox 2401 4174 4000 4251">
     <span class='ocr_line' id='line_1_87' title="bbox 2401 4174 4000 4251; baseline 0.003 -23"><span class='ocrx_word' id='word_1_596' title='bbox 2401 4174 2747 4246; x_wconf 77' lang='grc' dir='ltr'><strong>Θεασάμενοι</strong></span> <span class='ocrx_word' id='word_1_597' title='bbox 2776 4177 2834 4229; x_wconf 86' lang='grc' dir='ltr'><strong>δὲ</strong></span> <span class='ocrx_word' id='word_1_598' title='bbox 2863 4176 3020 4230; x_wconf 77' lang='grc' dir='ltr'><strong>τοῦτο</strong></span> <span class='ocrx_word' id='word_1_599' title='bbox 3050 4179 3099 4230; x_wconf 71' lang='grc' dir='ltr'><strong>οἱ</strong></span> <span class='ocrx_word' id='word_1_600' title='bbox 3137 4179 3376 4249; x_wconf 81' lang='grc' dir='ltr'><strong>Τοῦρκοι</strong></span> <span class='ocrx_word' id='word_1_601' title='bbox 3424 4180 3721 4232; x_wconf 83' lang='grc' dir='ltr'><strong>συνέϐαλον</strong></span> <span class='ocrx_word' id='word_1_602' title='bbox 3752 4182 4000 4251; x_wconf 76' lang='grc' dir='ltr'><strong>πόλεμον</strong></span> 
     </span>
    </p>
   </div>
   <div class='ocr_carea' id='block_1_88' title="bbox 2399 4267 4002 4343">
    <p class='ocr_par' dir='ltr' id='par_1_88' title="bbox 2399 4267 4002 4343">
     <span class='ocr_line' id='line_1_88' title="bbox 2399 4267 4002 4343; baseline 0.004 -22"><span class='ocrx_word' id='word_1_603' title='bbox 2399 4267 2507 4322; x_wconf 81' lang='grc' dir='ltr'><strong>ἀπὸ</strong></span> <span class='ocrx_word' id='word_1_604' title='bbox 2529 4268 2677 4339; x_wconf 82' lang='grc' dir='ltr'><strong>ὧρας</strong></span> <span class='ocrx_word' id='word_1_605' title='bbox 2695 4270 2953 4340; x_wconf 84' lang='grc' dir='ltr'><strong>πέμπτης</strong></span> <span class='ocrx_word' id='word_1_606' title='bbox 2988 4269 3180 4340; x_wconf 83' lang='grc' dir='ltr'><strong>μέχρις</strong></span> <span class='ocrx_word' id='word_1_607' title='bbox 3226 4271 3466 4342; x_wconf 76' lang='grc' dir='ltr'><strong>ἑσπέρας</strong></span> <span class='ocrx_word' id='word_1_608' title='bbox 3503 4289 3518 4304; x_wconf 77' lang='grc' dir='ltr'><strong>ο</strong></span> <span class='ocrx_word' id='word_1_609' title='bbox 3568 4273 3663 4326; x_wconf 69' lang='grc' dir='ltr'><strong>καὶ</strong></span> <span class='ocrx_word' id='word_1_610' title='bbox 3691 4268 3911 4343; x_wconf 80' lang='grc' dir='ltr'><strong>τραπὲν</strong></span> <span class='ocrx_word' id='word_1_611' title='bbox 3944 4278 4002 4327; x_wconf 59' lang='grc' dir='ltr'><strong>τὺ</strong></span> 
     </span>
    </p>
   </div>
   <div class='ocr_carea' id='block_1_89' title="bbox 2399 4360 3997 4435">
    <p class='ocr_par' dir='ltr' id='par_1_89' title="bbox 2399 4360 3997 4435">
     <span class='ocr_line' id='line_1_89' title="bbox 2399 4360 3997 4435; baseline 0.002 -21"><span class='ocrx_word' id='word_1_612' title='bbox 2399 4360 2574 4427; x_wconf 75' lang='grc' dir='ltr'><strong>ῑθνος,</strong></span> <span class='ocrx_word' id='word_1_613' title='bbox 2629 4361 2962 4415; x_wconf 78' lang='grc' dir='ltr'><strong>κατεδίωκον</strong></span> <span class='ocrx_word' id='word_1_614' title='bbox 3022 4362 3222 4427; x_wconf 76' lang='grc' dir='ltr'><strong>αὐτοὺς</strong></span> <span class='ocrx_word' id='word_1_615' title='bbox 3268 4364 3317 4416; x_wconf 79' lang='grc' dir='ltr'><strong>οἱ</strong></span> <span class='ocrx_word' id='word_1_616' title='bbox 3369 4363 3703 4426; x_wconf 77' lang='grc' dir='ltr'><strong>Μακεδόνες.</strong></span> <span class='ocrx_word' id='word_1_617' title='bbox 3766 4367 3879 4418; x_wconf 71' lang='grc' dir='ltr'><strong>Καὶ</strong></span> <span class='ocrx_word' id='word_1_618' title='bbox 3932 4370 3997 4435; x_wconf 70' lang='grc' dir='ltr'><strong>τῇ</strong></span> 
     </span>
    </p>
   </div>
   <div class='ocr_carea' id='block_1_90' title="bbox 2401 4451 3996 4525">
    <p class='ocr_par' dir='ltr' id='par_1_90' title="bbox 2401 4451 3996 4525">
     <span class='ocr_line' id='line_1_90' title="bbox 2401 4451 3996 4525; baseline 0 -20"><span class='ocrx_word' id='word_1_619' title='bbox 2401 4452 2631 4525; x_wconf 77' lang='grc' dir='ltr'><strong>ἐπιούσῃ</strong></span> <span class='ocrx_word' id='word_1_620' title='bbox 2679 4453 2865 4523; x_wconf 76' lang='grc' dir='ltr'><strong>ἡμέρᾳ</strong></span> <span class='ocrx_word' id='word_1_621' title='bbox 2939 4451 3280 4522; x_wconf 86' lang='grc' dir='ltr'><strong>βουλομένων</strong></span> <span class='ocrx_word' id='word_1_622' title='bbox 3341 4453 3521 4505; x_wconf 79' lang='grc' dir='ltr'><strong>αὐτῶν</strong></span> <span class='ocrx_word' id='word_1_623' title='bbox 3589 4454 3996 4524; x_wconf 77' lang='grc' dir='ltr'><strong>ὑποχωρῆσαι,</strong></span> 
     </span>
    </p>
   </div>
   <div class='ocr_carea' id='block_1_91' title="bbox 705 4527 2297 4614">
    <p class='ocr_par' dir='ltr' id='par_1_91' title="bbox 705 4536 2296 4614">
     <span class='ocr_line' id='line_1_91' title="bbox 705 4536 2296 4614; baseline -0.006 -13"><span class='ocrx_word' id='word_1_624' title='bbox 705 4550 939 4601; x_wconf 71' lang='lat' dir='ltr'><strong>ferrent.</strong></span> <span class='ocrx_word' id='word_1_625' title='bbox 995 4544 1241 4614; x_wconf 87' lang='lat' dir='ltr'><strong>Surgens</strong></span> <span class='ocrx_word' id='word_1_626' title='bbox 1286 4557 1423 4597; x_wconf 85' lang='lat' dir='ltr'><strong>vero</strong></span> <span class='ocrx_word' id='word_1_627' title='bbox 1445 4540 1805 4596; x_wconf 76' lang='lat' dir='ltr'><strong>Macedonum</strong></span> <span class='ocrx_word' id='word_1_628' title='bbox 1836 4540 2022 4611; x_wconf 87' lang='lat' dir='ltr'><strong>junior</strong></span> <span class='ocrx_word' id='word_1_629' title='bbox 2046 4536 2160 4593; x_wconf 85' lang='lat' dir='ltr'><strong>Leo</strong></span> <span class='ocrx_word' id='word_1_630' title='bbox 2191 4553 2296 4592; x_wconf 85' lang='lat' dir='ltr'><strong>no-</strong></span> 
     </span>
    </p>
   </div>
   <div class='ocr_carea' id='block_1_92' title="bbox 2402 4527 3998 4614">
    <p class='ocr_par' dir='ltr' id='par_1_92' title="bbox 2402 4542 3998 4614">
     <span class='ocr_line' id='line_1_92' title="bbox 2402 4542 3998 4614; baseline 0.003 -17"><span class='ocrx_word' id='word_1_631' title='bbox 2402 4544 2750 4614; x_wconf 84' lang='grc' dir='ltr'><strong>ἀνεφάνησαν</strong></span> <span class='ocrx_word' id='word_1_632' title='bbox 2781 4542 2942 4597; x_wconf 77' lang='grc' dir='ltr'><strong>πάλιν</strong></span> <span class='ocrx_word' id='word_1_633' title='bbox 2971 4542 3162 4597; x_wconf 74' lang='grc' dir='ltr'><strong>Οὗννοι</strong></span> <span class='ocrx_word' id='word_1_634' title='bbox 3187 4543 3324 4612; x_wconf 81' lang='grc' dir='ltr'><strong>πρὸς</strong></span> <span class='ocrx_word' id='word_1_635' title='bbox 3345 4543 3406 4595; x_wconf 81' lang='grc' dir='ltr'><strong>τὸ</strong></span> <span class='ocrx_word' id='word_1_636' title='bbox 3432 4544 3744 4613; x_wconf 75' lang='grc' dir='ltr'><strong>πολεμῆσαι</strong></span> <span class='ocrx_word' id='word_1_637' title='bbox 3767 4546 3998 4608; x_wconf 71' lang='grc' dir='ltr'><strong>αὐτούς.</strong></span> 
     </span>
    </p>
   </div>
   <div class='ocr_carea' id='block_1_93' title="bbox 707 4627 2294 4700">
    <p class='ocr_par' dir='ltr' id='par_1_93' title="bbox 707 4627 2294 4700">
     <span class='ocr_line' id='line_1_93' title="bbox 707 4627 2294 4700; baseline -0.004 -12"><span class='ocrx_word' id='word_1_638' title='bbox 707 4636 881 4699; x_wconf 85' lang='lat' dir='ltr'><strong>mine,</strong></span> <span class='ocrx_word' id='word_1_639' title='bbox 912 4650 980 4688; x_wconf 80' lang='lat' dir='ltr'><strong>ex</strong></span> <span class='ocrx_word' id='word_1_640' title='bbox 1016 4631 1410 4688; x_wconf 86' lang='lat' dir='ltr'><strong>Gomostorum</strong></span> <span class='ocrx_word' id='word_1_641' title='bbox 1445 4630 1678 4696; x_wconf 89' lang='lat' dir='ltr'><strong>familia,</strong></span> <span class='ocrx_word' id='word_1_642' title='bbox 1716 4629 1811 4699; x_wconf 93' lang='lat' dir='ltr'><strong>qui</strong></span> <span class='ocrx_word' id='word_1_643' title='bbox 1841 4634 2036 4700; x_wconf 88' lang='lat' dir='ltr'><strong>postea</strong></span> <span class='ocrx_word' id='word_1_644' title='bbox 2058 4627 2294 4699; x_wconf 79' lang='lat' dir='ltr'><strong>agminis</strong></span> 
     </span>
    </p>
   </div>
   <div class='ocr_carea' id='block_1_94' title="bbox 706 4718 2294 4795">
    <p class='ocr_par' dir='ltr' id='par_1_94' title="bbox 706 4718 2294 4795">
     <span class='ocr_line' id='line_1_94' title="bbox 706 4718 2294 4795; baseline -0.001 -16"><span class='ocrx_word' id='word_1_645' title='bbox 706 4725 1107 4781; x_wconf 68' lang='lat' dir='ltr'><strong>foederatorum</strong></span> <span class='ocrx_word' id='word_1_646' title='bbox 1164 4723 1427 4795; x_wconf 88' lang='lat' dir='ltr'><strong>princeps</strong></span> <span class='ocrx_word' id='word_1_647' title='bbox 1477 4722 1603 4787; x_wconf 91' lang='lat' dir='ltr'><strong>fuit,</strong></span> <span class='ocrx_word' id='word_1_648' title='bbox 1663 4718 1872 4792; x_wconf 90' lang='lat' dir='ltr'><strong>aliique</strong></span> <span class='ocrx_word' id='word_1_649' title='bbox 1929 4720 2294 4778; x_wconf 81' lang='lat' dir='ltr'><strong>Macedonum</strong></span> 
     </span>
    </p>
   </div>
   <div class='ocr_carea' id='block_1_95' title="bbox 706 4815 2291 4890">
    <p class='ocr_par' dir='ltr' id='par_1_95' title="bbox 706 4815 2291 4890">
     <span class='ocr_line' id='line_1_95' title="bbox 706 4815 2291 4890; baseline -0.002 -19"><span class='ocrx_word' id='word_1_650' title='bbox 706 4819 809 4872; x_wconf 74' lang='lat' dir='ltr'><strong>viri</strong></span> <span class='ocrx_word' id='word_1_651' title='bbox 835 4818 1046 4890; x_wconf 85' lang='lat' dir='ltr'><strong>inclyti,</strong></span> <span class='ocrx_word' id='word_1_652' title='bbox 1064 4819 1252 4872; x_wconf 80' lang='lat' dir='ltr'><strong>hostes</strong></span> <span class='ocrx_word' id='word_1_653' title='bbox 1275 4816 1542 4872; x_wconf 82' lang='lat' dir='ltr'><strong>fuderunt</strong></span> <span class='ocrx_word' id='word_1_654' title='bbox 1561 4816 1962 4887; x_wconf 85' lang='lat' dir='ltr'><strong>fugaruntque,</strong></span> <span class='ocrx_word' id='word_1_655' title='bbox 1980 4830 2045 4871; x_wconf 88' lang='lat' dir='ltr'><strong>ac</strong></span> <span class='ocrx_word' id='word_1_656' title='bbox 2079 4815 2291 4871; x_wconf 89' lang='lat' dir='ltr'><strong>reversi</strong></span> 
     </span>
    </p>
   </div>
   <div class='ocr_carea' id='block_1_96' title="bbox 705 4907 2296 4979">
    <p class='ocr_par' dir='ltr' id='par_1_96' title="bbox 705 4907 2296 4979">
     <span class='ocr_line' id='line_1_96' title="bbox 705 4907 2296 4979; baseline 0 -15"><span class='ocrx_word' id='word_1_657' title='bbox 705 4926 876 4965; x_wconf 86' lang='lat' dir='ltr'><strong>naves</strong></span> <span class='ocrx_word' id='word_1_658' title='bbox 925 4909 1372 4966; x_wconf 74' lang='lat' dir='ltr'><strong>conscenderunt</strong></span> <span class='ocrx_word' id='word_1_659' title='bbox 1421 4919 1586 4979; x_wconf 86' lang='lat' dir='ltr'><strong>atque</strong></span> <span class='ocrx_word' id='word_1_660' title='bbox 1634 4907 1702 4963; x_wconf 92' lang='lat' dir='ltr'><strong>ad</strong></span> <span class='ocrx_word' id='word_1_661' title='bbox 1736 4908 2125 4978; x_wconf 84' lang='lat' dir='ltr'><strong>imperatorem</strong></span> <span class='ocrx_word' id='word_1_662' title='bbox 2173 4923 2296 4964; x_wconf 89' lang='lat' dir='ltr'><strong>sese</strong></span> 
     </span>
    </p>
   </div>
   <div class='ocr_carea' id='block_1_97' title="bbox 710 5001 2297 5075">
    <p class='ocr_par' dir='ltr' id='par_1_97' title="bbox 710 5001 2297 5075">
     <span class='ocr_line' id='line_1_97' title="bbox 710 5001 2297 5075; baseline -0.002 -16"><span class='ocrx_word' id='word_1_663' title='bbox 710 5013 1074 5075; x_wconf 85' lang='lat' dir='ltr'><strong>receperunt:</strong></span> <span class='ocrx_word' id='word_1_664' title='bbox 1112 5018 1143 5058; x_wconf 89' lang='lat' dir='ltr'><strong>a</strong></span> <span class='ocrx_word' id='word_1_665' title='bbox 1186 5016 1298 5075; x_wconf 90' lang='lat' dir='ltr'><strong>quo</strong></span> <span class='ocrx_word' id='word_1_666' title='bbox 1342 5002 1632 5073; x_wconf 85' lang='lat' dir='ltr'><strong>magnifice</strong></span> <span class='ocrx_word' id='word_1_667' title='bbox 1667 5002 1912 5072; x_wconf 85' lang='lat' dir='ltr'><strong>suscepti</strong></span> <span class='ocrx_word' id='word_1_668' title='bbox 1961 5001 2019 5056; x_wconf 89' lang='lat' dir='ltr'><strong>in</strong></span> <span class='ocrx_word' id='word_1_669' title='bbox 2042 5001 2297 5058; x_wconf 82' lang='lat' dir='ltr'><strong>Macedo-</strong></span> 
     </span>
    </p>
   </div>
   <div class='ocr_carea' id='block_1_98' title="bbox 708 5091 2295 5166">
    <p class='ocr_par' dir='ltr' id='par_1_98' title="bbox 708 5091 2295 5166">
     <span class='ocr_line' id='line_1_98' title="bbox 708 5091 2295 5166; baseline 0.001 -16"><span class='ocrx_word' id='word_1_670' title='bbox 708 5096 879 5161; x_wconf 86' lang='lat' dir='ltr'><strong>niam,</strong></span> <span class='ocrx_word' id='word_1_671' title='bbox 928 5095 1164 5166; x_wconf 89' lang='lat' dir='ltr'><strong>patriam</strong></span> <span class='ocrx_word' id='word_1_672' title='bbox 1219 5109 1400 5160; x_wconf 85' lang='lat' dir='ltr'><strong>suam,</strong></span> <span class='ocrx_word' id='word_1_673' title='bbox 1457 5094 1669 5149; x_wconf 91' lang='lat' dir='ltr'><strong>reversi</strong></span> <span class='ocrx_word' id='word_1_674' title='bbox 1719 5103 1872 5149; x_wconf 85' lang='lat' dir='ltr'><strong>sunt.</strong></span> <span class='ocrx_word' id='word_1_675' title='bbox 1893 5091 2032 5149; x_wconf 86' lang='lat' dir='ltr'><strong>Erat</strong></span> <span class='ocrx_word' id='word_1_676' title='bbox 2057 5094 2295 5151; x_wconf 85' lang='lat' dir='ltr'><strong>Basilius</strong></span> 
     </span>
    </p>
   </div>
   <div class='ocr_carea' id='block_1_99' title="bbox 615 5183 2295 5261">
    <p class='ocr_par' dir='ltr' id='par_1_99' title="bbox 615 5183 2295 5261">
     <span class='ocr_line' id='line_1_99' title="bbox 615 5183 2295 5261; baseline -0.001 -16"><span class='ocrx_word' id='word_1_677' title='bbox 615 5203 617 5206; x_wconf 84' lang='lat'>‘</span> <span class='ocrx_word' id='word_1_678' title='bbox 708 5205 885 5245; x_wconf 87' lang='lat' dir='ltr'><strong>annos</strong></span> <span class='ocrx_word' id='word_1_679' title='bbox 933 5190 1158 5245; x_wconf 88' lang='lat' dir='ltr'><strong>circiter</strong></span> <span class='ocrx_word' id='word_1_680' title='bbox 1191 5190 1388 5261; x_wconf 82' lang='lat' dir='ltr'><strong>viginti</strong></span> <span class='ocrx_word' id='word_1_681' title='bbox 1452 5191 1699 5259; x_wconf 87' lang='lat' dir='ltr'><strong>quinque</strong></span> <span class='ocrx_word' id='word_1_682' title='bbox 1752 5197 1935 5242; x_wconf 90' lang='lat' dir='ltr'><strong>natus.</strong></span> <span class='ocrx_word' id='word_1_683' title='bbox 1986 5183 2295 5258; x_wconf 73' lang='lat' dir='ltr'><strong>Patriaeque</strong></span> 
     </span>
    </p>
   </div>
   <div class='ocr_carea' id='block_1_100' title="bbox 715 5278 2297 5352">
    <p class='ocr_par' dir='ltr' id='par_1_100' title="bbox 715 5278 2297 5352">
     <span class='ocr_line' id='line_1_100' title="bbox 715 5278 2297 5352; baseline -0.001 -16"><span class='ocrx_word' id='word_1_684' title='bbox 715 5282 966 5337; x_wconf 88' lang='lat' dir='ltr'><strong>redditus</strong></span> <span class='ocrx_word' id='word_1_685' title='bbox 1016 5282 1248 5337; x_wconf 71' lang='lat' dir='ltr'><strong>adhaesit</strong></span> <span class='ocrx_word' id='word_1_686' title='bbox 1299 5283 1632 5337; x_wconf 83' lang='lat' dir='ltr'><strong>Macedoniae</strong></span> <span class='ocrx_word' id='word_1_687' title='bbox 1663 5282 1887 5352; x_wconf 72' lang='lat' dir='ltr'><strong>praetori</strong></span> <span class='ocrx_word' id='word_1_688' title='bbox 1913 5278 2168 5335; x_wconf 70' lang='lat' dir='ltr'><strong>Tzantzae</strong></span> <span class='ocrx_word' id='word_1_689' title='bbox 2198 5296 2297 5335; x_wconf 91' lang='lat' dir='ltr'><strong>no-</strong></span> 
     </span>
    </p>
   </div>
   <div class='ocr_carea' id='block_1_101' title="bbox 711 5354 2296 5444">
    <p class='ocr_par' dir='ltr' id='par_1_101' title="bbox 711 5354 2296 5444">
     <span class='ocr_line' id='line_1_101' title="bbox 711 5354 2296 5444; baseline -0.001 -17"><span class='ocrx_word' id='word_1_690' title='bbox 711 5376 880 5440; x_wconf 86' lang='lat' dir='ltr'><strong>mine,</strong></span> <span class='ocrx_word' id='word_1_691' title='bbox 909 5383 968 5428; x_wconf 90' lang='lat' dir='ltr'><strong>ut</strong></span> <span class='ocrx_word' id='word_1_692' title='bbox 997 5374 1048 5428; x_wconf 91' lang='lat' dir='ltr'><strong>ei</strong></span> <span class='ocrx_word' id='word_1_693' title='bbox 1088 5354 1339 5429; x_wconf 61' lang='lat' dir='ltr'><strong>serviens</strong></span> <span class='ocrx_word' id='word_1_694' title='bbox 1363 5372 1417 5428; x_wconf 88' lang='lat' dir='ltr'><strong>in</strong></span> <span class='ocrx_word' id='word_1_695' title='bbox 1435 5375 1558 5444; x_wconf 87' lang='lat' dir='ltr'><strong>ejus</strong></span> <span class='ocrx_word' id='word_1_696' title='bbox 1600 5373 1870 5442; x_wconf 89' lang='lat' dir='ltr'><strong>obsequio</strong></span> <span class='ocrx_word' id='word_1_697' title='bbox 1893 5380 2060 5427; x_wconf 90' lang='lat' dir='ltr'><strong>esset.</strong></span> <span class='ocrx_word' id='word_1_698' title='bbox 2088 5371 2200 5426; x_wconf 82' lang='lat' dir='ltr'><strong>Nec</strong></span> <span class='ocrx_word' id='word_1_699' title='bbox 2226 5367 2296 5426; x_wconf 88' lang='lat' dir='ltr'><strong>ab</strong></span> 
     </span>
    </p>
   </div>
   <div class='ocr_carea' id='block_1_102' title="bbox 711 5465 2294 5536">
    <p class='ocr_par' dir='ltr' id='par_1_102' title="bbox 711 5465 2294 5536">
     <span class='ocr_line' id='line_1_102' title="bbox 711 5465 2294 5536; baseline -0.003 -16"><span class='ocrx_word' id='word_1_700' title='bbox 711 5481 778 5520; x_wconf 91' lang='lat' dir='ltr'><strong>co</strong></span> <span class='ocrx_word' id='word_1_701' title='bbox 811 5466 987 5536; x_wconf 85' lang='lat' dir='ltr'><strong>frugis</strong></span> <span class='ocrx_word' id='word_1_702' title='bbox 1012 5465 1223 5536; x_wconf 88' lang='lat' dir='ltr'><strong>aliquid</strong></span> <span class='ocrx_word' id='word_1_703' title='bbox 1245 5477 1580 5520; x_wconf 86' lang='lat' dir='ltr'><strong>consecutus</strong></span> <span class='ocrx_word' id='word_1_704' title='bbox 1602 5465 1668 5519; x_wconf 92' lang='lat' dir='ltr'><strong>ad</strong></span> <span class='ocrx_word' id='word_1_705' title='bbox 1706 5479 1931 5519; x_wconf 90' lang='lat' dir='ltr'><strong>auream</strong></span> <span class='ocrx_word' id='word_1_706' title='bbox 1969 5479 2142 5534; x_wconf 89' lang='lat' dir='ltr'><strong>usque</strong></span> <span class='ocrx_word' id='word_1_707' title='bbox 2161 5478 2294 5532; x_wconf 87' lang='lat' dir='ltr'><strong>por-</strong></span> 
     </span>
    </p>
   </div>
   <div class='ocr_carea' id='block_1_103' title="bbox 713 5555 2298 5629">
    <p class='ocr_par' dir='ltr' id='par_1_103' title="bbox 713 5555 2298 5629">
     <span class='ocr_line' id='line_1_103' title="bbox 713 5555 2298 5629; baseline -0.003 -17"><span class='ocrx_word' id='word_1_708' title='bbox 713 5569 823 5612; x_wconf 75' lang='lat' dir='ltr'><strong>tum</strong></span> <span class='ocrx_word' id='word_1_709' title='bbox 855 5560 909 5612; x_wconf 90' lang='lat' dir='ltr'><strong>in</strong></span> <span class='ocrx_word' id='word_1_710' title='bbox 942 5558 1136 5614; x_wconf 89' lang='lat' dir='ltr'><strong>urbem</strong></span> <span class='ocrx_word' id='word_1_711' title='bbox 1178 5558 1462 5629; x_wconf 90' lang='lat' dir='ltr'><strong>profectus</strong></span> <span class='ocrx_word' id='word_1_712' title='bbox 1513 5567 1617 5614; x_wconf 90' lang='lat' dir='ltr'><strong>est.</strong></span> <span class='ocrx_word' id='word_1_713' title='bbox 1661 5558 2078 5627; x_wconf 58' lang='lat' dir='ltr'><strong>ingressuque,</strong></span> <span class='ocrx_word' id='word_1_714' title='bbox 2117 5555 2298 5610; x_wconf 83' lang='lat' dir='ltr'><strong>fessus</strong></span> 
     </span>
    </p>
   </div>
   <div class='ocr_carea' id='block_1_104' title="bbox 713 5642 2296 5723">
    <p class='ocr_par' dir='ltr' id='par_1_104' title="bbox 713 5642 2296 5723">
     <span class='ocr_line' id='line_1_104' title="bbox 713 5642 2296 5723; baseline -0.003 -17"><span class='ocrx_word' id='word_1_715' title='bbox 713 5669 776 5706; x_wconf 76' lang='lat' dir='ltr'><strong>ex</strong></span> <span class='ocrx_word' id='word_1_716' title='bbox 825 5652 1024 5706; x_wconf 86' lang='lat' dir='ltr'><strong>itinere</strong></span> <span class='ocrx_word' id='word_1_717' title='bbox 1080 5655 1221 5723; x_wconf 88' lang='lat' dir='ltr'><strong>(erat</strong></span> <span class='ocrx_word' id='word_1_718' title='bbox 1272 5655 1418 5707; x_wconf 85' lang='lat' dir='ltr'><strong>enim</strong></span> <span class='ocrx_word' id='word_1_719' title='bbox 1470 5652 1591 5707; x_wconf 82' lang='lat' dir='ltr'><strong>dies</strong></span> <span class='ocrx_word' id='word_1_720' title='bbox 1639 5650 1971 5714; x_wconf 88' lang='lat' dir='ltr'><strong>dominicus,</strong></span> <span class='ocrx_word' id='word_1_721' title='bbox 2002 5658 2056 5702; x_wconf 84' lang='lat' dir='ltr'><strong>et</strong></span> <span class='ocrx_word' id='word_1_722' title='bbox 2113 5647 2194 5702; x_wconf 90' lang='lat' dir='ltr'><strong>sol</strong></span> <span class='ocrx_word' id='word_1_723' title='bbox 2228 5642 2296 5701; x_wconf 91' lang='lat' dir='ltr'><strong>ad</strong></span> 
     </span>
    </p>
   </div>
   <div class='ocr_carea' id='block_1_105' title="bbox 2416 4633 3999 4705">
    <p class='ocr_par' dir='ltr' id='par_1_105' title="bbox 2416 4633 3999 4705">
     <span class='ocr_line' id='line_1_105' title="bbox 2416 4633 3999 4705; baseline 0.002 -16"><span class='ocrx_word' id='word_1_724' title='bbox 2416 4634 2680 4698; x_wconf 84' lang='grc' dir='ltr'><strong>’Δναστὰς</strong></span> <span class='ocrx_word' id='word_1_725' title='bbox 2701 4634 2756 4687; x_wconf 86' lang='grc' dir='ltr'><strong>δὲ</strong></span> <span class='ocrx_word' id='word_1_726' title='bbox 2790 4634 3119 4688; x_wconf 81' lang='grc' dir='ltr'><strong>Μακεδόνων</strong></span> <span class='ocrx_word' id='word_1_727' title='bbox 3146 4633 3431 4704; x_wconf 80' lang='grc' dir='ltr'><strong>νεώτερος,</strong></span> <span class='ocrx_word' id='word_1_728' title='bbox 3468 4634 3621 4687; x_wconf 87' lang='grc' dir='ltr'><strong>Λέων</strong></span> <span class='ocrx_word' id='word_1_729' title='bbox 3648 4637 3903 4705; x_wconf 78' lang='grc' dir='ltr'><strong>ὀνόματι,</strong></span> <span class='ocrx_word' id='word_1_730' title='bbox 3935 4640 3999 4692; x_wconf 72' lang='grc' dir='ltr'><strong>ἐκ</strong></span> 
     </span>
    </p>
   </div>
   <div class='ocr_carea' id='block_1_106' title="bbox 2403 4724 4002 4796">
    <p class='ocr_par' dir='ltr' id='par_1_106' title="bbox 2403 4724 4002 4796">
     <span class='ocr_line' id='line_1_106' title="bbox 2403 4724 4002 4796; baseline -0.001 -15"><span class='ocrx_word' id='word_1_731' title='bbox 2403 4728 2594 4796; x_wconf 86' lang='grc' dir='ltr'><strong>γένους</strong></span> <span class='ocrx_word' id='word_1_732' title='bbox 2617 4726 2727 4779; x_wconf 85' lang='grc' dir='ltr'><strong>τῶν</strong></span> <span class='ocrx_word' id='word_1_733' title='bbox 2759 4725 3092 4796; x_wconf 84' lang='grc' dir='ltr'><strong>Γωμοστῶν,</strong></span> <span class='ocrx_word' id='word_1_734' title='bbox 3122 4725 3180 4789; x_wconf 81' lang='grc' dir='ltr'><strong>ὃς</strong></span> <span class='ocrx_word' id='word_1_735' title='bbox 3216 4729 3356 4796; x_wconf 80' lang='grc' dir='ltr'><strong>μετὰ</strong></span> <span class='ocrx_word' id='word_1_736' title='bbox 3386 4724 3564 4779; x_wconf 78' lang='grc' dir='ltr'><strong>ταῦτα</strong></span> <span class='ocrx_word' id='word_1_737' title='bbox 3589 4727 3817 4793; x_wconf 83' lang='grc' dir='ltr'><strong>γέγονεν</strong></span> <span class='ocrx_word' id='word_1_738' title='bbox 3851 4730 4002 4780; x_wconf 71' lang='grc' dir='ltr'><strong>ἐται-</strong></span> 
     </span>
    </p>
   </div>
   <div class='ocr_carea' id='block_1_107' title="bbox 2405 4818 3998 4891">
    <p class='ocr_par' dir='ltr' id='par_1_107' title="bbox 2405 4818 3998 4891">
     <span class='ocr_line' id='line_1_107' title="bbox 2405 4818 3998 4891; baseline -0.001 -20"><span class='ocrx_word' id='word_1_739' title='bbox 2405 4819 2690 4891; x_wconf 81' lang='grc' dir='ltr'><strong>ρειάρχης,</strong></span> <span class='ocrx_word' id='word_1_740' title='bbox 2743 4819 2837 4872; x_wconf 79' lang='grc' dir='ltr'><strong>καὶ</strong></span> <span class='ocrx_word' id='word_1_741' title='bbox 2888 4818 3068 4888; x_wconf 73' lang='grc' dir='ltr'><strong>ἕτεροι</strong></span> <span class='ocrx_word' id='word_1_742' title='bbox 3123 4818 3421 4888; x_wconf 74' lang='grc' dir='ltr'><strong>ὀνομαστοὶ</strong></span> <span class='ocrx_word' id='word_1_743' title='bbox 3466 4818 3575 4870; x_wconf 81' lang='grc' dir='ltr'><strong>τῶν</strong></span> <span class='ocrx_word' id='word_1_744' title='bbox 3639 4819 3998 4882; x_wconf 70' lang='grc' dir='ltr'><strong>Μακεδένων,</strong></span> 
     </span>
    </p>
   </div>
   <div class='ocr_carea' id='block_1_108' title="bbox 2406 4908 4000 4980">
    <p class='ocr_par' dir='ltr' id='par_1_108' title="bbox 2406 4908 4000 4980">
     <span class='ocr_line' id='line_1_108' title="bbox 2406 4908 4000 4980; baseline 0 -18"><span class='ocrx_word' id='word_1_745' title='bbox 2406 4909 2644 4980; x_wconf 75' lang='grc' dir='ltr'><strong>ἔτρεψαν</strong></span> <span class='ocrx_word' id='word_1_746' title='bbox 2671 4909 2871 4972; x_wconf 77' lang='grc' dir='ltr'><strong>αὐτοὺς</strong></span> <span class='ocrx_word' id='word_1_747' title='bbox 2909 4909 3005 4963; x_wconf 72' lang='grc' dir='ltr'><strong>καὶ</strong></span> <span class='ocrx_word' id='word_1_748' title='bbox 3032 4908 3335 4979; x_wconf 71' lang='grc' dir='ltr'><strong>ἐξήλασαν·</strong></span> <span class='ocrx_word' id='word_1_749' title='bbox 3392 4909 3487 4962; x_wconf 74' lang='grc' dir='ltr'><strong>καὶ</strong></span> <span class='ocrx_word' id='word_1_750' title='bbox 3545 4909 4000 4979; x_wconf 69' lang='grc' dir='ltr'><strong>ὑποστρέψαντες</strong></span> 
     </span>
    </p>
   </div>
   <div class='ocr_carea' id='block_1_109' title="bbox 2404 4998 4002 5072">
    <p class='ocr_par' dir='ltr' id='par_1_109' title="bbox 2404 4998 4002 5072">
     <span class='ocr_line' id='line_1_109' title="bbox 2404 4998 4002 5072; baseline -0.001 -18"><span class='ocrx_word' id='word_1_751' title='bbox 2404 4998 2653 5072; x_wconf 74' lang='grc' dir='ltr'><strong>εἰσῆλθον</strong></span> <span class='ocrx_word' id='word_1_752' title='bbox 2712 5003 2792 5065; x_wconf 85' lang='grc' dir='ltr'><strong>είς</strong></span> <span class='ocrx_word' id='word_1_753' title='bbox 2820 5000 2890 5054; x_wconf 84' lang='grc' dir='ltr'><strong>τὰ</strong></span> <span class='ocrx_word' id='word_1_754' title='bbox 2934 5001 3117 5064; x_wconf 83' lang='grc' dir='ltr'><strong>πλοῖα,</strong></span> <span class='ocrx_word' id='word_1_755' title='bbox 3169 5001 3265 5053; x_wconf 72' lang='grc' dir='ltr'><strong>καὶ</strong></span> <span class='ocrx_word' id='word_1_756' title='bbox 3314 4999 3685 5070; x_wconf 73' lang='grc' dir='ltr'><strong>ἀπεσώθησαν</strong></span> <span class='ocrx_word' id='word_1_757' title='bbox 3711 5003 3854 5065; x_wconf 74' lang='grc' dir='ltr'><strong>πρὸς</strong></span> <span class='ocrx_word' id='word_1_758' title='bbox 3910 5004 4002 5053; x_wconf 69' lang='grc' dir='ltr'><strong>τὸν</strong></span> 
     </span>
    </p>
   </div>
   <div class='ocr_carea' id='block_1_110' title="bbox 2406 5084 4003 5163">
    <p class='ocr_par' dir='ltr' id='par_1_110' title="bbox 2406 5084 4003 5163">
     <span class='ocr_line' id='line_1_110' title="bbox 2406 5084 4003 5163; baseline -0.003 -16"><span class='ocrx_word' id='word_1_759' title='bbox 2406 5091 2652 5163; x_wconf 82' lang='grc' dir='ltr'><strong>βασιλέα,</strong></span> <span class='ocrx_word' id='word_1_760' title='bbox 2690 5084 2786 5145; x_wconf 67' lang='grc' dir='ltr'><strong>καὶ</strong></span> <span class='ocrx_word' id='word_1_761' title='bbox 2802 5091 3247 5162; x_wconf 82' lang='grc' dir='ltr'><strong>φιλοτιμηθέντες</strong></span> <span class='ocrx_word' id='word_1_762' title='bbox 3279 5092 3408 5162; x_wconf 78' lang='grc' dir='ltr'><strong>παρ’</strong></span> <span class='ocrx_word' id='word_1_763' title='bbox 3435 5091 3600 5145; x_wconf 79' lang='grc' dir='ltr'><strong>αὑτοῦ</strong></span> <span class='ocrx_word' id='word_1_764' title='bbox 3642 5093 4003 5162; x_wconf 66' lang='grc' dir='ltr'><strong>ὑπέστρεψαν</strong></span> 
     </span>
    </p>
   </div>
   <div class='ocr_carea' id='block_1_111' title="bbox 2406 5182 4001 5255">
    <p class='ocr_par' dir='ltr' id='par_1_111' title="bbox 2406 5182 4001 5255">
     <span class='ocr_line' id='line_1_111' title="bbox 2406 5182 4001 5255; baseline -0.001 -17"><span class='ocrx_word' id='word_1_765' title='bbox 2406 5185 2484 5249; x_wconf 84' lang='grc' dir='ltr'><strong>εἰς</strong></span> <span class='ocrx_word' id='word_1_766' title='bbox 2516 5185 2875 5249; x_wconf 77' lang='grc' dir='ltr'><strong>Μακεδονίαν,</strong></span> <span class='ocrx_word' id='word_1_767' title='bbox 2904 5186 2983 5247; x_wconf 82' lang='grc' dir='ltr'><strong>είς</strong></span> <span class='ocrx_word' id='word_1_768' title='bbox 3017 5186 3117 5254; x_wconf 82' lang='grc' dir='ltr'><strong>τὴν</strong></span> <span class='ocrx_word' id='word_1_769' title='bbox 3146 5184 3284 5237; x_wconf 87' lang='grc' dir='ltr'><strong>ἰδίαν</strong></span> <span class='ocrx_word' id='word_1_770' title='bbox 3325 5183 3512 5255; x_wconf 80' lang='grc' dir='ltr'><strong>χώραν</strong></span> <span class='ocrx_word' id='word_1_771' title='bbox 3555 5185 3759 5237; x_wconf 80' lang='grc' dir='ltr'><strong>αὐτῶν.</strong></span> <span class='ocrx_word' id='word_1_772' title='bbox 3789 5182 3897 5237; x_wconf 76' lang='grc' dir='ltr'><strong>Ἤν</strong></span> <span class='ocrx_word' id='word_1_773' title='bbox 3944 5187 4001 5237; x_wconf 75' lang='grc' dir='ltr'><strong>δὲ</strong></span> 
     </span>
    </p>
   </div>
   <div class='ocr_carea' id='block_1_112' title="bbox 2404 5272 4002 5348">
    <p class='ocr_par' dir='ltr' id='par_1_112' title="bbox 2404 5272 4002 5348">
     <span class='ocr_line' id='line_1_112' title="bbox 2404 5272 4002 5348; baseline -0.001 -18"><span class='ocrx_word' id='word_1_774' title='bbox 2404 5276 2527 5330; x_wconf 86' lang='grc' dir='ltr'><strong>τότε</strong></span> <span class='ocrx_word' id='word_1_775' title='bbox 2559 5275 2843 5340; x_wconf 82' lang='grc' dir='ltr'><strong>Βασίλειος</strong></span> <span class='ocrx_word' id='word_1_776' title='bbox 2871 5277 2946 5340; x_wconf 88' lang='grc' dir='ltr'><strong>ὼς</strong></span> <span class='ocrx_word' id='word_1_777' title='bbox 2974 5272 3114 5330; x_wconf 74' lang='grc' dir='ltr'><strong>εἶναι</strong></span> <span class='ocrx_word' id='word_1_778' title='bbox 3159 5277 3228 5329; x_wconf 79' lang='grc' dir='ltr'><strong>τὰ</strong></span> <span class='ocrx_word' id='word_1_779' title='bbox 3258 5275 3354 5348; x_wconf 70' lang='grc' dir='ltr'><strong>ἔτη</strong></span> <span class='ocrx_word' id='word_1_780' title='bbox 3411 5276 3577 5330; x_wconf 76' lang='grc' dir='ltr'><strong>αὑτοῦ</strong></span> <span class='ocrx_word' id='word_1_781' title='bbox 3608 5284 3709 5329; x_wconf 82' lang='grc' dir='ltr'><strong>κε’.</strong></span> <span class='ocrx_word' id='word_1_782' title='bbox 3761 5279 4002 5330; x_wconf 68' lang='grc' dir='ltr'><strong>Ἀποκα-</strong></span> 
     </span>
    </p>
   </div>
   <div class='ocr_carea' id='block_1_113' title="bbox 2402 5369 4002 5441">
    <p class='ocr_par' dir='ltr' id='par_1_113' title="bbox 2402 5369 4002 5441">
     <span class='ocr_line' id='line_1_113' title="bbox 2402 5369 4002 5441; baseline -0.001 -20"><span class='ocrx_word' id='word_1_783' title='bbox 2402 5370 2692 5433; x_wconf 76' lang='grc' dir='ltr'><strong>τασταθεὶς</strong></span> <span class='ocrx_word' id='word_1_784' title='bbox 2733 5370 2788 5424; x_wconf 82' lang='grc' dir='ltr'><strong>δὲ</strong></span> <span class='ocrx_word' id='word_1_785' title='bbox 2837 5371 2897 5423; x_wconf 76' lang='grc' dir='ltr'><strong>ἐν</strong></span> <span class='ocrx_word' id='word_1_786' title='bbox 2941 5372 3008 5440; x_wconf 81' lang='grc' dir='ltr'><strong>τῇ</strong></span> <span class='ocrx_word' id='word_1_787' title='bbox 3072 5370 3180 5441; x_wconf 73' lang='grc' dir='ltr'><strong>ἰδίᾳ</strong></span> <span class='ocrx_word' id='word_1_788' title='bbox 3211 5369 3367 5440; x_wconf 75' lang='grc' dir='ltr'><strong>χώρᾳ</strong></span> <span class='ocrx_word' id='word_1_789' title='bbox 3418 5371 3842 5439; x_wconf 78' lang='grc' dir='ltr'><strong>προσεκολλήθη</strong></span> <span class='ocrx_word' id='word_1_790' title='bbox 3879 5371 4002 5422; x_wconf 63' lang='grc' dir='ltr'><strong>δου-</strong></span> 
     </span>
    </p>
   </div>
   <div class='ocr_carea' id='block_1_114' title="bbox 2402 5463 3998 5536">
    <p class='ocr_par' dir='ltr' id='par_1_114' title="bbox 2402 5463 3998 5536">
     <span class='ocr_line' id='line_1_114' title="bbox 2402 5463 3998 5536; baseline -0.001 -20"><span class='ocrx_word' id='word_1_791' title='bbox 2402 5463 2580 5517; x_wconf 79' lang='grc' dir='ltr'><strong>λεύειν</strong></span> <span class='ocrx_word' id='word_1_792' title='bbox 2604 5463 2896 5536; x_wconf 79' lang='grc' dir='ltr'><strong>στρατηγῷ</strong></span> <span class='ocrx_word' id='word_1_793' title='bbox 2926 5464 3268 5526; x_wconf 84' lang='grc' dir='ltr'><strong>Μακεδονίας</strong></span> <span class='ocrx_word' id='word_1_794' title='bbox 3305 5463 3386 5534; x_wconf 81' lang='grc' dir='ltr'><strong>τῷ</strong></span> <span class='ocrx_word' id='word_1_795' title='bbox 3406 5463 3691 5533; x_wconf 79' lang='grc' dir='ltr'><strong>λεγομένῳ</strong></span> <span class='ocrx_word' id='word_1_796' title='bbox 3722 5465 3998 5531; x_wconf 70' lang='grc' dir='ltr'><strong>Τξανῖζη.</strong></span> 
     </span>
    </p>
   </div>
   <div class='ocr_carea' id='block_1_115' title="bbox 2405 5552 4001 5628">
    <p class='ocr_par' dir='ltr' id='par_1_115' title="bbox 2405 5552 4001 5628">
     <span class='ocr_line' id='line_1_115' title="bbox 2405 5552 4001 5628; baseline -0.003 -17"><span class='ocrx_word' id='word_1_797' title='bbox 2405 5559 2516 5611; x_wconf 71' lang='grc' dir='ltr'><strong>Καὶ</strong></span> <span class='ocrx_word' id='word_1_798' title='bbox 2555 5558 2723 5628; x_wconf 83' lang='grc' dir='ltr'><strong>μηδὲν</strong></span> <span class='ocrx_word' id='word_1_799' title='bbox 2757 5559 2888 5628; x_wconf 89' lang='grc' dir='ltr'><strong>παρ’</strong></span> <span class='ocrx_word' id='word_1_800' title='bbox 2920 5558 3086 5611; x_wconf 82' lang='grc' dir='ltr'><strong>αὐτοῦ</strong></span> <span class='ocrx_word' id='word_1_801' title='bbox 3119 5557 3426 5626; x_wconf 71' lang='grc' dir='ltr'><strong>ὠφεληθεὶς</strong></span> <span class='ocrx_word' id='word_1_802' title='bbox 3461 5552 3630 5627; x_wconf 78' lang='grc' dir='ltr'><strong>ἦλθεν</strong></span> <span class='ocrx_word' id='word_1_803' title='bbox 3664 5560 3722 5610; x_wconf 67' lang='grc' dir='ltr'><strong>ἐν</strong></span> <span class='ocrx_word' id='word_1_804' title='bbox 3749 5561 3814 5627; x_wconf 76' lang='grc' dir='ltr'><strong>τῇ</strong></span> <span class='ocrx_word' id='word_1_805' title='bbox 3844 5560 4001 5610; x_wconf 54' lang='lat' dir='ltr'><strong>mir.</strong></span> 
     </span>
    </p>
   </div>
   <div class='ocr_carea' id='block_1_116' title="bbox 2411 5643 4001 5724">
    <p class='ocr_par' dir='ltr' id='par_1_116' title="bbox 2411 5643 4001 5724">
     <span class='ocr_line' id='line_1_116' title="bbox 2411 5643 4001 5724; baseline -0.012 -6"><span class='ocrx_word' id='word_1_806' title='bbox 2411 5643 2575 5722; x_wconf 76' lang='grc' dir='ltr'><strong>μέχρι</strong></span> <span class='ocrx_word' id='word_1_807' title='bbox 2605 5654 2705 5722; x_wconf 79' lang='grc' dir='ltr'><strong>τῆς</strong></span> <span class='ocrx_word' id='word_1_808' title='bbox 2741 5651 2967 5722; x_wconf 81' lang='grc' dir='ltr'><strong>Χρυσῆς</strong></span> <span class='ocrx_word' id='word_1_809' title='bbox 3009 5652 3239 5724; x_wconf 80' lang='grc' dir='ltr'><strong>πόρτης.</strong></span> <span class='ocrx_word' id='word_1_810' title='bbox 3273 5650 3544 5706; x_wconf 81' lang='grc' dir='ltr'><strong>Εἰσελθὼν</strong></span> <span class='ocrx_word' id='word_1_811' title='bbox 3603 5654 4001 5720; x_wconf 39' lang='lat' dir='ltr'><strong>nmmos-ix..-</strong></span> 
     </span>
    </p>
   </div>
   <div class='ocr_carea' id='block_1_117' title="bbox 2026 5735 2710 5797">
    <p class='ocr_par' dir='ltr' id='par_1_117' title="bbox 2026 5735 2710 5797">
     <span class='ocr_line' id='line_1_117' title="bbox 2026 5735 2710 5797; baseline 0.016 -11"><span class='ocrx_word' id='word_1_812' title='bbox 2026 5735 2260 5791; x_wconf 59' lang='lat' dir='ltr'><strong>VARHE</strong></span> <span class='ocrx_word' id='word_1_813' title='bbox 2302 5735 2710 5797; x_wconf 66' lang='lat' dir='ltr'><strong>LEC&#39;I‘lONES.</strong></span> 
     </span>
    </p>
   </div>
   <div class='ocr_carea' id='block_1_118' title="bbox 785 5827 2403 5900">
    <p class='ocr_par' dir='ltr' id='par_1_118' title="bbox 785 5827 2403 5900">
     <span class='ocr_line' id='line_1_118' title="bbox 785 5827 2403 5900; baseline -0.009 -5"><span class='ocrx_word' id='word_1_814' title='bbox 785 5835 828 5866; x_wconf 80' lang='grc'><strong>⁷⁸</strong></span> <span class='ocrx_word' id='word_1_815' title='bbox 850 5835 1172 5894; x_wconf 53' lang='grc' dir='ltr'><strong>εἶπέκτεινον</strong></span> <span class='ocrx_word' id='word_1_816' title='bbox 1207 5835 1262 5888; x_wconf 78' lang='grc' dir='ltr'><strong>Ρ.</strong></span> <span class='ocrx_word' id='word_1_817' title='bbox 1339 5834 1384 5865; x_wconf 75' lang='grc'><strong>⁸⁸</strong></span> <span class='ocrx_word' id='word_1_818' title='bbox 1418 5832 1511 5886; x_wconf 66' lang='grc' dir='ltr'><strong>καὶ</strong></span> <span class='ocrx_word' id='word_1_819' title='bbox 1551 5848 1661 5886; x_wconf 83' lang='lat' dir='ltr'><strong>om.</strong></span> <span class='ocrx_word' id='word_1_820' title='bbox 1701 5829 1760 5887; x_wconf 76' lang='grc' dir='ltr'><strong>Ρ,</strong></span> <span class='ocrx_word' id='word_1_821' title='bbox 1839 5831 1880 5862; x_wconf 75' lang='grc'><strong>³³</strong></span> <span class='ocrx_word' id='word_1_822' title='bbox 1916 5827 2095 5900; x_wconf 57' lang='lat' dir='ltr'><strong>soi/toi</strong></span> <span class='ocrx_word' id='word_1_823' title='bbox 2124 5828 2224 5883; x_wconf 80' lang='grc' dir='ltr'><strong>ποῦ</strong></span> <span class='ocrx_word' id='word_1_824' title='bbox 2246 5846 2300 5881; x_wconf 75' lang='grc' dir='ltr'><strong>τε</strong></span> <span class='ocrx_word' id='word_1_825' title='bbox 2340 5828 2403 5887; x_wconf 89' lang='grc' dir='ltr'><strong>Ρ.</strong></span> 
     </span>
    </p>
   </div>
  </div>
