4158 6438
159 425 269 487 885

1264 434 1458 492 Vl'l‘JE
1498 434 2052 496 RECENTIORUM
2096 438 2298 499 Dll‘l’.

3327 448 3430 508 886

160 535 252 591 τὸν
300 531 450 600 νόὗν,
506 538 597 589 καὶ
640 539 746 592 ὑπὸ
790 541 1105 612 ἐκπλήξεως
1152 543 1515 611 ἁψαιρεθεῖσα
1573 546 1665 598 καὶ
1691 546 1750 599 τὸ

1855 546 2091 617 deiecta,
2126 548 2270 601 haud
2295 551 2425 604 satis
2448 568 2513 604 e.\
2546 554 2628 606 sui
2661 555 2875 609 ratione
2903 570 2965 608 ac
2989 556 3257 625 dignitate
3296 573 3431 611 con-

160 632 400 699 φρονεῖν,
430 631 627 697 ἀνάξια
661 632 863 703 ἑαυτῆς
895 635 1315 700 κατασκευάζει,
1355 635 1551 707 βουλὴν
1606 640 1748 691 κατὰ

161 717 348 788 Βάρδα
382 720 769 793 βουλευομένη,
800 726 897 780 σὺν
929 725 1149 790 πολλοῖς
1180 725 1276 781 καὶ
1302 726 1487 791 ἄλλοις
1546 728 1749 798 σχοῦσα

158 814 418 869 κοινωνὸν
446 817 541 869 κα)⁵
564 815 659 870 τοῦ
680 817 946 887 βασιλέως
972 819 1064 873 τὸν
1088 820 1573 891 πρωτοστράτορα,
1598 822 1748 887 ὅπως

160 905 571 976 ὑποστρέφοντα
606 909 819 980 Βάρδαν
844 911 955 965 ἀπὸ
981 911 1073 965 τοῦ
1104 911 1427 983 προαστείου
1460 912 1624 967 αὑτοῦ
1652 914 1747 968 τοῦ

159 999 461 1068 Κοσμιδίου
495 1002 869 1075 άναιρήσωσιν
892 1004 1076 1060 αὐτόν.
1108 1002 1210 1059 Ὠν
1234 1008 1268 1076 ή
1299 1008 1498 1078 μελέτη
1526 1009 1633 1080 πρὸ
1652 1009 1747 1062 τοῦ

160 1088 326 1159 ἔργου
362 1094 741 1166 φανερωθεῖσα
770 1098 905 1151 κατ’
934 1099 1160 1153 ἐκείνων
1188 1100 1299 1154 τῶν
1332 1101 1748 1172 μελετησάντων

156 1182 218 1236 τὸ
234 1183 406 1237 κακὸν
430 1185 733 1259 ἐξενήνοχε·
761 1190 1110 1260 φωραθέντες
1140 1192 1249 1265 γὰρ
1276 1194 1370 1247 καὶ
1394 1194 1749 1264 κατασχεθέν-

155 1292 251 1339 τες
302 1278 364 1331 ὲν
424 1282 489 1350 τῇ
561 1281 823 1354 σφενδόνῃ
869 1285 967 1346 τὰς
1030 1286 1275 1355 κεφαλάς
1324 1288 1743 1360 ἀπετμήθησαν.

156 1368 271 1421 Καὶ
301 1370 667 1441 προϐάλλεται
717 1376 937 1447 Μιχαὴλ
996 1376 1088 1430 τὸν
1144 1377 1426 1433 Βασίλειον
1476 1380 1598 1434 ἀντὶ
1650 1382 1747 1435 τοῦ

154 1460 584 1531 τελευτήσαντος
614 1469 1101 1539 πρωτοστράτορα,
1131 1471 1333 1541 ὁμοίως
1383 1489 1477 1525 και
1534 1473 1746 1544 Βάρδαν

154 1553 250 1607 τὸν
282 1555 429 1610 θεῖον
452 1559 617 1613 αὑτοῦ
654 1564 1090 1635 κουροπαλάτην.

228 1648 315 1701 ιε’.
352 1650 556 1704 Ἐπεσε
584 1653 705 1706 τότε
726 1656 874 1719 κόνις
902 1657 966 1710 ἐκ
985 1658 1079 1710 τοῦ
1102 1657 1335 1729 οὐρανοῦ
1355 1662 1747 1731 κατενεχθεῖσα

153 1741 251 1793 ἐπὶ
282 1742 409 1805 τοὺς
437 1746 718 1815 κεράμους
756 1749 1073 1821 αἱματώδης
1116 1752 1332 1823 πλήρης
1360 1770 1375 1784 ·
1412 1754 1506 1807 καὶ
1558 1756 1746 1809 πολλοὶ

153 1830 419 1902 εὕρισκον
456 1835 638 1900 λίθους
663 1840 722 1893 ἐν
747 1842 863 1904 ταῖς
881 1842 1020 1906 ὁδοῖς
1052 1844 1082 1913 ῆ
1127 1845 1331 1914 κήποις
1380 1845 1644 1917 ὲρυθροὶς
1669 1847 1745 1912 ὡς

152 1917 319 1993 αἷμα.
366 1928 740 1995 Προϐάλλεται
780 1932 837 1986 δὲ
888 1935 1105 2005 Μιχαὴλ
1152 1914 1455 2005 Ἀντίγονον
1498 1914 1590 1992 τὸν
1632 1938 1746 1991 υἱὸν
1780 1914 1821 1969 Β

156 2019 340 2091 Βάρδα
357 2023 676 2094 δομέστικον
693 2028 800 2082 τῶν
812 2031 1040 2102 σχολῶν.
1059 2033 1163 2085 Τὸν
1176 2033 1231 2087 δὲ
1245 2034 1330 2087 ἒτε
1341 2052 1433 2105 ρον
1445 2054 1473 2088 υ
1484 2036 1561 2089 Iov
1578 2038 1742 2089 αὑτοῦ

151 2112 280 2177 δοὺς
312 2119 571 2184 γυναῖκα,
602 2122 680 2183 είς
738 2124 806 2194 ἣν
837 2125 932 2177 καὶ
993 2126 1332 2197 ἐλοιδορεῖτο,
1379 2131 1745 2201 προϐάλλεται

156 2209 569 2280 μονοσράτηγον
586 2212 695 2267 τῶν
712 2216 977 2271 Δυτικῶν.
997 2220 1281 2290 Συντόμως
1301 2221 1357 2275 δὲ
1385 2221 1551 2277 αὑτοῦ
1565 2224 1745 2279 τελευ-

151 2300 442 2365 τήσαντος,
510 2306 578 2373 τῇ
625 2304 682 2359 δὲ
750 2306 846 2361 τοῦ
897 2310 1322 2384 διακαινησίμου
1382 2317 1745 2387 προϐάλλεται

150 2386 374 2459 Μιχαὴλ
396 2390 607 2463 Βάρδαν
627 2394 718 2449 τὸν
745 2398 887 2452 θεῖον
916 2401 1084 2455 αὑτοῦ
1117 2405 1388 2472 Καίσαρα⁶
1420 2386 1477 2471 ὃς
1500 2410 1595 2464 ἐπὶ
1649 2412 1747 2484 ἆρ-

154 2496 331 2547 ματος
361 2486 654 2555 πορευθεὶς
683 2489 884 2546 ἔδωκεν
919 2494 1193 2550 ὑπατείαν
1226 2502 1289 2571 τῇ
1328 2501 1494 2575 μέσῃ.

224 2574 328 2639 ις’.
377 2575 603 2649 Ἐξῆλθε
631 2582 688 2636 δὲ
714 2584 742 2636 ὁ
774 2585 977 2657 Ἀμερ,
1013 2590 1107 2643 καὶ
1133 2592 1365 2663 κατῆλθε
1388 2574 1549 2666 μέχρι
1578 2597 1746 2650 Σινώ-

151 2683 288 2737 πης,
320 2670 652 2744 ληϊσάμενος
683 2676 861 2731 πάντα
900 2681 968 2736 τά
1013 2683 1123 2736 τῶν
1165 2684 1471 2757 Ῥωμαίων·
1499 2691 1592 2742 καὶ
1641 2690 1748 2743 ὑπ·-

152 2758 387 2852 εστρεψε
422 2764 498 2835 μὴ
512 2767 880 2839 καταληφθεὶς
909 2773 1015 2827 ὑπὸ
1044 2775 1139 2829 τοῦ
1168 2776 1472 2847 Ῥωμαϊκοῦ
1492 2782 1744 2852 στρατοῦ.

153 2849 595 2926 Ἐκστρατεὺσας
609 2860 662 2914 δὲ
683 2863 904 2935 Μιχαὴλ
925 2865 1042 2937 ἅμα
1069 2867 1243 2941 Βάρδᾳ
1266 2873 1506 2945 Καίσαρι
1532 2849 1745 2947 κίνησιν

154 2949 303 3040 ποιεί
332 2949 473 3004 κατὰ
495 2953 715 3024 Μιχαὴλ
735 2956 995 3027 ἄρχοντος
1024 2960 1362 3033 Βουλγαρίας
1409 2966 1500 3021 διά
1525 2985 1584 3021 τε
1645 2971 1749 3040 γῆς

155 3039 249 3090 καὶ
275 3038 575 3111 θαλάσσης,
607 3045 795 3114 μαθὼν
812 3047 870 3101 τὸ
904 3049 1013 3103 τῶν
1043 3049 1371 3125 Βουλγάρων
1420 3056 1571 3123 ἔθνος
1603 3038 1749 3134 λιμῷ

152 3132 444 3227 τήκεσθαι.
478 3137 542 3190 Ol
564 3136 621 3191 δὲ
652 3137 951 3214 Βοιὶλγαροι
986 3143 1145 3199 τοῦτο
1178 3148 1442 3219 μαθόντες
1492 3152 1569 3218 ὡς
1614 3132 1749 3227 ἦχον

156 3223 391 3337 βροντῆς
424 3227 797 3337 ὑπεκλίθησαν
829 3236 926 3291 καὶ
958 3239 1064 3309 πρὸ
1085 3241 1195 3294 τῶν
1222 3242 1450 3311 ἀγώνων
1494 3247 1591 3299 καὶ
1639 3223 1751 3319 τῆς
1780 3276 1823 3337 C

160 3319 347 3390 μάχης
380 3324 636 3396 περὶτῆς
667 3327 823 3399 νίκης
869 3331 1219 3401 ἀπέγνωσαν,
1274 3338 1367 3390 καὶ
1434 3340 1752 3409 Χριστιανοὶ

159 3413 423 3480 γενέσθαι
448 3416 543 3471 καὶ
567 3420 963 3479 ὑποτάττεσθαι
992 3426 1071 3499 τῷ
1098 3426 1309 3498 βασιλεῖ
1332 3430 1427 3485 καὶ
1458 3432 1751 3503 Ῥωμαίοις

160 3506 456 3576 ᾐτήσαντο.
505 3510 565 3565 ὐ
586 3512 642 3567 δὲ
699 3516 919 3589 Μιχαὴλ
972 3518 1069 3580 τὸν
1129 3522 1228 3591 μὲν
1266 3524 1501 3594 ἄρχοντα
1572 3526 1753 3581 αὐτῶν

160 3596 437 3666 βαπτίσας
469 3605 563 3659 καὶ
606 3606 901 3677 δεξάμενος
951 3610 1223 3682 ἐπέθηκεν
1285 3614 1447 3667 αὑτὸν
1488 3614 1549 3667 τδ
1582 3616 1748 3671 αὑτοῦ

159 3690 356 3761 ὄνομα,
390 3696 517 3761 τοὺς
549 3698 606 3751 δὲ
630 3703 960 3769 μεγιστᾶνας
987 3704 1153 3758 αὑτοῦ
1173 3706 1237 3759 ὲν
1257 3708 1323 3777 τῇ
1352 3708 1508 3760 πόλει
1527 3708 1751 3777 ἀγαγὼν

159 3786 463 3843 ὶδάπτισεν
492 3792 710 3860 αὐτοὺς,
732 3795 919 3848 ἔκτοτε
940 3797 1241 3869 γενομένης
1260 3799 1484 3870 εἰρήνης
1507 3800 1748 3871 βαθείας.

230 4061 319 4130 ιζ’.
338 4063 447 4119 Τὸν
471 4065 724 4137 δὲ’Δμερ
754 4065 1035 4131 ἐξελθόντα
1064 4067 1204 4120 κατά
1228 4068 1539 4137 Ῥωμανίας
1556 4086 1750 4139 στρατ-

160 4160 371 4229 ηλάτης
391 4156 468 4211 ὣν
495 4159 594 4229 τῆς
626 4158 923 4228 Ἀνατολῆς
948 4161 1237 4229 Πετρωνᾶς
1268 4161 1364 4214 καὶ
1398 4160 1592 4231 Νάσαρ
1639 4161 1751 4216 τῶν

160 4248 588 4319 βουκελλαρίων,
644 4248 733 4322 [Ρ.
791 4249 942 4323 533.]
982 4252 1314 4322 λοχήσαντες
1338 4252 1435 4322 τὴν
1466 4252 1566 4321 τῆς
1619 4254 1750 4307 ὑπο-

153 4342 399 4411 στροφῆς
428 4342 591 4397 αὑτοῦ
610 4343 943 4396 συναντῶσιν
964 4344 1114 4415 αὐτῷ
1141 4346 1220 4408 εἰς
1249 4344 1342 4398 τὸν
1374 4344 1739 4411 Λαλακάωνα,

152 4433 251 4485 καὶ
278 4432 556 4505 ωμόολῆς
585 4434 890 4504 γενομένης
928 4434 1221 4505 τρέπουσιν
1251 4436 1453 4505 Ἀμερ,
1490 4438 1584 4488 καὶ
1601 4440 1747 4507 φυγῇ

155 4525 509 4596 χρησάμενον
534 4527 863 4581 καταδιώκει
896 4527 1061 4581 αὐτόν
1094 4545 1178 4590 τις
1211 4528 1320 4581 τῶν
1346 4530 1624 4599 κομήτων,
1650 4530 1747 4583 καὶ

1850 638 2035 692 silium
2065 638 2168 691 iuit
2203 640 2465 695 adversus
2506 642 2762 708 Bardam,
2798 645 2924 701 aliis
2969 664 3187 716 quoque
3244 650 3436 705 multis

1849 730 2129 784 communi
2165 731 2566 800 conjuratione,
2596 736 2811 789 socium
2872 738 3049 806 ipsum
3076 754 3294 808 quoque
3328 742 3432 795 im-

1849 821 2123 889 peratoris
2153 831 2617 891 protostratorem
2650 827 2883 882 habens.
2926 830 3074 886 luco
3123 832 3434 901 eonjuratio

1847 920 1969 967 erat
2002 922 2061 967 ut
2092 913 2325 969 Bardam
2352 931 2419 970 ex
2450 917 2771 974 suburbano
2790 935 2895 975 suo
2917 931 3318 984 revertentem.
3341 923 3435 980 cui

1847 1004 2109 1061 Cosmidii
2146 1023 2369 1073 nomen,
2401 1009 2799 1068 interﬁcerent.
2842 1014 3066 1071 Detecta
3101 1017 3178 1070 rei
3197 1019 3430 1082 molitio,

1850 1094 2176 1164 priusquam
2226 1112 2319 1153 res
2359 1108 2739 1169 praestaretur,
2794 1105 3063 1163 adversus
3120 1108 3269 1177 ipsos
3334 1111 3431 1179 qui

1851 1186 2024 1240 moliti
2047 1198 2233 1243 essent
2258 1192 2456 1246 avertit
2484 1207 2707 1249 noxam.
2736 1196 3074 1267 Deprehensi
3109 1216 3349 1271 namque
3370 1218 3435 1257 ac

1849 1280 1987 1332 tenti
2017 1279 2071 1333 in
2088 1280 2232 1337 Circi
2258 1282 2428 1339 funda
2442 1288 2626 1357 capita
2646 1299 2974 1359 posuerunt.
2991 1292 3253 1347 Basilium
3267 1294 3441 1367 824

1848 1370 2078 1426 Michael
2106 1374 2367 1429 exstincti
2398 1377 2522 1431 loco
2549 1388 2947 1448 prostratorem
2978 1382 3252 1453 pmiicit;
3282 1387 3433 1440 simi-

1848 1463 1977 1518 liter
2015 1466 2184 1521 etiam
2244 1467 2499 1537 Bardam,
2551 1475 2890 1527 avunculum
2926 1490 3113 1541 smn»,
3139 1479 3437 1546 curopala-

1851 1565 1979 1609 tam.

1920 1648 2004 1702 l5.
2032 1649 2248 1705 Cecidit
2278 1661 2409 1707 tunc
2439 1656 2621 1723 pulvis
2650 1672 2680 1711 e
2703 1658 2868 1722 cado,
2898 1659 3121 1716 delatus
3145 1662 3198 1716 in
3222 1663 3433 1732 tegulas

1848 1754 1911 1794 ac
1932 1740 2137 1796 lateres
2168 1751 2317 1798 totus
2340 1756 2631 1802 cruentus.
2663 1748 2878 1804 Inventi
2912 1767 2941 1806 a
2984 1754 3172 1807 multis
3223 1755 3434 1823 lapides

1848 1832 1903 1887 in
1948 1834 2037 1889 via
2093 1846 2189 1891 aut
2226 1837 2404 1894 hortis
2436 1840 2592 1895 rubri
2647 1842 2852 1899 coloris
2908 1844 3086 1900 instar
3127 1847 3433 1918 sanguinis.

1851 1928 2080 1985 Michael
2110 1932 2451 2003 Antigonum
2493 1934 2681 1990 Barda:
2736 1936 2910 1992 lilium
2969 1940 3287 1995 scholarum
3338 1939 3434 1994 do-

1847 2022 2137 2078 mestieum
2163 2026 2427 2095 praefecit.
2467 2028 2639 2083 Alteri
2696 2029 2936 2085 ﬁliorum
2987 2033 3193 2088 Bai-das
3252 2034 3434 2105 jungit

1847 2115 2159 2186 coniugem,
2190 2134 2430 2188 quacum
2462 2122 2619 2177 make
2677 2122 2758 2177 rei
2807 2124 3053 2194 suspicio
3100 2126 3431 2182 habebatur.

1847 2206 2078 2264 Michael
2118 2210 2393 2267 dominica
2427 2222 2551 2283 post
2574 2214 2782 2270 Pascha
2826 2215 3060 2271 Bardam
3099 2219 3431 2273 avunculum

1848 2317 2012 2357 suum
2042 2314 2195 2360 creat
2222 2304 2528 2373 Cazsarem;
2559 2307 2653 2378 qui
2686 2324 2856 2363 curru
2893 2318 3086 2365 vectus
3119 2311 3437 2367 consularia

1848 2409 1948 2464 per
1978 2396 2217 2452 mediam
2236 2398 2428 2456 urbem
2455 2401 2661 2471 sparsit
2686 2417 2937 2458 munera.

1924 2577 2009 2634 16.
2031 2578 2301 2649 Egressus
2322 2596 2491 2651 porro
2513 2583 2682 2639 Amer
2709 2583 2969 2654 Sinopem
3000 2601 3177 2655 usque
3200 2586 3437 2642 descen-

1852 2666 1957 2731 dit,
2006 2677 2229 2724 vastans
2272 2672 2455 2726 omnia
2504 2688 2567 2728 ac
2620 2673 2922 2744 diripiens,
2992 2691 3115 2744 qua:
3178 2677 3440 2731 Romana:

1851 2771 2040 2818 essent
2078 2763 2346 2830 ditionis;
2379 2779 2748 2837 reversusque
2776 2775 2883 2833 est,
2921 2782 3051 2824 cum
3080 2783 3209 2825 eum
3236 2770 3440 2827 Roma-

1852 2871 1961 2912 nus
2004 2858 2286 2913 exercitus
2329 2859 2559 2915 minime
2600 2870 2887 2918 assecutus
2937 2870 3107 2919 esset.
3170 2862 3438 2935 Suscepta

1852 2960 2038 3005 autem
2066 2950 2299 3008 Michael
2340 2968 2465 3008 cum
2491 2954 2669 3009 Barda
2692 2954 2906 3012 Caesare
2934 2956 3290 3026 expeditione
3319 2974 3438 3013 mo-

1853 3045 2060 3098 tionem
2124 3044 2258 3100 facit
2319 3054 2465 3101 terra
2510 3048 2765 3116 marique
2816 3048 3086 3105 adversus
3115 3050 3436 3107 Michaelem

1855 3136 2123 3207 Bulgaria
2145 3139 2473 3209 principem,
2497 3154 2622 3195 cum
2658 3141 3025 3213 Bulgarorum
3054 3150 3273 3214 gentem
3296 3144 3438 3199 fame

1859 3229 2141 3284 tabescere
2202 3232 2583 3301 comperisset.
2640 3232 2858 3303 Bulgari
2903 3250 2962 3289 re
3038 3234 3227 3290 audita
3288 3236 3439 3291 haud

1854 3336 2017 3377 secus
2037 3338 2101 3377 ac
2129 3323 2338 3377 tonitru
2388 3323 2585 3394 perciti
2623 3325 3009 3397 subfugerunt,
3043 3342 3108 3383 ac
3132 3337 3260 3384 ante
3314 3343 3439 3384 cer-

1860 3414 2065 3469 tamina
2097 3430 2451 3486 pugnamque
2470 3431 2689 3472 onmem
2731 3418 2799 3473 de
2850 3420 3082 3476 victoria
3103 3435 3256 3492 Spem
3287 3422 3441 3494 abjc-

1855 3520 2074 3573 cerunt,
2099 3508 2515 3579 Christianiquc
2543 3510 2659 3565 ﬁeri
2694 3511 3125 3583 imperatoriquc
3156 3514 3353 3583 subjici
3376 3530 3443 3569 ac

1859 3598 2123 3653 Romanis
2194 3599 2495 3669 petierunt.
2571 3600 2804 3655 Michael
2868 3618 3062 3656 eorum
3130 3603 3437 3674 principem

1858 3691 2164 3761 baptizans,
2200 3696 2432 3763 ejusque
2458 3710 2488 3748 e
2521 3709 2678 3749 sacro
2706 3695 2857 3750 fonte
2897 3707 3211 3767 susceptor,
3245 3714 3347 3753 suo
3370 3714 3437 3753 ex

1856 3783 2079 3837 nomine
2104 3784 2427 3837 Michaelem
2460 3786 2695 3839 vocavit.
2746 3786 2878 3857 Ejus
2916 3802 3047 3842 vero
3071 3803 3330 3857 proceres
3382 3790 3438 3843 in

1855 3875 2047 3930 urbem
2072 3875 2329 3932 inductos
2356 3878 2588 3946 perinde
2619 3878 2938 3950 baptizavit.
2960 3881 3080 3949 Quo
3104 3899 3167 3938 ex
3189 3894 3437 3954 tempore

1856 3966 1964 4021 alta
1988 3982 2093 4036 pax
2120 3966 2244 4022 fuit.

1925 4059 2092 4129 825
2132 4060 2218 4114 l7.
2252 4060 2356 4115 Per
2380 4060 2434 4114 id
2469 4069 2709 4132 tempus,
2772 4079 2896 4117 eum
2960 4065 3126 4119 Amer
3174 4066 3438 4122 adversus

1856 4152 2160 4206 Romanam
2194 4152 2736 4223 ditionemegressus
2769 4165 2938 4219 esset,
2984 4157 3251 4213 Pctronas
3281 4159 3440 4213 Asia-

1855 4247 2089 4301 ticorum
2120 4247 2331 4301 militiae
2355 4248 2616 4319 magister
2646 4259 2703 4304 et
2747 4249 2918 4304 Nasar
2954 4250 3437 4310 buecellariorum.

1855 4338 2004 4393 illius
2065 4340 2122 4393 in
2160 4355 2415 4410 regressi:
2479 4340 2800 4396 obsidentes
2852 4341 2980 4407 iter,
3038 4342 3091 4396 in
3136 4342 3441 4397 Lalaeaoue

1852 4440 2035 4487 castra
2053 4430 2381 4502 junxerunt,
2417 4433 2820 4503 commissaque
2859 4450 3039 4505 pugna
3092 4436 3345 4490 Amorem
3386 4438 3443 4490 in

1855 4525 2034 4596 fugam
2065 4534 2293 4580 vertunt
2320 4542 2334 4578 :
2378 4524 2676 4595 fugientem
2708 4527 2860 4581 illum
2889 4527 3117 4597 quidam
3174 4528 3442 4583 comitqu

150 4621 350 4675 τούτου
382 4620 480 4689 τὴν
499 4619 741 4691 κεφαλὴν
780 4622 918 4690 ἄρας
950 4620 1125 4690 ἤγαγε
1160 4621 1419 4692 Πετρωνᾷ
1437 4622 1515 4690 τῷ
1547 4639 1746 4692 στρατ-

1855 4621 2187 4689 insequitur,
2223 4619 2454 4689 ejusque
2480 4618 2680 4673 tollens
2734 4619 3008 4675 cervicem
3034 4621 3288 4675 Petrona:
3315 4636 3436 4675 ma-

154 4715 351 4786 ηλάτῃ.
396 4712 743 4776 Είσελθόντες
774 4713 832 4766 δὲ
885 4713 937 4765 οἱ
968 4713 1268 4783 στρατηγοὶ
1300 4714 1438 4782 μετὰ
1460 4714 1744 4766 ἐπινικίων

153 4805 575 4879 ὲθριάμϐευσαν
620 4804 798 4859 ταῦτα
848 4806 907 4859 ἰν
966 4804 1047 4877 τῷ
1102 4802 1333 4874 ἱππικῷ.
1393 4804 1503 4858 Καὶ
1556 4804 1746 4857 ἔκτοτε

148 4901 377 4968 ἐγένετο
421 4901 614 4971 εἰρήνη
656 4899 870 4970 μεγάλη
900 4899 959 4959 ὲν
985 4901 1050 4969 τῇ
1081 4898 1338 4967 ’Δνατολῇ
1391 4897 1478 4951 διὰ
1525 4899 1623 4967 τὴν
1654 4898 1746 4953 τοῦ

156 4995 345 5062 Ἀμερ
370 4992 605 5061 σφαγήνο

226 5082 321 5155 ιη’.
363 5086 476 5139 Καὶ
537 5083 715 5139 ἄλλων
778 5084 879 5155 μὲν
931 5084 980 5136 οἱ
1035 5083 1188 5136 πόνοι
1234 5083 1330 5137 καὶ
1367 5083 1435 5136 τά
1465 5081 1610 5137 κατὰ
1636 5082 1745 5135 τῶν

154 5176 438 5251 πολεμίων
503 5176 974 5247 ἀνδραγαθήματα
1012 5193 1027 5207 ο
1090 5178 1124 5247 ή
1182 5175 1240 5229 δὲ
1314 5176 1410 5229 τοῦ
1483 5175 1749 5245 βασιλέως

150 5274 356 5343 ἀγάπη
391 5270 528 5341 πρὸς
564 5272 657 5325 τὸν
681 5270 967 5327 Βασίλειον
1019 5268 1266 5339 ὲξέχυτο,
1292 5269 1387 5328 καὶ
1422 5268 1612 5322 τοῦτον
1644 5268 1745 5339 μό-

150 5384 247 5423 νον
273 5363 416 5420 σῐναι
454 5366 546 5418 τὸν
573 5363 920 5435 θεραπευτὴν
943 5362 1133 5418 αὑτοῦ.

230 5457 322 5514 ιϐ’.
363 5458 587 5512 Ἐκτισε
618 5457 677 5511 δὲ
710 5456 935 5527 Μιχαὴλ
984 5455 1219 5509 πάὸλον
1250 5457 1363 5519 τοῖς
1406 5454 1597 5517 ἵπποις
1647 5454 1747 5507 αὑ-

156 5551 281 5616 τοῦ,
348 5552 635 5621 κοσμήσας
701 5549 1020 5621 μαρμάροις
1064 5550 1159 5602 καὶ
1208 5548 1415 5602 ὑδάτων
1468 5549 1752 5617 ἐπιρροαῖς

157 5645 586 5707 κατασκευάσας
628 5642 967 5715 ὡραιότατον
1010 5643 1175 5698 πάνυ.
1225 5643 1337 5696 Καὶ
1369 5642 1563 5695 τούτου
1597 5642 1749 5694 τελε-

161 5740 409 5803 σθέντος,
440 5734 508 5809 ἦν
530 5754 615 5801 τις
641 5739 699 5790 ἐν
730 5740 798 5809 τῇ
836 5738 988 5791 πόλει
1046 5737 1275 5807 ὀνόματι
1331 5735 1537 5804 Πέτρος
1572 5734 1750 5801 λόγιος

161 5833 262 5887 καὶ
308 5831 645 5894 σκωπτικὸς,
678 5830 737 5883 ὃν
797 5832 893 5884 καὶ
948 5830 1447 5901 Πτωχομάγιστρον
1498 5826 1749 5880 ἐκάλουν.

154 5925 367 5981 Τοῦτον
401 5924 1149 5997 προσκαλεσάμενοςΜτχαὴλ
1204 5926 1260 5979 ἐν
1293 5922 1369 5995 τῷ
1406 5921 1620 5993 nemo
1648 5921 1749 5975 ὑπ-

1856 4709 2028 4779 gistro
2068 4708 2278 4762 militiae
2312 4708 2520 4762 attulit.
2564 4707 2808 4777 Iugressi
2839 4707 3035 4764 urbem
3090 4709 3262 4765 duces
3308 4726 3441 4765 cum

1855 4800 2129 4855 manubiis
2149 4816 2246 4855 eos
2276 4800 2331 4855 in
2355 4800 2517 4855 Circo
2543 4800 2826 4869 triumpho
2874 4801 3265 4861 traduxerunt.
3315 4801 3437 4868 Qun

1851 4910 1920 4950 ex
1973 4902 2219 4964 tempore
2265 4909 2372 4963 pax
2418 4908 2613 4964 magna
2679 4894 2735 4947 in
2802 4892 3028 4950 Oriente
3071 4894 3179 4950 fuit
3229 4895 3434 4950 obeam

1855 4987 2070 5042 Ameris
2094 4986 2325 5042 caedem.

1928 5080 2014 5135 l8.
2039 5081 2117 5135 Ac
2144 5080 2370 5150 quidem
2407 5081 2642 5135 alim-tun
2671 5080 2892 5134 labores
2919 5089 3077 5135 erant
3111 5080 3439 5135 adversum-

1855 5188 1964 5243 quc
1996 5173 2181 5228 hostes
2215 5172 2378 5227 fortia
2409 5172 2537 5227 belli
2588 5170 2870 5236 facinora;
2906 5170 3257 5242 imperatoris
3310 5188 3442 5223 vero

1856 5265 2083 5322 dilectio
2117 5264 2176 5321 in
2236 5266 2501 5319 Basilium
2558 5264 2742 5319 eﬂ‘usa
2778 5272 2920 5329 crat,
2975 5264 3236 5333 buncque
3268 5276 3438 5317 unum

1854 5361 1940 5416 sui
1974 5361 2244 5415 cultorem
2272 5358 2503 5413 ducebal
2516 5399 2529 5410 .

1927 5454 2015 5509 l9.
2038 5451 2362 5509 Construxit
2382 5450 2611 5505 Michael
2643 5450 2804 5519 equis
2834 5448 2953 5503 suis
2975 5446 3277 5508 stabulum.
3298 5462 3445 5499 mar-

1858 5547 2108 5603 moribus
2138 5559 2444 5616 peroruans
2502 5557 2884 5613 aquarumque
2918 5539 3164 5611 irriguis,
3214 5539 3443 5609 elegan-

1859 5642 2073 5696 tissimo
2096 5656 2263 5711 Opere
2296 5638 2593 5693 fabricatis.
2623 5636 2744 5703 Quo
2775 5635 3050 5697 absoluto,
3070 5639 3191 5687 erat
3226 5631 3281 5686 in
3303 5632 3441 5685 urbe

1859 5736 1941 5789 \‘ir
1991 5734 2245 5789 eruditus
2292 5748 2355 5787 ac
2415 5730 2644 5794 eloquio
2696 5730 2896 5789 salsus,
2955 5727 3151 5780 Petrus
3220 5726 3442 5778 nomine

1859 5843 2021 5897 quem
2049 5825 2582 5889 l’tuchmuagistrutn
2626 5822 2905 5877 dicebant.
2953 5820 3072 5885 Qun
3098 5817 3327 5873 Michael
3382 5818 3437 5870 ἰιι

1862 5920 2141 5973 διειιιιιιιιιιι
2174 5927 2365 5971 torale
2398 5916 2720 5971 ostendebat
2751 5914 2800 5968 ei
2823 5920 3044 5968 strueta‘
3068 5911 3203 5966 a‘dis
3268 5908 3443 5963 insul~
