4158 6438
88 409 176 473 901

1185 413 1378 474 ΥΙΤκΕ
1412 411 1964 470 ΙὶΕίῖΕΧἹΊΟΙὶιῙΜ
2000 412 2199 472 ΙΜΙΨ.

3232 416 3337 479 90‘2

82 526 225 580 νυκτὶ
253 523 531 597 ἀνῃρέθη·
568 525 657 587 οὓς
691 526 719 576 6
770 525 1020 595 βασιλεὺς
1052 528 1333 597 κρατήσας
1368 528 1461 578 καὶ
1490 527 1655 596 μελη-

1785 529 1964 595 imun
1997 525 2304 583 conscissos
2335 528 2401 583 ad
2427 529 2754 585 Amastriani
2794 531 3115 586 combussit.
3148 532 3340 599 Apela-

84 619 158 671 ὢν
210 618 532 686 κατακόψας
598 617 934 670 κατέκαυσεν
985 621 1043 670 ἐν
1073 623 1185 681 τοῖς
1229 619 1650 690 ’Λμαστριανοῦ.

94 713 139 763 ⁸0
178 710 233 762 δὲ
265 708 547 778 άπελάτης
578 711 607 761 6
638 708 735 761 τοῦ
766 710 977 780 Πέρσου
1006 710 1468 782 σκωληκόϐρωτος
1500 712 1657 777 γενόο

88 816 236 870 μενος
270 799 365 852 τοῦ
391 799 491 870 ζῇν
517 799 830 870 ἀπηλλάγη.
865 802 1277 863 Κωνσταντῖνος
1326 800 1384 854 δὲ
1416 804 1443 854 ὁ
1486 800 1656 866 T051-

86 895 172 963 ρᾶς
207 893 289 956 είς
324 891 744 965 Κιϐυρῤαιώτας
772 893 1214 959 σπαθοκοπηθεὶς
1255 894 1499 965 τελευτᾷ.
1548 896 1656 948 Καὶ

84 986 356 1055 Μαριανὺς
381 987 411 1039 6
441 985 669 1056 ἀδελφὸς
719 986 814 1040 τοῦ
842 987 1109 1057 βασιλέως
1131 989 1222 1040 τὸν
1272 989 1408 1041 πόδα
1440 1005 1658 1059 συντρι-

83 1078 187 1139 ὀξὶς
218 1079 320 1133 καὶ
349 1078 455 1131 ὑπὸ
485 1080 783 1148 σκωλήκων
815 1080 1188 1151 καταϐρωθεὶς
1209 1081 1455 1151 τελευτᾷ.

144 1168 236 1241 [Ρ.
261 1168 393 1241 5η]
410 1176 483 1237 γη
528 1169 587 1223 ’0
607 1170 666 1223 δὲ
694 1170 951 1240 βασιλεὺς
994 1171 1275 1240 προελθὼν
1308 1175 1367 1224 ὲν
1389 1176 1453 1243 τῇ
1479 1172 1661 1245 ἡμέρα

85 1262 182 1315 τῶν
211 1263 455 1332 Χριστοῦ
478 1264 770 1332 γενεθλίων
795 1268 852 1319 ὲν
871 1270 937 1336 τῇ
963 1267 1283 1338 προελεύσει
1306 1269 1387 1331 είς
1412 1268 1512 1339 τὴν
1544 1270 1659 1322 Με-

84 1353 250 1424 γάλην
278 1343 605 1425 Ἐκκλησίαν
622 1357 883 1411 seems:
914 1359 1183 1428 Στέφανον
1210 1361 1301 1412 τὸν
1332 1361 1447 1413 υἱὸν
1472 1359 1657 1414 αὑτοῦ.

95 1444 344 1512 Ἀγαγὼν
369 1445 428 1498 δὲ
461 1446 658 1510 ἵππους
684 1448 913 1510 λευκοὺς
955 1451 1097 1519 μετὰ
1121 1451 1383 1520 ἁρμάτων
1408 1450 1660 1504 ἐκάθισεν

84 1533 193 1603 ἁμα
247 1537 317 1605 τῇ
353 1535 659 1606 Αὐγούστῃ.
692 1538 798 1590 Ka‘t
846 1540 874 1591 6
923 1539 1279 1609 πραιπόσιτος
1311 1540 1526 1609 Βαάνης
1563 1540 1663 1592 σὺν

84 1626 264 1689 αὐτοῖς
291 1626 581 1696 βαστάζων
602 1630 663 1681 τὸ
691 1629 899 1683 παιδίον
936 1630 1099 1701 μέχρι
1127 1631 1221 1684 τοῦ
1254 1633 1539 1698 παλατίου,
1567 1631 1661 1686 τοῦ

88 1718 354 1787 βασιλέως
375 1721 660 1789 ρίπτοντδς
684 1722 952 1777 ὑπατείαν
984 1725 1041 1778 ὲν
1074 1726 1141 1796 τῇ
1168 1724 1295 1794 ὁδῷ.

143 1810 211 1865 δ’.
251 1812 505 1880 Ἐγένετο
533 1814 590 1868 δὲ
624 1814 849 1885 σεισμὸς
880 1819 945 1886 τῇ
980 1817 1139 1887 ἑορτῇ
1170 1819 1266 1870 τοῦ
1304 1817 1459 1885 ἁγίου
1491 1818 1663 1870 Πολυ-

1768 629 1848 671 les
1881 620 2046 673 Persa
2082 621 2362 676 vermibus
2408 637 2608 677 exesus
2658 623 2784 675 vitze
2814 624 2974 676 tinem
3016 622 3164 676 fecit.
3190 621 3341 676 Con-

1765 713 2038 767 stantinus
2058 712 2299 770 Toxaras
2319 715 2462 783 apud
2479 715 2836 787 Cibyrrhotas
2873 716 3070 785 gladiis
3098 716 3346 770 conscis—

1764 818 1860 858 sus
1883 805 2066 874 periit.
2103 806 2171 860 Et
2199 806 2507 861 Marcianus
2530 809 2881 878 imperatoris
2900 807 3066 862 frater
3098 808 3339 863 contrito

1765 897 1902 966 pede
1924 914 1953 952 a
1977 898 2263 955 vermibus
2288 914 2547 955 corrosus
2590 901 2817 955 interiit.

1836 1168 2220 1238 3.1mperator
2266 1168 2473 1225 Christi
2514 1168 2901 1225 Natalitiorum
2955 1172 3185 1227 solemni
3255 1172 3345 1226 die

1766 1281 2087 1336 processum
2141 1266 2371 1327 habens.
2403 1268 2458 1322 in
2490 1269 2753 1338 processu
2791 1266 2845 1320 in
2892 1264 3137 1335 Magnam
3164 1266 3343 1320 eccle-

1766 1358 1926 1422 siam,
1957 1356 2297 1427 Stephanum
2340 1358 2510 1413 filium
2538 1374 2698 1414 suum
2738 1373 2896 1413 sacro
2924 1358 3070 1411 fonte
3099 1358 3342 1410 intinxit.

1766 1450 2091 1519 Junctisque
2122 1451 2282 1520 equis
2301 1451 2440 1505 albis
2464 1467 2584 1505 cum
2612 1467 2777 1506 curru
2805 1460 2909 1505 una
2940 1465 3063 1505 cum
3099 1449 3342 1518 Augusta

1768 1542 1929 1598 sedit.
1983 1541 2135 1598 Sedit
2182 1558 2403 1613 quoque
2452 1543 2713 1598 cum‘eis
2755 1538 2961 1597 Baanes
2994 1541 3345 1611 przepositus,

1769 1634 2035 1689 infantem
2058 1644 2277 1705 gestans
2308 1650 2479 1705 usque
2511 1635 2578 1689 ad
2632 1634 2915 1703 palatium,
2945 1635 3073 1687 dum
3106 1634 3344 1702 impera-

1771 1732 1858 1778 tor
1881 1724 2191 1780 consularia
2215 1740 2445 1779 munera
2473 1741 2572 1795 per
2604 1725 2746 1778 viam
2771 1723 2991 1793 Spargit.

1841 1817 1896 1871 Δ.
1929 1816 2169 1887 Contigit
2220 1832 2320 1887 per
2357 1818 2501 1872 diem
2542 1816 2599 1873 S.
2642 1818 2920 1888 Polyeucti
2964 1825 3125 1869 terra:
3165 1823 3350 1868 motus

85 1902 277 1957 εύκτου
312 1904 589 1975 μέγιστος,
621 1907 763 1960 ὥστε
801 1907 897 1979 τὴν
919 1912 1020 1980 γῆν
1048 1910 1287 1963 σείεσθαι
1314 1910 1407 1964 ἐπὶ
1450 1913 1663 1982 ἡμέρας

1779 1908 2059 1974 maximus,
2088 1908 2227 1963 adeo
2255 1918 2318 1963 ut
2350 1908 2708 1978 quadraginta
2746 1909 2960 1961 dierum
2994 1906 3170 1975 spatio
3203 1913 3350 1958 terra

85 1998 514 2068 τεσσαράκοντα.
576 2000 781 2053 Ἐπεσε
814 2001 871 2054 δὲ
930 2003 1053 2055 τότε
1092 2005 1188 2056 καὶ
1234 2006 1267 2073 ἡ
1322 2008 1526 2076 σφαῖρα
1569 2004 1663 2057 τοῦ

86 2089 254 2151 ζὼδου
284 2089 383 2143 τοῦ
411 2091 598 2159 φόρου,
631 2094 727 2144 καὶ
747 2094 846 2162 τῆς
873 2093 1181 2164 ὑπεραγίας
1215 2096 1481 2149 Θεοτόκου
1510 2098 1541 2166 ἡ
1575 2099 1665 2149 ἐκ·

87 2182 286 2252 κλησία
320 2183 356 2252 ἢ
386 2183 607 2251 λέγεται
639 2185 700 2238 τὸ
733 2186 932 2255 Σίγμα,
971 2186 1111 2241 ὥστε
1139 2189 1348 2251 πάντας
1380 2190 1507 2253 τοὺς
1532 2190 1666 2256 ψάλ-

86 2274 275 2337 λοντας
301 2276 485 2328 ὲκιίσε
507 2276 848 2347 τελευτῆσαι.
880 2280 1035 2334 Λέων
1058 2281 1112 2335 δὲ
1131 2283 1158 2335 6
1177 2283 1466 2351 φιλόσοφος
1488 2282 1667 2351 τυχὼν

90 2368 270 2420 ἐκεῖσε
296 2366 454 2435 ἔλεγε
489 2371 598 2432 τοῖς
621 2369 882 2439 ψάλλουσι
905 2358 1001 2425 καὶ
1019 2375 1155 2427 πᾶσι
1178 2378 1292 2436 τοῖς
1310 2372 1459 2428 οὖσιν
1489 2375 1667 2429 ἐκεῖσε

90 2458 331 2523 ἐξελθεῖν
353 2460 453 2529 τῆς
492 2460 793 2530 ἐκκλησίας
817 2479 832 2494 ο
872 2464 919 2516 οἱ
964 2464 1020 2517 δὲ
1071 2464 1147 2536 μὴ
1184 2465 1494 2529 πεισθέντες
1543 2482 1669 2519 συν-

86 2553 448 2625 ετελέσθησαν
502 2554 762 2620 ἅπαντες.
805 2557 977 2619 Αὐτὸς
1025 2557 1083 2611 δὲ
1144 2562 1171 2611 6
1234 2558 1524 2627 φιλόσοφος
1590 2560 1670 2620 είς

88 2647 243 2700 κίονα
294 2647 401 2700 ὑπὸ
451 2649 815 2718 συστημάτων
879 2651 1094 2713 σταθεὶς
1139 2652 1276 2719 μετὰ
1325 2652 1528 2721 ἐτέρων
1581 2652 1672 2703 δύο

88 2736 293 2808 ἐσώθη,
325 2739 421 2792 καὶ
447 2740 624 2811 ἕτεροι
676 2741 841 2794 πέντε
877 2742 1030 2812 μόνοι
1059 2742 1319 2796 ὑποκάτω
1347 2742 1440 2796 τοῦ
1489 2744 1670 2813 ἄμϐω-

87 2848 196 2893 νος.

157 2920 221 2977 ε’.
247 2922 456 2987 Φὼτιος
480 2924 537 2977 δὲ
577 2926 606 2978 ὁ
634 2926 983 2995 πατριάρχης
1010 2926 1259 2991 ἐλθόντος
1289 2929 1381 2981 τοῦ
1413 2929 1675 2999 βασιλέως

89 3015 145 3067 ὲν
163 3018 233 3084 τῇ
265 3012 532 3086 ἐκκλησίᾳ
552 3016 648 3067 καὶ
684 3016 972 3085 μέλλοντος
1002 3018 1170 3071 αὐτοῦ
1203 3024 1500 3085 κοινωνεῖν,
1549 3022 1675 3073 τοῦθ

86 3123 180 3158 τον
211 3105 418 3177 λῃστὴν
474 3108 571 3161 καὶ
602 3107 768 3175 φονέα
811 3109 967 3177 ἔλεγε
1015 3109 1111 3163 καὶ
1137 3110 1357 3176 ἀνάξιον
1396 3113 1497 3181 τῆς
1526 3112 1677 3175 θείας

91 3199 397 3261 κοινωνίας.
460 3198 518 3251 '0
571 3198 628 3251 δὲ
675 3188 950 3269 θυμωθεὶς
1005 3201 1327 3255 ἀπέστειλεν
1372 3204 1429 3255 ὲν
1470 3203 1676 3274 Ῥώμῃ,
1705 3228 1748 3288 C

92 3292 189 3343 καὶ
249 3291 428 3359 ἤγαγε
461 3292 627 3360 τόμον
674 3292 811 3361 μετὰ
858 3291 1145 3363 Ῥωμαίων
1197 3295 1530 3360 ἐπισκόπων,
1582 3297 1674 3348 καὶ

88 3383 282 3435 τοῦτον
349 3382 444 3437 τοῦ
511 3384 701 3454 θρόνου
770 3382 1024 3451 ἐξέωσεν,
1087 3389 1184 3441 καὶ
1251 3390 1675 3460 προεχειρίσατο

100 3475 369 3541 ’Ῑγνάτιον
422 3474 515 3529 τὸν
564 3477 623 3528 ὲν
658 3477 833 3543 ἁγίοις
878 3480 1227 3551 πατριάρχην
1288 3481 1349 3534 τὸ
1399 3482 1671 3551 δεύτερον.

101 3567 401 3638 Ἐγεννήθη
450 3567 507 3619 δὲ
556 3566 900 3637 Ἀλέξανδρος
955 3572 983 3622 6
1029 3569 1281 3639 βασιλεὺς
1325 3573 1389 3625 ἐκ
1431 3573 1529 3639 τῆς
1578 3573 1671 3625 τοῦ

92 3661 358 3729 Ἶτγηρος
388 3658 672 3723 Βὺδοκίαςν
729 3653 884 3722 οὗτος
913 3663 1043 3723 παῖς
1096 3661 1318 3731 γνήσιος
1382 3662 1458 3715 ὣν
1511 3663 1674 3716 Βασι-

89 3751 260 3807 λείου.

163 3846 242 3910 ς’.
285 3843 646 3913 Ἐστράτευσε
681 3844 736 3895 δὲ
766 3845 793 3896 ὁ
830 3843 1084 3913 βασιλεὺς
1120 3844 1261 3897 κατὰ
1289 3844 1400 3897 τῶν
1440 3847 1677 3917 Ἀγάρη-

88 3940 201 3992 νῶν
224 3938 338 3992 τῶν
372 3940 451 4001 είς
484 3938 762 4007 Τεφρικὴν
784 3932 855 4000 ⁸⁷,
882 3936 977 3990 κιύ⁴
1004 3936 1277 4006 πολέμους
1314 3938 1556 4006 συνάψας
1586 3940 1679 4007 ἡτ-

90 4032 258 4100 τήθη,
293 4029 390 4083 καὶ
437 4029 697 4091 πολλάκις
730 4028 1025 4097 συμϐαλὼν
1086 4030 1408 4100 Ἀγαρηνοίς
1453 4031 1680 4094 πολλοὺς

90 4124 203 4174 τῶν
242 4121 533 4190 Ῥωμαίων
561 4120 887 4176 ἁπεϐάλετο.
932 4122 1023 4174 Ἐν
1058 4121 1115 4173 δὲ
1163 4125 1229 4191 τῇ
1278 4122 1502 4193 τοιαύτῃ
1533 4123 1677 4192 φυγῇ

89 4214 191 4267 τοῦ
219 4213 492 4285 βασιλέως
519 4212 900 4282 Θεοφύλακτος
951 4216 979 4266 ὁ
1020 4213 1409 4277 Ἀσάστακτος,
1448 4217 1475 4266 ὁ
1500 4214 1680 4284 πατὴρ

107 4304 401 4376 Ῥωμανοῦ
431 4304 527 4358 τοῦ
566 4306 707 4375 μετᾶ
761 4304 932 4359 ταῦτα
976 4304 1414 4375 βασιλεύσαντος,
1455 4306 1680 4358 διέσωσε

89 4401 189 4453 τὸν
208 4396 438 4471 βασιλέα
469 4396 618 4468 παρὰ
664 4397 859 4468 μικρὸν
905 4397 1010 4449 ὑπὸ
1044 4397 1151 4449 τῶν
1205 4397 1521 4467 Ἀγαρηνῶν
1550 4415 1684 4468 κρα-

89 4490 388 4561 τούμενον.
412 4490 507 4544 ’ον
524 4489 863 4560 ἐπιζητήσας
893 4490 920 4542 6
949 4488 1201 4558 βασιλεὺς
1235 4490 1374 4558 μετὰ
1392 4489 1569 4543 ταῦτα
1588 4491 1681 4542 καὶ

1766 2009 2111 2071 quat‘eretur.
2141 1999 2356 2055 Cecidit
2385 2016 2516 2055 vero
2551 2010 2683 2054 tunc
2730 2001 2852 2070 ejus
2885 2014 3005 2066 qnze
3035 1998 3087 2051 in
3113 1998 3232 2049 foro
3264 2004 3351 2048 est

1767 2100 1960 2146 statua:
1977 2090 2204 2161 globus;
2229 2091 2575 2145 sanctissima
2597 2105 2816 2159 quoque
2841 2089 2930 2141 Dei
2955 2085 3354 2140 Genitrieisee-

1767 2184 1954 2245 clesia,
1979 2183 2067 2237 cui
2088 2182 2268 2254 Sigma
2284 2198 2506 2247 nomen,
2528 2183 2599 2236 ita
2619 2192 2677 2235 ut
2698 2197 2889 2235 omnes
2916 2181 2989 2235 ibi
3014 2179 3231 2233 divinas
3250 2177 3351 2230 dc-

1768 2274 2523 2329 cantanteslaudesexstincti
2545 2274 2678 2331 sint,
2704 2288 2825 2327 cum
2843 2272 2952 2325 Leo
2969 2270 3351 2341 philosophus,

1769 2368 1862 2436 qui
1896 2367 1971 2421 ibi
1999 2376 2510 2430 esset,cantoreset
2541 2367 2633 2436 qui
2666 2366 2741 2421 ibi
2762 2374 2923 2419 erant
2955 2378 3148 2417 omnes
3176 2362 3356 2417 cccle-

1769 2457 1849 2509 sia
1879 2455 2033 2509 exire
2062 2456 2455 2521 moneret.Qui
2479 2456 2615 2509 nihil
2639 2455 3006 2523 obsequentes
3024 2453 3138 2523 pari
3163 2467 3355 2506 omnes

1771 2546 1932 2600 ruina
1971 2546 2221 2616 oppressi
2251 2548 2536 2602 interiere.
2570 2547 2690 2618 Ipse
2729 2560 2859 2601 vero
2891 2546 3250 2617 philosophus
3288 2544 3355 2598 ad

1771 2638 2082 2693 columnam
2102 2639 2207 2693 sub
2230 2638 2807 2709 tigtiiss'letinentibus
2827 2649 2979 2693 stans
2999 2654 3123 2693 cum
3143 2636 3360 2692 duobus

1772 2730 1893 2785 aliis
1910 2732 2093 2786 salvus
2113 2731 2309 2796 evasit,
2329 2732 2534 2800 aliique
2560 2732 2802 2800 quinque
2821 2732 3084 2786 duntaxat
3116 2731 3218 2785 sub
3239 2746 3359 2783 am-

1774 2822 1916 2876 bone
1942 2823 2127 2891 positi.

1845 2913 2006 2984 84],
2047 2915 2099 2967 5.
2127 2913 2299 2969 Porro
2330 2912 2560 2970 Photius
2592 2915 2925 2985 patriarcha,
2962 2931 3085 2969 cum
3125 2915 3361 2984 impera—

1780 3015 1864 3061 tor
1897 3007 1950 3060 in
2002 3008 2294 3062 ecclesiam
2340 3009 2583 3063 venisset
2613 3018 2667 3061 et
2698 3018 3044 3076 exspectaret
3097 3020 3156 3061 ut
3206 3017 3359 3061 saera

1779 3098 2037 3166 mySteria
2089 3107 2354 3163 sumeret,
2411 3098 2679 3153 latronem
2738 3114 2863 3152 eum
2922 3106 2979 3152 et
3033 3099 3359 3166 parricidam

1781 3189 2018 3251 d‘ccbat,
2051 3204 2288 3257 eumque
2320 3190 2389 3243 iis
2445 3189 2751 3258 indignum.
2777 3191 3051 3257 Arreptus
3076 3190 3156 3243 ira
3192 3189 3363 3258 impe-

1783 3290 2005 3348 pcrator
2050 3281 2274 3333 Romam
2334 3281 2500 3342 misit,
2564 3290 2883 3350 toruumque
2919 3297 3042 3333 eum
3086 3281 3364 3349 episcopis

1784 3370 1993 3423 Latinis
2054 3370 2292 3434 advexit,
2342 3386 2404 3424 ac
2456 3371 2711 3424 Pbotium
2750 3372 2948 3425 throno
2983 3372 3213 3439 expulit,
3240 3390 3365 3424 san-

1784 3470 2042 3528 ctumque
2100 3461 2368 3529 lgnatium
2439 3478 2655 3516 rursum
2728 3462 3038 3516 sacerdotio
3093 3463 3362 3531 provexit.

1783 3550 1954 3603 Natus
1981 3560 2062 3603 est
2091 3552 2399 3604 Alexander
2431 3552 2732 3620 imperator
2765 3568 2830 3606 ex
2868 3552 3107 3606 Eudocia
3142 3554 3248 3605 lilia
3288 3553 3369 3604 ln.

1784 3644 1936 3713 giris.
1972 3644 2071 3697 llic
2101 3643 2207 3697 fuit
2236 3645 2378 3697 lilius
2408 3644 2682 3713 legitimus
2712 3644 2916 3697 Basilii.

1856 3850 1908 3901 6.
1952 3849 2214 3917 Suscepta
2245 3850 2540 3918 imperator
2562 3849 2913 3919 expeditione
2934 3850 3201 3904 adversus
3226 3851 3362 3920 Aga-

1787 3956 1949 3995 rcnos
1977 3942 2398 4010 Tcphricenses,
2432 3956 2722 4011 pugnaque
2761 3958 2884 3997 cum
2908 3942 2989 3996 eis
3016 3958 3363 4011 congressus.

1788 4034 1968 4087 victus
1991 4042 2104 4097 est;
2162 4048 2265 4089 nec
2320 4049 2444 4088 raro
2475 4034 2689 4087 collatis
2724 4032 2895 4103 signis
2933 4050 3056 4087 cum
3108 4034 3368 4101 Agareuis

1790 4121 1937 4176 haud
1969 4123 2164 4192 exigua
2184 4122 2557 4176 Romanorum
2584 4123 2711 4176 data
2736 4133 2944 4192 strages
2973 4132 3075 4177 cst.
3106 4123 3162 4176 In
3186 4124 3370 4177 istius-

1789 4214 1936 4267 modi
1987 4229 2118 4268 vcro
2174 4213 2524 4282 imperatoris
2572 4214 2695 4283 fuga
2744 4213 3186 4283 Thcopbylactus
3226 4215 3369 4267 Aba-

1791 4315 2018 4370 staelus,
2077 4306 2306 4359 Romani
2336 4313 2491 4375 pater
2525 4307 2644 4374 ejus
2668 4306 2758 4374 qui
2800 4316 2987 4375 postea
3015 4322 3196 4359 rerum
3222 4307 3367 4375 poti-

1792 4406 1878 4450 tus
1909 4404 2011 4460 est,
2046 4396 2169 4450 cu'm
2222 4398 2311 4450 vix
2363 4411 2471 4449 non
2522 4407 2715 4465 captus
2746 4395 2938 4451 fuisset
2977 4412 3040 4451 ac
3080 4396 3369 4452 Saracenis

1793 4490 1967 4544 factus
2001 4489 2295 4553 obnoxius,
2353 4488 2607 4542 ctnmiem
2660 4489 2934 4543 liberavit.
2969 4490 3139 4555 Quem
3178 4501 3366 4559 postea

93 4586 281 4658 εὑρὼν
319 4587 411 4639 καὶ
435 4584 710 4654 γνωρίσας
740 4582 948 4653 (πολλοὶ
981 4582 1088 4651 γὰρ
1118 4580 1202 4634 ἕλε
1215 4598 1311 4649 γον
1344 4583 1421 4653 τῷ
1451 4582 1674 4651 βασιλεῖ,

1794 4581 2089 4649 imperatOr
2136 4580 2441 4649 inquirens,
2482 4580 2875 4649 inventumque
2938 4597 3063 4634 eum
3111 4598 3234 4635 cum
3273 4597 3369 4635 co-

93 4681 182 4732 ὃτι
218 4697 241 4731 ι
263 4676 410 4746 Ἐγώ
435 4680 554 4744 ειμι
596 4675 749 4746 ι)...ὁ
768 4673 939 4744 δὲτὴν
964 4673 1127 4744 τιμὴν
1144 4674 1299 4741 ἀφεὶς
1313 4676 1476 4727 τόπον
1488 4674 1691 4744 βασιλι-

95 4772 198 4824 κὸν
230 4773 497 4843 ᾐτήσατο,
540 4759 602 4822 οὗ
654 4768 748 4821 καὶ
787 4768 1106 4838 τετύχηκεν.
1173 4766 1552 4837 Ὑποστρέψας
1581 4768 1634 4821 δὲ
1660 4771 1688 4821 6

99 4861 364 4930 βασιλεὺς
405 4861 465 4912 ἐν
488 4861 556 4929 τῇ
611 4858 762 4911 πόλει
794 4857 1083 4912 ἀπέστειλε
1121 4858 1491 4928 Χριστοφόρον
1541 4876 1689 4928 γαμ-

94 4953 239 5023 ϐρὸν
292 4950 459 5005 αὑτοῦ
523 4950 875 5021 ὲνΤεφρικῇ,
930 4950 1024 5003 καὶ
1061 4950 1218 5021 νίκην
1269 4951 1496 5017 ἐποίησε
1532 4951 1688 5021 μεγί-

94 5062 262 5116 στην,
316 5046 413 5098 καὶ
455 5042 728 5114 ἐπόρθησε
761 5041 965 5113 ταύτην
1014 5042 1396 5113 καταστρέψας
1427 5044 1531 5107 ἓως
1567 5043 1688 5097 ἐδά-

95 5156 260 5209 (pauc.

176 5320 242 5385 ζ’.
286 5316 548 5386 Ἰγνάτιος
591 5314 649 5368 δὲ
669 5313 698 5367 6
728 5300 1077 5383 πατριάρχης
1108 5298 1457 5383 ᾠκοδόμησεν
1484 5312 1684 5382 ἐκκλη-

99 5414 229 5467 ςίαν
258 5411 340 5472 είς
371 5410 433 5463 τὸ
462 5407 726 5478 ἐμπόριον
757 5405 1001 5476 Σατύρου
1060 5403 1145 5476 [Ρ.
1176 5404 1305 5476 545]
1360 5405 1685 5475 περικαλλῆ,

96 5508 190 5557 ἐπ’
226 5503 457 5571 ὀνόματι
505 5499 598 5553 τοῦ
629 5498 1069 5570 ἀρχιστρατήγου
1128 5497 1221 5550 τοῦ
1261 5497 1687 5561 Ἀνατέλλοντος,

93 5597 199 5649 καὶ
232 5597 406 5665 μονὴν
438 5592 743 5663 πεποίηκεν
775 5588 1027 5661 ἄνδρείαν
1052 5629 1065 5653 ,
1125 5588 1255 5642 ἔνθα
1287 5592 1381 5643 καὶ
1430 5590 1489 5642 τὸ
1531 5590 1689 5661 σῶμα

93 5688 272 5743 αὑτοῦ
299 5687 610 5743 ἀπόκειται.

1794 4674 2073 4744 gnovisset
2108 4672 2290 4744 (multi
2330 4674 2493 4728 etiam
2538 4673 2795 4728 dicebant
2831 4691 2889 4728 se
2919 4690 3037 4730 esse
3066 4676 3158 4744 qui
3195 4669 3369 4743 inne-

1797 4776 2034 4821 ratorcm
2064 4767 2413 4837 liberasset),
2452 4767 2755 4821 honoribus
2799 4769 2970 4822 voluit
3005 4769 3295 4822 demereri.
3322 4770 3371 4822 ls

1793 4867 1975 4914 autem
2028 4858 2254 4913 missum
2315 4860 2523 4914 faciens
2575 4859 2866 4924 honorent,
2919 4860 3207 4930 imperiale
3261 4854 3368 4913 sibi

1789 4952 2053 5021 praedium
2079 4950 2439 5020 depoposcit;
2494 4951 2639 5020 quod
2685 4959 2741 5006 et
2788 4952 3049 5006 obtinuit.
3098 4951 3372 5007 Reversus

1787 5060 1920 5098 vero
1954 5044 2008 5097 in
2036 5043 2228 5098 urbem
2262 5042 2561 5113 imperator
2587 5042 3047 5113 Christophorum
3080 5058 3239 5097 suum
3273 5058 3370 5113 ge-

1785 5152 1980 5191 nerum
2037 5135 2091 5189 in
2151 5134 2479 5205 Tepbricam
2546 5136 2733 5201 misit;
2811 5142 3076 5204 partaque
3139 5134 3371 5189 victoria

1796 5230 2031 5284 maxima
2066 5229 2184 5283 solo
2240 5230 2401 5283 tenus
2444 5238 2698 5283 evertens
2745 5228 2993 5282 eamdem
3018 5226 3371 5297 ettpttgnavil.

1869 5323 1922 5375 ⁸7.
1959 5322 2200 5392 lgnatius
2234 5337 2398 5391 porro
2422 5321 2736 5389 patriarcha
2771 5321 3057 5375 ecclesiam
3081 5319 3374 5373 :edilieavit

1799 5415 1853 5469 in
1881 5414 2060 5485 Satyri
2088 5416 2336 5483 emporio
2360 5414 2523 5486 8&2
2555 5415 2983 5484 perelegantem,
3020 5411 3121 5466 sub
3153 5411 3373 5465 nomine

1796 5508 2036 5561 emlestis
2066 5507 2277 5562 militia:
2306 5506 2570 5576 principis
2624 5505 2886 5569 Orientis,
2956 5505 3193 5574 fecitque
3232 5502 3375 5556 viro-

1800 5614 1919 5652 rum
1958 5600 2370 5663 monasterium,
2405 5598 2495 5653 ubi
2523 5608 2577 5653 et
2610 5598 2860 5669 sepultus
2893 5604 2997 5652 est.

1383 5782 1620 5838 VAltlA‘I
1655 5784 2054 5841 LECTIONES.

182 5877 229 5910 "
268 5876 547 5949 Τεφρικὴν
576 5892 765 5948 margo
797 5877 856 5944 i’,
884 5877 1201 5949 τηρήτηνν.
