4158 6438
128 439 245 502 9οὒ
1238 435 1275 493 Y
1289 432 1430 491 ΙΤᾹΞ
1475 429 1769 490 RECENT
1783 428 1963 489 lUllU
1977 430 2028 487 Μ
2074 428 2272 487 ΙΜΡΡ.
3282 430 3394 491 906

204 548 288 601 ιδ’.
340 546 502 597 Ἀλλὰ
522 548 611 598 καὶ
642 545 737 614 τὴν
768 545 967 613 στήλην
1000 543 1340 611 Σολομῶντος
1371 543 1428 592 ἐν
1458 544 1523 610 τῇ
1559 540 1711 609 βασι-

1893 537 1978 588 li.
2031 536 2137 589 Sed
2189 547 2243 590 et
2286 535 2597 591 Salomonis
2656 534 2711 587 iu
2765 534 2986 589 basilica
3041 537 3399 591 exsistentem

125 642 253 708 ὶικῇ
314 637 480 689 οὖσαν
536 636 799 705 μεγίστην
836 633 1100 697 κατεάξας
1141 632 1473 702 προσέταξεν
1506 634 1565 683 ἐν
1597 633 1704 683 ὀνό-

1814 635 2048 679 statuam
2083 627 2373 679 maximam
2403 624 2761 695 confringens
2791 641 2889 679 suo
2921 627 3140 679 nomine
3168 626 3398 696 eﬂigiarl

128 746 262 798 ματι
318 727 489 780 αὑτοῦ
533 725 910 792 ἐκτυπωθῆναι
978 723 1070 777 καὶ
1115 723 1335 792 τεθῆναι
1369 721 1612 775 κάτωθεν
1648 723 1705 772 ἐν

1814 716 1967 785 jussit
2008 731 2071 769 ac
2120 716 2171 769 in
2230 716 2391 769 Nova:
2427 717 2673 785 ejusdem
2728 716 2974 772 ecclesiae
3024 717 3397 773 fundamentis

125 825 242 883 τοῖς
273 821 645 890 θεμελίοιςτῆς
685 818 852 888 αὐτῆς
883 819 1027 879 Νέας
1057 816 1375 886 ἐκκλησίας,
1410 816 1486 877 ὼς
1515 814 1706 867 θυσίαν

1814 807 1959 875 poni,
1993 822 2055 860 ac
2096 807 2138 858 si
2178 804 2485 860 istiusmodi
2522 806 2728 860 fabrica
2782 806 3017 860 hostiam
3066 822 3124 860 se
3167 809 3398 863 oﬂerret

125 912 328 964 ἑαυτὸν
351 911 429 981 τῷ
467 910 694 979 τοιούτῳ
725 910 975 978 κτίσματι
1004 906 1082 975 τῷ
1104 906 1222 975 Θεῷ
1250 906 1564 977 προσάγων.

204 1009 286 1054 ιε’.
331 1001 763 1069 Ἐπεστράτευσε
804 999 859 1051 δὲ
904 996 1064 1049 πάλιν
1094 998 1122 1048 ὁ
1154 995 1406 1065 βασιλεὺς
1434 995 1574 1048 κατὰ.
1594 994 1707 1048 Με-

127 1094 380 1161 λιττινῆς,
418 1091 512 1143 καὶ
543 1090 917 1159 αἰχμαλωσίαν
945 1089 1309 1158 ποιησάμενος
1344 1090 1439 1139 καὶ
1480 1087 1710 1150 πολλοὺς

130 1186 408 1253 πολέμους
434 1183 782 1252 κατορθώσας
826 1182 1189 1252 ὑπέστρεψεν.

204 1275 305 1339 ις’.
343 1278 579 1346 Τελευτᾷ
610 1277 666 1329 δὲ
701 1276 962 1343 Ἰγνάτιος
992 1279 1019 1328 ὁ
1066 1275 1433 1346 πατριάρχης,
1474 1276 1568 1328 καὶ
1596 1272 1713 1327 ἀντ’

133 1369 303 1421 αὐτοῦ
339 1370 500 1420 πάλιν
546 1367 865 1431 ἀναϐιϐάζει
893 1368 1097 1419 Φώτιον
1130 1369 1477 1439 πατριάρχην
1503 1366 1565 1419 τὸ
1594 1365 1715 1419 δεύ-

133 1477 293 1530 τερον
350 1458 513 1512 αὑτοῦ
540 1460 567 1511 ὁ
607 1458 879 1527 βασιλεύς.
916 1458 1072 1510 Μετὰ
1121 1458 1176 1511 δὲ
1234 1458 1405 1511 ταῦτα
1438 1460 1495 1510 ἐν
1529 1457 1715 1527 ἐξορία

132 1553 561 1619 τελευτήσαντος
587 1549 793 1602 Φωτίου
825 1552 1166 1621 πατριάρχου
1199 1549 1437 1620 άπετέθη
1469 1548 1529 1601 τὺ
1557 1548 1715 1618 σῶμα

134 1644 308 1696 αὑτοῦ
360 1647 416 1695 ἐν
477 1645 613 1711 μονῇ
670 1644 736 1711 τῇ
795 1642 1062 1712 λεγομένῃ
1103 1643 1199 1695 τοῦ
1246 1644 1509 1713 Ἰερεμίου
1541 1643 1598 1694 ἐν
1639 1642 1717 1713 τῷ

132 1734 568 1805 Μαρόοσαγάρῃ,
600 1733 764 1803 οὒσης
794 1734 1057 1803 πρότερον
1079 1734 1367 1802 καθολικῆς
1399 1735 1715 1803 ἐκκλησίας,

130 1828 301 1887 αὐτὸς
324 1825 382 1875 δὲ
408 1824 610 1887 (Mitto;
638 1826 893 1893 ἐποίησεν
926 1825 1091 1893 αὐτὴν
1128 1829 1294 1894 μονὴν
1317 1827 1653 1893 γυναικείαν.

210 1918 297 1981 ιζ’.
326 1917 493 1971 Πάλιν
520 1918 577 1970 δὲ
602 1920 952 1984 ἐκστρατευει
978 1919 1005 1969 ὁ
1037 1918 1288 1986 βασιλεὺς
1331 1920 1410 1981 εἰς
1441 1920 1710 1989 Γερμανι-
1746 1892 1791 1951 Β

132 2014 288 2075 κίαν,
313 2013 410 2063 καὶ
437 2012 641 2081 ταύτην
661 2012 1008 2080 ἐκπορθήσας
1047 2013 1142 2063 καὶ
1169 2012 1579 2081 αἰχμαλωτίσας
1608 2012 1707 2065 ὑπ·

133 2105 157 2153 ἐ
169 2103 396 2171 στρεψε.

209 2201 303 2262 ιη’.
334 2194 575 2264 Τελευτᾷ
606 2196 663 2248 δὲ
690 2196 1100 2258 Κωνσταντῖνος
1145 2198 1173 2249 ὁ
1202 2197 1315 2259 υἱὸς
1370 2198 1589 2265 Μιχαὴλ
1617 2198 1712 2267 βας

134 2287 335 2348 σιλέως
369 2286 429 2351 ἐξ
454 2286 732 2350 Εὑδοκίας,
756 2288 831 2350 ὼς
860 2287 917 2340 δὲ
946 2288 1123 2357 λόγος,
1152 2289 1269 2350 υίὸς
1301 2289 1582 2342 Βασιλείου
1608 2307 1619 2319 ·
1655 2290 1715 2342 ὃν

134 2378 309 2432 πολλᾶ
365 2378 633 2449 ἐθρήνησε
669 2378 968 2445 Βασίλειος,
1023 2379 1194 2432 πολλὰ
1239 2382 1480 2451 στέργων
1527 2382 1711 2435 αὐτόν.

134 2471 249 2525 Καὶ.
272 2471 514 2541 ἀπετέθη
542 2471 603 2524 τὸ
630 2471 788 2543 σῶμα
810 2473 972 2526 αὐτοῦ
989 2475 1046 2527 ἐν
1072 2476 1185 2537 τοῖς
1218 2474 1409 2542 τάφοις
1438 2475 1545 2527 τῶν
1571 2474 1717 2543 βασι·

133 2565 190 2618 λέ
197 2584 294 2619 ων.

206 2654 291 2708 ιθ’.
345 2656 505 2726 Μαΐῳ
533 2654 581 2708 α’
612 2655 982 2722 ἐγκαινίξεται
1006 2658 1100 2710 καὶ
1131 2657 1499 2728 ἐνθρονξζεται
1534 2658 1565 2727 ὴ
1597 2658 1713 2711 Νέα

134 2749 427 2816 ἐκκλησία,
478 2749 549 2818 ἢν
593 2746 807 2800 ἔκτισεν
845 2750 873 2801 ὁ
918 2747 1175 2817 βασιλεὺς
1231 2749 1324 2801 καὶ
1374 2748 1716 2802 ἐκαλλώπισε

133 2843 332 2909 κόσμῳ
362 2839 563 2911 πολλῷ,
618 2842 770 2909 παρὰ
812 2841 1019 2893 Φωτίου
1072 2842 1435 2912 πατριάρχου,
1492 2841 1590 2895 τοῦ
1621 2842 1715 2913 βα-

136 2931 331 2994 σιλέως
356 2931 531 3002 λῶρον
569 2933 900 3001 φορέσαντος
929 2934 1024 2985 καὶ
1049 2934 1313 3003 χρήματα
1344 2933 1517 2988 πολλὰ
1533 2934 1717 2999 δόντος

135 3023 231 3076 καὶ
259 3024 409 3076 Νέαν
439 3023 609 3094 αὐτὴν
638 3025 1098 3094 ἐπονομάσαντος.

206 3112 275 3167 κ’.
318 3114 628 3185 Ἀπεστάλη
655 3114 712 3168 δὲ
746 3116 899 3185 παρὰ
956 3116 1050 3169 τοῦ
1106 3117 1372 3187 βασιλέως
1412 3121 1716 3192 Προκῶιιος

133 3204 632 3275 πρωτοϐεστιάριος
655 3207 794 3275 μετὰ
814 3207 1033 3261 πάντων
1064 3208 1171 3262 τῶν
1196 3210 1425 3265 δυτικῶν
1444 3213 1713 3284 θεμάτων,
1746 3225 1788 3283 c

131 3296 291 3359 ιντος
354 3297 662 3365 Εὐπραξίου
723 3299 1099 3369 στρατηλάτου
1162 3304 1242 3365 είς
1292 3304 1565 3373 Σικελίαν,
1622 3308 1717 3360 καὶ

133 3391 213 3454 είς
249 3391 599 3460 Κεφαληνίαν
653 3392 747 3445 τοῦ
808 3394 1180 3465 Μουσουλίκη,
1215 3399 1295 3461 είς
1321 3399 1377 3451 δὲ
1402 3400 1463 3452 τὸ
1501 3400 1717 3471 Δυρῤά-

134 3496 252 3547 χιον
304 3480 397 3531 τοῦ
436 3481 761 3551 Ῥαὸδοὺχου
804 3483 899 3535 καὶ
952 3485 1011 3536 ἐν
1064 3488 1132 3555 τῇ
1187 3487 1588 3560 Πελοποννήσῳ
1620 3490 1715 3544 τοῦ

145 3572 393 3625 ὐνιάτου
447 3574 540 3626 καὶ
579 3574 671 3626 τοῦ
705 3575 1092 3629 Ἀποστὺππου
1126 3594 1140 3609 ·
1211 3580 1359 3642 ὅστις
1412 3582 1716 3651 Προκὸπιος

134 3664 337 3725 πολλὰς
377 3666 608 3735 πράξεις
630 3668 720 3719 καί
752 3668 1124 3738 ἀνδραγαθίας
1149 3673 1526 3743 ἐργασάμενος
1552 3677 1717 3747 ἐσχά-

133 3772 242 3818 τως
284 3756 524 3825 πολέμου
577 3757 657 3829 [Ρ.
691 3759 817 3832 547]
864 3764 1149 3829 γεγονότος
1210 3766 1305 3817 καὶ
1360 3768 1713 3838 προδοθέντος

134 3848 239 3899 ὑπὸ
262 3848 358 3899 τοῦ
398 3849 784 3920 ’Δποστύππης
801 3854 845 3885 ⁹⁹
871 3854 1108 3923 ἐσφάγη.

204 3937 311 3992 κα’.
351 3941 504 3993 Λέων
557 3942 612 3996 δὲ
638 3946 665 3996 ὁ
689 3945 995 4017 Σαλιόαρᾶς
1051 3950 1325 4019 συνοψξζει
1381 3954 1569 4024 Φωτίῳ
1608 3971 1713 4007 πα-

134 4031 371 4100 τριάρχῃ
403 4031 678 4104 Θεόδωρον
741 4038 994 4108 μοναχὸν,
1046 4042 1485 4112 άρχιεπίσκοπον
1519 4047 1711 4117 Εὐχαῖ-

130 4122 262 4184 τῶν,
284 4122 359 4184 ὡς
396 4124 599 4194 εὐλαϐῆ
646 4128 743 4180 καὶ
776 4128 1036 4183 ποιοῦντα
1061 4132 1326 4202 τεράστια
1356 4137 1450 4188 καὶ
1477 4155 1710 4209 προορα-

130 4213 303 4266 τικόν.
370 4214 573 4280 Φὼτιος
602 4217 658 4271 δὲ
687 4216 879 4273 τοῦτον
912 4221 989 4291 τῷ
1023 4221 1236 4291 βασιλεί
1289 4229 1566 4296 μεσιτεύει
1617 4232 1710 4285 καὶ

134 4304 429 4374 συνοψίζει.
481 4308 573 4371 Εἰς
633 4308 749 4364 6νό
777 4312 1031 4382 βασιλεὺς
1081 4316 1336 4386 ἀρεσθεὶς
1393 4321 1553 4392 (πρὸς
1603 4326 1710 4396 γὰρ

131 4400 228 4460 τὰς
281 4399 581 4469 ἐπιθυμίας
626 4403 790 4458 αὐτοῦ
834 4406 1089 4479 διέκειτο)
1142 4405 1287 4480 εἶχεν
1340 4412 1434 4469 οὖν
1458 4416 1622 4470 αὑτὸν
1651 4419 1709 4471 ἐν

131 4490 265 4582 τιμῇ
319 4491 507 4561 πολλῇ.
547 4496 645 4556 Ὃς
675 4495 992 4567 ἀθυμοῦντα
1037 4502 1131 4554 τὸν
1180 4504 1408 4573 βασιλέα
1456 4512 1702 4582 περὶτοῦ

130 4580 552 4653 τελευτήσαντος
610 4586 729 4641 υἱοῦ
780 4591 946 4646 αὑτοῦ
1004 4596 1456 4667 Κωνσταντίνου,
1520 4604 1607 4658 διὰ
1646 4608 1706 4661 τὸ

132 4674 358 4769 φίλτρον
407 4677 542 4749 ὅπερ
606 4681 683 4743 εἰς
734 4682 898 4736 αὑτὸν
955 4682 1121 4757 εἶχεν,
1156 4690 1385 4757 ἐπλάνα,
1415 4698 1509 4750 καὶ
1530 4699 1692 4769 ἐπηγ-

132 4766 354 4862 γέλλετο
393 4768 561 4862 θεῖξαι
614 4770 794 4836 ζῶντα
823 4776 901 4847 τῷ
938 4778 1182 4849 βασιλεῖ’
1212 4784 1241 4837 ὃ
1273 4790 1365 4841 καὶ
1404 4766 1663 4862 ἐποίησε-ν
1691 4811 1704 4825 ·

143 4856 373 4958 Ἐνιγὰρ
394 4859 568 4958 λόχμῃ
592 4864 699 4917 τινὶ⁵
726 4866 1059 4944 διερχομένῳ
1076 4876 1152 4946 τῷ
1172 4878 1380 4947 βασιλεί
1410 4856 1704 4958 φάντασμα

134 4952 468 5048 συνήντησεν
518 4955 795 5025 ἔφιππον,
854 4967 1264 5035 χρυσοΰφαντον
1326 4952 1699 5048 ἐνδεδυμένον,

131 5042 186 5091 ἐν
217 5044 352 5096 εῖδει
396 5046 487 5099 τοῦ
540 5050 975 5112 Κωνσταντίνου.
1012 5063 1077 5113 '0
1107 5068 1201 5116 καί
1232 5068 1533 5141 ὀφθαλμοῖς
1562 5071 1701 5131 εἶδεν

131 5134 217 5233 11:.
256 5137 617 5233 περιπλακεὶς
677 5146 1027 5217 κατεφίλησε.
1075 5155 1185 5206 Καὶ
1231 5134 1525 5225 γεγονότος
1556 5166 1701 5233 ἀφα-

129 5224 270 5287 νοῦς.
328 5228 491 5283 αὑτὸν
557 5234 685 5287 ἰδεῖν
733 5238 1101 5312 ὑπελάμὸανε,
1158 5250 1253 5301 καὶ
1311 5252 1385 5316 ὡς
1408 5257 1467 5308 οὐ
1496 5259 1702 5313 πει-τλά-

129 5330 305 5384 vra-at.
370 5320 461 5372 Διὸ
516 5325 609 5377 καὶ
661 5329 828 5402 μονὴν
883 5335 1061 5389 ἐκεῖσε
1098 5340 1298 5406 κτίσας
1343 5348 1702 5419 ἐπωνόμασεν

129 5407 297 5480 αὐτὴν
326 5412 419 5465 τοῦ
444 5416 597 5483 ἁγίου
631 5421 1063 5485 Κωνσταντίνου.

1814 893 1942 949 Deo.

1883 988 1971 1040 15.
2038 987 2301 1055 Suscepta
2359 1002 2493 1040 vero
2543 1003 2735 1043 rursus
2783 989 3081 1057 imperator
3131 987 3400 1041 adversus

1813 1078 2117 1134 Melitinem
2151 1060 2547 1149 expeditione,
2597 1081 2785 1133 multis
2830 1082 2931 1134 sub
2964 1083 3155 1151 jugum
3216 1081 3400 1134 missis

1813 1173 2111 1239 multisque
2135 1170 2280 1226 felici
2305 1181 2478 1227 marte
2504 1172 2742 1242 peractis
2777 1173 2986 1240 prceliis
3010 1188 3264 1228 reversus
3291 1183 3395 1228 est.

1886 1264 1976 1316 16.
2020 1262 2249 1317 Moritur
2290 1280 2422 1317 vero
2477 1263 2721 1334 lgnatius
2764 1262 3114 1332 patriarcha;
3170 1266 3398 1334 ejusque

1817 1356 1940 1409 loco
1963 1370 2159 1408 rursus
2190 1354 2444 1408 Photium
2466 1352 2831 1422 patriarcham
2865 1353 3120 1421 provehit
3143 1354 3396 1407 Basilius.

1818 1444 2012 1497 Postea
2046 1453 2228 1497 autem
2267 1452 2487 1497 mortuo
2520 1443 2573 1495 in
2604 1442 2798 1496 exsilio
2843 1442 3155 1511 patriarcha
3178 1444 3396 1504 l’hotio,

1818 1533 1940 1602 ejus
1986 1534 2302 1603 depositum
2367 1533 2534 1587 funus
2588 1540 2675 1586 est
2733 1532 2788 1585 in
2854 1534 3192 1587 monasterio
3252 1533 3401 1602 quod

1818 1626 2071 1681 Jeremite
2104 1637 2305 1681 vocant
2332 1626 2386 1680 in
2419 1624 2826 1694 Mardosagari;
2871 1625 3017 1693 quod
3061 1636 3221 1680 antea
3274 1626 3401 1679 uni-

1821 1716 2047 1769 versalis
2078 1716 2316 1769 ecclesia
2356 1724 2479 1768 erat
2520 1730 2583 1768 ac
2614 1715 2849 1784 parcecia
2871 1716 3088 1782 utrique
3120 1714 3273 1767 sexui
3300 1715 3401 1769 de-

1822 1804 1957 1867 dita,
1980 1807 2209 1859 Pbotius
2232 1820 2365 1858 vero
2387 1804 2714 1858 feminarum
2737 1804 3131 1859 monasterium
3172 1805 3401 1862 fecerat.

1896 1898 1981 1949 l7.
2037 1897 2249 1951 Rursus
2276 1912 2408 1950 vero
2453 1911 2578 1949 cum
2618 1896 2862 1949 exercitu
2910 1897 3189 1965 profectus
3229 1897 3404 1966 impe-

1822 1998 1970 2044 rator
2014 1990 2066 2042 in
2121 1988 2547 2055 Gerinaniciam,
2611 1990 2702 2044 illa
2754 1997 2911 2059 capta
2960 2002 3016 2045 et
3062 1991 3164 2045 sub
3209 1993 3399 2064 jugum

1819 2081 1984 2135 missa
2015 2096 2272 2136 reversus
2294 2091 2398 2135 est.

1890 2169 1976 2222 18.
2029 2168 2259 2222 Moritur
2298 2167 2693 2223 Constantinus
2742 2169 3025 2225 Michaelis
3053 2172 3404 2242 imperatoris

1818 2274 1884 2312 ex
1914 2259 2157 2312 Eudoeia
2180 2258 2348 2324 filius,
2383 2259 2671 2314 hominum
2709 2271 2891 2316 autem
2914 2279 2979 2319 ac
3008 2266 3154 2336 vulgi
3179 2282 3402 2323 rumore

1820 2349 1964 2403 ﬁlius
1998 2348 2202 2403 Basilii.
2258 2350 2418 2405 Hunc
2450 2350 2687 2408 Basilius
2720 2355 3022 2424 plurimum
3070 2357 3233 2421 luxit,
3278 2375 3401 2413 cum

1819 2439 2052 2493 multum
2109 2455 2237 2494 eum
2294 2440 2580 2509 diligeret.
2613 2443 3048 2517 Depositumque
3096 2457 3180 2503 est
3222 2449 3407 2519 ipsius

1818 2531 1984 2588 funus
2027 2534 2084 2586 in
2133 2532 2405 2601 sepulcris
2439 2548 2650 2606 regum.

1890 2622 2056 2694 855
2110 2624 2195 2678 19.
2246 2622 2505 2679 Calendis
2558 2626 2681 2681 Maii
2740 2628 3030 2684 dedicatur
3089 2631 3405 2702 divinisque

1819 2714 2040 2784 publice
2069 2714 2745 2787 laudibus'frequentanda
2775 2723 3025 2791 aperitur
3055 2721 3204 2779 Nova
3228 2727 3405 2781 eccle-

1819 2806 1921 2870 sia,
1963 2823 2124 2877 quatn
2178 2808 2431 2863 condidit
2478 2810 2810 2879 imperator.
2860 2816 3143 2885 multaque
3182 2818 3401 2888 egregia

1820 2897 2150 2966 supellectili
2194 2899 2429 2963 ornavit,
2481 2916 2512 2955 a
2550 2901 2750 2956 Photio
2785 2905 3118 2973 patriarcha,
3153 2918 3402 2977 gestante

1820 2990 2000 3044 lorum
2038 2991 2370 3061 imperatore
2401 2992 2714 3065 multasque
2764 2996 3068 3067 elargiente
3116 3002 3399 3070 pecunias,

1822 3097 1885 3136 ac
1914 3083 2077 3137 Nova:
2103 3085 2326 3139 nomine
2357 3083 2433 3139 illi
2460 3086 2657 3141 indito.

1891 3174 1979 3228 20.
2012 3176 2210 3230 Missus
2240 3186 2424 3231 autem
2468 3188 2554 3233 est
2601 3178 2672 3233 ab
2708 3181 3043 3251 imperatore
3076 3186 3400 3257 Procopius,

1821 3269 2280 3337 protovestiarius
2318 3285 2447 3324 cum
2480 3272 2742 3326 omnibus
2775 3275 2952 3344 copiis
2985 3293 3049 3332 ac
3089 3278 3402 3349 legionibus

1821 3358 2279 3423 occidentalibus,
2312 3360 2576 3430 magistro
2616 3363 2827 3419 militia:
2851 3364 3091 3437 bellique
3127 3370 3267 3425 duce
3293 3370 3402 3425 Eu-

1820 3451 2013 3518 praxio
2044 3450 2099 3504 in
2132 3450 2340 3517 Sicilia,
2366 3462 2422 3507 et
2446 3454 2501 3507 in
2528 3454 2863 3525 Cephalenia
2889 3459 3175 3528 Musulice,
3204 3465 3403 3535 Dyrra-

1819 3542 1929 3596 chii
1957 3557 2088 3597 vero
2112 3544 2477 3609 Rhahducho,
2504 3546 2560 3602 in
2585 3548 2967 3619 Peloponneso
2987 3564 3171 3609 autem
3205 3555 3401 3613 Oniato

1819 3641 1875 3686 et
1898 3632 2252 3704 Apostyppo;
2288 3638 2592 3707 multisque
2624 3642 2893 3709 praeclare
2920 3658 2983 3697 ac
3013 3644 3210 3703 bellica
3240 3649 3399 3704 forti-

1818 3723 2008 3779 tudine
2040 3726 2230 3795 gestis,
2264 3743 2430 3797 quem
2459 3730 2733 3795 dicebam,
2768 3733 3089 3803 Procopius,
3126 3738 3193 3793 ad
3220 3750 3401 3795 extre-

1816 3829 1965 3869 mum
1998 3827 2251 3872 conserta
2308 3834 2487 3890 pugna
2521 3821 2837 3893 Apostyppe
2885 3825 3169 3894 proditore
3221 3845 3397 3886 czesus

1816 3914 1919 3961 est.

1882 3996 1972 4051 21.
2006 3997 2179 4053 Porro
2213 3997 2324 4054 Leo
2353 4000 2629 4059 Salibaras
2669 4004 3024 4063 Theodorum
3061 4013 3391 4069 monachum

1814 4087 2208 4145 Euchaitorum
2268 4092 2747 4165 archiepiscopum
2809 4098 3009 4155 Photio
3069 4104 3392 4173 patriarchae

1813 4196 1997 4236 coram
2029 4182 2082 4236 in
2124 4194 2480 4253 conspectum
2523 4188 2771 4256 adducit,
2821 4194 3282 4266 commendatque
3334 4209 3392 4251 ut

1815 4271 1989 4325 virum
2018 4271 2336 4342 religiosum
2366 4283 2423 4329 et
2456 4274 2751 4333 facientem
2784 4282 3031 4354 prodigia
3085 4300 3150 4340 ac
3180 4302 3393 4356 pramo-

1814 4363 2001 4418 scendi
2032 4363 2218 4420 futura
2257 4366 2589 4425 charismate
2638 4372 2949 4440 praaditum.
2988 4377 3219 4434 Pbotius
3260 4396 3391 4436 vero

1814 4452 1894 4508 illi
1920 4452 1989 4507 ad
2026 4453 2417 4525 imperatorem
2452 4457 2725 4515 admissor
2751 4462 3007 4531 efﬁcitur,
3044 4477 3100 4521 et
3144 4476 3205 4521 ut
3251 4484 3391 4539 prae-

1739 4561 1782 4616 ι)
1812 4546 1987 4601 sentia
2010 4544 2420 4619 fruatur.Cujus
2441 4549 2741 4620 imperator
2762 4566 3047 4612 recreatus
3068 4573 3385 4629 congressu,

1813 4637 2019 4709 quippe
2050 4654 2117 4693 ex
2171 4639 2331 4709 cujus
2362 4640 2728 4711 cupiditatum
2765 4646 2977 4703 ratione
3036 4663 3388 4722 comparatus

1808 4736 1976 4793 esset,
2007 4729 2063 4784 in
2095 4729 2270 4785 multo
2290 4745 2419 4785 eum
2468 4732 2677 4790 honore
2709 4735 2965 4793 habebat.
2999 4741 3191 4797 Μαιεῑο
3222 4744 3389 4814 igitur

1812 4821 1998 4875 animo
2040 4837 2165 4877 cum
2200 4833 2348 4878 esset
2381 4824 2685 4895 imperator
2736 4830 2833 4884 lilii
2891 4834 2977 4886 sui
3033 4834 3383 4891 Constantini

1811 4926 2033 4977 occasu,
2076 4928 2188 4983 pra:
2221 4914 2391 4969 nimia
2424 4916 2515 4971 illa
2549 4921 2754 4974 amoris
2786 4924 2838 4977 vi
2873 4939 2981 4993 qua
3022 4941 3148 4980 eum
3201 4943 3389 4998 prosc-

1811 5005 2103 5074 qucbatur,
2155 5021 2346 5062 errore
2393 5010 2669 5067 seduccns
2703 5014 2886 5069 vivum
2935 5018 3230 5086 pollicetur
3259 5037 3385 5076 eum

1810 5108 1869 5149 se
1899 5094 1975 5147 illi
2003 5106 2387 5162 ostensurum;
2417 5100 2562 5169 quod
2594 5109 2650 5154 et
2682 5101 2828 5157 fecit.
2874 5104 3203 5163 Transeunti
3238 5111 3385 5164 enim

1812 5185 1867 5239 in
1895 5186 2130 5255 quodam
2181 5190 2320 5244 saltu
2371 5191 2691 5260 imperatori
2746 5198 3069 5267 phantasma
3109 5204 3384 5271 quoddam

1810 5291 1875 5329 ac
1919 5286 2220 5346 spcctrum,
2264 5297 2411 5350 equo
2461 5284 2726 5351 insidens,
2772 5300 3027 5347 contexta
3070 5309 3203 5348 auro
3234 5297 3385 5350 chla-

1815 5360 1994 5432 myde,
2029 5363 2083 5416 in
2124 5364 2471 5422 Constantini
2502 5372 2685 5439 Specie
2712 5376 2879 5448 846
2910 5380 3202 5452 ipsumque
3240 5388 3385 5439 refe-

1394 5813 1623 5868 VARI}:
1669 5817 2076 5877 ιεατιολεδ.

365 5936 644 6047 Ριτιιοι..
669 5989 781 6048 Cll.
817 5993 943 6053 CIX
