4158 6438
139 388 247 448 9οῧ

1251 380 1288 435 \'
1306 379 1447 437 l'l‘ﬁ
1492 377 1923 438 ltECENTIUR
1937 381 1978 439 U
1993 381 2043 437 Μ
2085 381 2261 441 ῙΜΡΡ

3300 381 3404 445 910

139 492 429 553 καθεσθεις
497 492 676 543 ἐκεῖσε
732 492 827 542 κοιλ⁸
878 489 1177 558 ἀνακρίνας
1220 489 1287 541 τὰ
1334 489 1451 540 κατ’
1507 489 1723 550 αὐτοὺς,

1840 488 1998 559 848
2034 488 2143 542 illic
2176 488 2460 551 tribunali,
2493 502 2682 541 eorum
2708 488 2962 558 judicans
2994 504 3238 555 causam,
3265 505 3403 544 cun-

140 584 353 644 πάντας
402 581 579 649 τύψας
636 581 728 633 καὶ
782 578 1089 649 κουρεύσας
1147 578 1244 641 τὰς
1275 578 1722 647 περιλειφθείσας

140 680 334 749 τρίχας
403 678 744 730 κατέκαυσε.
805 674 962 728 Μετὰ
985 673 1040 724 δὲ
1072 671 1245 724 ταῦτα
1307 671 1530 739 ἐξῆλθεν
1578 673 1723 740 ἐντῇ

140 770 464 842 προελεύσει
489 768 583 821 τοῦ
639 766 1075 836 Εὐαγγελισμοῦ,
1138 766 1227 817 ὅτε
1254 765 1348 818 καὶ
1377 765 1475 833 τὴν
1507 763 1728 816 ἐπιδου-

140 866 237 932 λὴν
305 862 536 933 ἔμελλον
588 861 832 929 ποιῆσαι.
895 855 1341 927 Περιεπάτουνδέ
1373 853 1598 907 ὄπισθεν
1627 854 1723 905 a0-

140 956 233 1008 τοῦ
276 956 480 1023 γυμνοὶ
540 952 700 1022 μέχρι
730 951 824 1004 τοῦ
868 950 1036 1020 φόρου
1064 949 1367 1018 δεδεμένοι,
1420 946 1600 1011 καθὼς
1644 946 1722 997 δι-

138 1049 403 1119 ωρίσατο.
435 1044 545 1099 Εἶθ’
580 1045 755 1107 οὓτως
785 1046 995 1106 πάντας
1023 1041 1304 1113 δημεύσας
1333 1038 1618 1110 ἐξώρισεν.

210 1226 318 1291 κζ’.
357 1224 461 1277 Τοῦ
486 1223 542 1277 δὲ
577 1222 839 1293 βασιλέως
876 1220 1180 1286 ἐξελθόντος
1228 1218 1363 1289 πρὸς
1393 1217 1454 1269 τὸ
1488 1216 1730 1285 κυνηγῆ-

143 1338 254 1385 σαι,
306 1319 508 1385 ἐλάφου
564 1316 727 1369 ποθὲν
785 1313 1154 1381 ἀναφανέντος
1203 1310 1620 1380 παμμεγέθους,
1655 1309 1731 1370 ὡς

144 1412 312 1464 αὐτὸν
366 1409 620 1479 βασιλεὺς
665 1407 1019 1469 κατεδίωκεν,
1068 1403 1429 1472 ἐπιστραφεὶς
1458 1405 1486 1456 ὁ
1532 1402 1733 1469 ἔλαφος

143 1500 246 1573 ἦρε
286 1503 381 1555 τὸν
423 1500 646 1572 βασιλέα
678 1503 742 1553 ἐκ
770 1500 871 1567 τῆς
903 1497 1080 1568 ζώνης
1100 1497 1209 1552 ἀπὸ
1236 1495 1332 1549 τοῦ
1371 1497 1560 1548 ἵππου.
1589 1493 1733 1546 Φθὰ-

147 1613 243 1657 σας
270 1596 328 1647 δέ
353 1612 438 1657 τις
493 1593 591 1647 καλ⁸
644 1593 742 1662 τὴν
799 1592 1015 1662 σπάθην
1071 1589 1392 1662 γυμνώσας,
1422 1588 1523 1658 τὴν
1557 1586 1733 1657 ζώνην

145 1688 391 1755 ἐκκόψας
435 1687 526 1739 τὸν
586 1685 813 1755 βασιλέα
864 1685 1158 1755 ἐρῥύσατο.
1212 1681 1367 1737 Μετᾶ
1393 1681 1448 1733 δὲ
1475 1679 1570 1733 τοῦ
1598 1680 1734 1732 ἁπο-

148 1781 459 1850 στραφῆναι
482 1778 738 1830 ἐκέλευσε
758 1777 849 1828 τὸν
865 1776 965 1846 τὴν
988 1774 1167 1843 ζώνην
1191 1771 1734 1841 αὐτοῦ’ἀποτεμόντα

146 1871 535 1940 ἀποτμηθῆναι
582 1868 681 1938 τὴν
712 1869 956 1937 κεφαλὴν
990 1868 1062 1931 ὡς
1094 1867 1180 1939 [Ρ.
1214 1866 1339 1938 549]
1369 1865 1736 1936 γυμνώσαντα

144 1964 205 2014 τὸ
225 1964 381 2030 ξίφος
428 1963 546 2015 κατ’
594 1961 781 2026 αὑτοῦ,
816 1962 987 2015 πολλὰ
1010 1961 1456 2029 ἀπολογουμένου
1490 1958 1565 2019 ὡς
1592 1956 1734 2026 ὑπὲρ

146 2056 244 2122 τῆς
293 2054 571 2125 σωτηρίας
625 2053 792 2107 αὐτοῦ
829 2052 987 2107 τοῦτο
1021 2051 1403 2121 πεποιηκέναι’
1439 2050 1553 2103 ἀλλ’
1580 2050 1733 2102 οὐδὲν

146 2147 455 2216 ὠφέλησεν.
497 2148 591 2198 Ἐκ
622 2147 678 2199 δέ
702 2146 796 2199 τοῦ
854 2144 1188 2215 σπαραγμοῦ
1215 2144 1312 2213 τῆς
1344 2144 1543 2212 ἐλάφου
1573 2159 1734 2211 νοση-

148 2239 363 2301 λευθεὶς
397 2237 678 2300 Βασίλειος
727 2236 975 2307 τελευτᾷ,
1011 2234 1329 2290 καταλιπὼν
1350 2235 1555 2288 Λέοντα
1579 2234 1738 2287 αὺτο-

147 2332 397 2403 κράτορα
433 2333 528 2383 καὶ
570 2330 950 2401 Ἀλέξανδρον.

290 2532 613 2585 ΒΑΣΙΛΕῙΑ
644 2528 961 2586 ΔΕυΝΤΟΣ
1002 2528 1168 2582 ΥῘΟΥ
1205 2525 1591 2583 ΒΑΣΙΛΕῙΟΥ.

222 2694 317 2764 Τῷ
347 2697 542 2759 ,ςτπς¹
569 2689 681 2744 ἔτει
719 2688 814 2743 τοῦ
840 2689 1071 2759 κόσμου,
1106 2687 1204 2757 τῆς
1232 2687 1291 2739 δὲ
1318 2685 1471 2748 Θείας
1517 2684 1737 2753 σαρκώ-

152 2802 291 2849 σεως
330 2790 498 2848 ωπςῆ
539 2781 889 2837 ἐϐασίλευσεν
930 2779 1085 2833 Λέων
1113 2780 1141 2831 ὁ
1169 2777 1285 2839 υἱὸς
1330 2774 1613 2829 Βασιλείου
1641 2776 1738 2841 ἐτη

154 2876 526 2942 εἰκοσιπέντε,
559 2873 735 2943 μῆνας
753 2870 920 2926 ὀκτώ.
946 2872 1218 2940 Στέφανος
1240 2870 1297 2922 δὲ
1325 2870 1352 2921 ὁ
1382 2867 1546 2921 αὐτοῦ
1578 2866 1737 2919 ἀδελ-

154 2971 254 3040 φὸς
278 2965 543 3037 κληρικδς
564 2964 639 3017 ῶν
670 2964 763 3017 καὶ
792 2962 1089 3042 σύγκελλος
1111 2956 1181 3032 ἦν
1207 2958 1347 3030 μετὰ
1404 2956 1609 3010 Φωτξου
1641 2975 1740 3009 πα-

151 3060 447 3131 τριάρχου,
508 3054 950 3127 ἁνατρεφόμενος
990 3053 1126 3121 παρ’
1160 3050 1328 3104 αὑτοῦ
1359 3050 1453 3102 καὶ
1481 3048 1735 3101 παιδευό-

156 3168 344 3220 μενος.
382 3149 524 3203 ὐδέ
554 3147 717 3211 αὐτὸς
762 3146 916 3200 Λέων
958 3143 1097 3215 μετὰ
1151 3142 1214 3196 τὸ
1261 3140 1737 3212 αὑτοκρατορῆσαι

155 3242 481 3295 ἀπέστειλεν
525 3239 782 3310 Ἀνδρέαν
806 3236 1189 3308 στρατηλάτην
1216 3235 1355 3304 μετὰ
1388 3234 1576 3303 κηρῶν
1607 3231 1739 3285 πολ-

150 3332 263 3386 λῶν
323 3331 607 3402 κληρικῶν
640 3347 700 3382 τε
731 3330 826 3383 καὶ
863 3326 1239 3397 συγκλητικῶν
1271 3328 1329 3378 ἐν
1374 3324 1738 3395 Χρυσοπόλει,

151 3426 251 3479 καὶ
305 3424 579 3491 ἐξήγαγεν
627 3421 848 3492 Μιχαὴλ
875 3422 941 3473 ἐκ
966 3422 1060 3472 τοῦ
1103 3420 1302 3487 τάφου,
1348 3419 1440 3470 καὶ
1464 3415 1658 3469 ἔϐαλεν
1681 3418 1737 3467 ἐν

153 3518 531 3585 γλωσσοκόμῳ
590 3514 977 3584 κυπαρισσίνῳ
1005 3528 1017 3541 ·
1054 3514 1149 3565 καὶ
1182 3511 1276 3564 ἐπὶ
1312 3509 1589 3580 κραϐἀτου
1621 3508 1741 3561 θέν-

152 3627 246 3674 τες
297 3609 394 3662 καὶ
456 3608 835 3669 σκεπάσαντες
889 3604 1189 3674 βασιλικῶς
1233 3621 1292 3655 τε
1353 3603 1688 3672 τιμήσαντες
1723 3640 1737 3663 ,

155 3704 279 3775 μεθ’
337 3703 525 3772 ὓμνων
584 3703 678 3753 καὶ
724 3702 890 3769 τιμῆς
933 3696 1159 3765 πολλῆς,
1223 3695 1509 3764 ἑπομένων
1557 3694 1739 3745 ἐκεῖσε

152 3798 249 3849 καὶ
293 3794 406 3849 τῶν
455 3791 700 3861 ἀδελφῶν
760 3789 947 3853 αὐτοῦ,
980 3789 1187 3857 ἢγαγεν
1242 3787 1323 3849 εἰς
1355 3786 1481 3847 τοὺς
1521 3784 1738 3852 Ἀγίους

166 3887 526 3949 Ἀποστόλους
552 3886 647 3938 καὶ
675 3882 912 3937 ἀπέθετο
937 3883 994 3934 ἐν
1021 3881 1269 3950 λάρνακι.

226 3980 294 4048 β’.
343 3977 499 4033 Μετὰ
543 3976 770 4029 ταῦταὸ
805 3973 1058 4044 βασιλεὺς
1108 3972 1430 4026 ἀπέστειλεν
1476 3972 1736 4040 Ἀνδρέαν

152 4072 476 4144 ὼμέστικον
535 4069 645 4122 τῶν
710 4067 915 4137 σχολῶν
943 4067 1060 4135 ἃμα
1126 4065 1350 4135 Ἰωάννῃ
1392 4064 1740 4135 Ἀγιοπολίτῃ

153 4164 457 4232 σοφωτάτῳ
504 4160 599 4214 καὶ
655 4158 903 4227 γεγονότι
948 4155 1214 4227 λογοθέτῃ
1242 4154 1337 4208 τοῦ
1376 4155 1601 4226 δρόμων
1645 4157 1741 4208 καὶ

153 4263 211 4313 ἐν
239 4257 320 4327 τῷ
370 4254 589 4325 ἆμόωνι
644 4252 747 4322 τῆς
800 4251 1101 4319 ἐκκλησίας
1145 4249 1482 4313 ἀνελθόντες,
1512 4249 1609 4310 τὰς
1644 4248 1737 4302 τοῦ

152 4348 505 4420 πατριάρχου
568 4345 776 4399 Φωτίου
841 4344 1020 4406 αἰτίας
1096 4341 1423 4410 ἀναγνόντες
1450 4381 1464 4404 ,
1551 4341 1738 4393 τοῦτον

150 4443 251 4497 τοῦ
295 4441 489 4513 θρόνου
515 4439 860 4509 κατήγαγον,
917 4436 1013 4489 καὶ
1043 4434 1384 4505 περιώρισαν
1416 4435 1473 4486 ἐν
1511 4435 1576 4504 τῇ
1603 4436 1738 4504 μονῇ

151 4537 264 4589 τῶν
306 4531 683 4605 ’Λρμενιανῶν
702 4532 767 4600 τῇ
801 4528 1174 4600 ἐπιλεγομένη
1196 4528 1289 4581 τοῦ
1320 4527 1601 4598 Βόρδονος.

223 4626 299 4696 γ’.
349 4622 691 4697 Προεϐἇλετο
723 4625 781 4679 δέ
800 4627 828 4678 ό
856 4621 1110 4693 βασιλεὺς
1140 4620 1430 4674 Στυλιανὸν
1458 4621 1739 4686 Ζαούτξαν

155 4725 463 4793 μάγιστρον
521 4720 617 4773 καὶ
661 4717 956 4786 λογοθέτην
1006 4715 1104 4769 τοῦ
1156 4715 1381 4785 δρόμου.
1475 4716 1741 4786 ’Δνήγαγε

152 4814 211 4866 δέ
240 4813 521 4881 Στέφανον
573 4809 665 4863 τὸν
722 4807 1023 4877 σύγκελλον
1077 4809 1172 4860 καὶ
1230 4808 1460 4877 ἀδελφὸν
1489 4808 1658 4861 αὑτοῦ
1685 4810 1742 4861 ἐν

153 4904 235 4974 τῷ
266 4901 686 4973 πατριαρχείῳο
729 4902 823 4953 καὶ
856 4900 963 4969 πρὸ
998 4898 1105 4952 τῶν
1138 4898 1377 4969 Χριστοῦ
1408 4900 1613 4967 γεννῶν
1639 4918 1744 4970 χει-

158 4996 463 5067 ροτονεῖται
520 4991 867 5063 πατριάρχης
918 4991 1024 5043 ὑπὸ
1056 4991 1362 5058 Θεοφάνους
1390 4991 1483 5043 τοῦ
1530 5008 1742 5064 πρωτο-

158 5091 353 5158 θρόνου
419 5087 517 5141 καὶ
559 5085 764 5139 λοιπῶν
825 5084 1158 5155 ἀρχιερέων·
1196 5086 1291 5138 καὶ
1316 5087 1547 5156 ποιήσας
1578 5087 1637 5138 ἐν
1666 5088 1743 5157 τῷ

157 5180 543 5250 πατριαρχείῳ
596 5178 695 5247 ἐτη
746 5178 805 5245 ἓξ
829 5177 922 5230 καὶ
955 5178 1131 5249 μῆνας
1183 5179 1344 5231 πέντε
1395 5178 1740 5252 ἐτελεύτησε,

155 5276 251 5327 καί
273 5271 547 5325 θάπτεται
572 5272 632 5323 ἐν
658 5274 723 5340 τῇ
760 5273 897 5341 μονῇ
934 5270 1043 5322 τῶν
1069 5270 1310 5324 Συκέων.

223 5362 290 5417 δ’.
338 5363 461 5431 Ἐφ’
489 5356 799 5424 οὖΛέοντος
837 5360 1103 5432 προεδόθη
1138 5363 1198 5415 τὸ
1227 5363 1465 5433 κάπρον
1509 5364 1742 5436 ’Υψηλὴ,

154 5457 251 5509 καὶ
307 5453 595 5524 ἐκρατήθη
642 5452 746 5505 ὑπὸ
788 5450 897 5505 τῶν
954 5453 1276 5523 Ἀγαρηνῶν
1310 5495 1325 5519 ,
1403 5456 1744 5526 αἰχμαλωτι-

156 5547 398 5599 σθέντων
434 5546 654 5598 πάντων
681 5546 787 5597 τῶν
809 5544 979 5599 ὄντων
1017 5544 1104 5617 [Ρ.
1306 5549 1505 5600 ἐκεῖσε.
1549 5548 1744 5616 Γέγονε

152 5641 207 5693 δὲ
242 5638 585 5710 ἐμπρησμὸς
634 5638 809 5707 μέγας
872 5640 1104 5709 πλησίον
1160 5641 1270 5693 τῶν
1324 5642 1747 5714 Σοφιανῶν,ἐμ-

155 5732 507 5806 πρησθεξσης
547 5734 765 5802 καὶτῆς
807 5734 1105 5805 ἐκκλησίας
1159 5735 1253 5789 τοῦ
1312 5737 1469 5804 ἀγεου
1512 5739 1745 5792 ἀποστό-

156 5828 246 5879 λου
273 5827 477 5897 (impii,
510 5827 577 5897 ἣν
608 5826 636 5877 ὁ
664 5826 824 5887 αὑτός
854 5826 1005 5879 Λέων
1036 5828 1303 5897 λαμπρῶς
1334 5831 1698 5883 ἀνεκαίνισε-θ.

1827 580 1930 633 clis
1971 579 2295 633 verberibus
2323 578 2591 649 subjectis
2620 593 2683 632 ac
2736 578 3011 639 detonsis,
3059 581 3152 647 qui
3205 580 3405 651 reliqui

1827 682 2015 725 essent
2048 683 2244 725 eorum
2279 670 2421 739 pilos
2462 670 2791 724 combussit.
2824 670 2916 725 Sic
2940 672 3139 725 deinde
3172 674 3403 728 solemni

1832 764 1941 817 diei
2004 764 2456 818 Annuntiationis
2513 779 2711 833 pompa
2759 764 3052 832 processit,
3078 766 3303 834 quando
3353 777 3411 819 et

1830 858 2270 926 conjurationem
2326 866 2486 911 erant
2547 856 2842 925 cxpleturi.
2897 856 3272 911 Ambulabant
3327 855 3407 910 illi

1832 959 1982 1004 retro
2010 966 2136 1003 cum
2166 951 2298 1003 nudi
2329 948 2498 1003 vincti
2524 950 2771 1018 adusque
2798 949 3002 1012 forum,
3033 951 3110 1002 uti
3152 951 3238 1003 eis
3271 967 3408 1004 con-

1832 1044 2106 1097 stituerat.
2135 1042 2271 1096 Tum
2295 1058 2487 1097 eorum
2523 1042 2822 1112 publicatis
2850 1043 3011 1097 bonis
3040 1051 3272 1096 cunctos
3312 1058 3408 1097 ex-

1833 1136 1958 1190 silio
1989 1135 2270 1204 relegavit.

1902 1230 1992 1282 27.
2027 1227 2261 1297 Egresso
2314 1237 2498 1281 autem
2555 1228 2887 1296 imperatore
2942 1226 3009 1279 ad
3065 1226 3408 1286 venandum,

1832 1334 1999 1373 cervo
2024 1319 2177 1372 mine
2224 1318 2621 1387 magnitudinis
2665 1318 2851 1372 nescio
2887 1316 3035 1371 unde
3082 1317 3411 1385 prodeunte,

1835 1411 1966 1465 dum
1996 1411 2228 1464 bestiam
2256 1412 2559 1480 imperator
2583 1412 2916 1479 insequitur,
2948 1424 3252 1463 conversus
3297 1425 3415 1463 cer-

1836 1520 1936 1559 vus
1966 1505 2358 1573 imperatorem
2394 1518 2424 1557 e
2455 1517 2591 1556 zona
2626 1502 2903 1556 sublatum
2932 1518 3076 1571 equo
3115 1501 3414 1556 succussit.

1837 1594 2073 1664 Lapsum
2108 1595 2383 1663 quispiam
2428 1592 2731 1662 occuparis,
2781 1591 2989 1646 nudato
3020 1607 3150 1645 ense
3181 1592 3415 1646 discissa

1837 1686 2392 1754 zona,imperatorem
2422 1684 2899 1738 liheravit.Postea
2928 1698 3060 1737 vero
3086 1698 3210 1737 cum
3236 1697 3422 1737 rever-

1838 1792 1933 1831 sus
1984 1784 2153 1838 esset,
2206 1777 2281 1830 ei'
2318 1776 2412 1846 qui
2448 1789 2641 1829 zonam
2673 1784 2907 1838 secarat,
2942 1782 3108 1843 caput
3141 1776 3418 1843 amputari

1838 1868 2123 1939 praecepit,
2156 1868 2261 1923 hoc
2296 1868 2424 1921 dato
2449 1867 2693 1929 crimini,
2727 1865 2874 1935 quod
2923 1867 2979 1920 in
3024 1881 3151 1919 eum
3179 1866 3419 1936 gladium

1838 1959 2375 2030 nudasset.Cumque
2399 1961 2446 2014 is
2470 1960 2640 2013 multa
2660 1967 2970 2020 excusaret,
2990 1968 3050 2011 ut
3072 1958 3167 2027 qui
3193 1960 3312 2028 ejus
3333 1972 3422 2011 sa-

1837 2053 1972 2108 lutis
1997 2068 2162 2108 causa
2198 2068 2313 2107 rem
2342 2066 2634 2122 aggressus
2660 2057 2827 2114 esset,
2858 2049 2995 2104 nihil
3029 2058 3211 2107 tamen
3242 2065 3422 2118 opera:

1837 2145 1991 2201 fecit.
2019 2146 2317 2215 Algrotans
2342 2159 2473 2198 vero
2515 2143 2750 2197 Basilius
2774 2159 2842 2197 ex
2874 2142 3024 2197 cervi
3074 2142 3167 2197 illa
3200 2156 3426 2196 succus-

1839 2236 1996 2292 sione
2052 2236 2309 2302 moritur,
2365 2235 2577 2291 relictis
2636 2234 3074 2304 imperatoribus
3121 2234 3305 2287 Leone
3366 2245 3421 2287 ct

1840 2328 2082 2385 Alexand
2094 2345 2173 2383 ro.

2065 2512 2403 2569 IMPERIUM
2439 2513 2687 2569 LEONIS
2724 2513 2966 2569 BASlLll
3012 2516 3192 2570 FlLll.

1910 2695 2069 2747 Anno
2095 2691 2284 2746 mundi
2305 2691 2462 2757 6386,
2483 2691 3089 2748 divinmincarnationis
3108 2694 3231 2758 886,
3254 2694 3425 2765 impe-

1841 2784 1983 2838 ravit
2005 2784 2115 2838 Leo
2137 2782 2321 2838 Basilii
2343 2781 2489 2836 ﬁlius
2513 2798 2686 2837 annos
2708 2783 2800 2846 25,
2819 2798 3035 2837 menses
3053 2783 3426 2854 8.5lephanus

1840 2891 1970 2930 vero
1989 2877 2113 2945 ejus
2130 2874 2319 2940 frater,
2338 2874 2434 2944 qui
2458 2875 2696 2929 clericus
2719 2875 3098 2946 eratmac
3127 2877 3424 2945 syncellus,

1839 2984 1968 3023 cum
1994 2968 2194 3023 Photio
2222 2968 2567 3031 morabatur,
2604 2984 2771 3038 quem
2820 2969 2866 3022 is
2897 2968 3173 3023 educabat
3220 2985 3285 3025 ac
3313 2970 3430 3025 dis-

1840 3061 2063 3132 ciplinis
2093 3061 2565 3118 instituebat.Leo
2592 3062 2778 3132 itaque
2814 3062 2909 3116 ubi
2937 3077 3124 3117 rerum
3154 3078 3426 3119 summam

1842 3156 2076 3227 adeptus
2102 3164 2207 3219 est,
2256 3155 2476 3212 Andrea
2518 3155 2784 3226 magistro
2813 3155 3027 3211 militia:
3054 3170 3183 3212 cum
3232 3156 3428 3211 multis

1845 3248 2023 3303 cereis
2046 3254 2383 3317 senatusque
2426 3246 2741 3316 frequentia
2792 3245 3181 3318 Chrysopolim
3233 3247 3427 3310 misso.

1847 3342 2127 3397 Michaelis
2154 3356 2359 3412 corpus
2386 3342 2579 3396 eduxit
2607 3357 2639 3396 e
2671 3342 2904 3407 tumulo,
2933 3352 3349 3413 posueruntque
3373 3342 3429 3397 in

1842 3434 2025 3489 loculo
2074 3434 2420 3505 cypressino,
2453 3434 2805 3504 imponentes
2855 3432 3158 3503 sandapilae
3190 3442 3247 3489 et
3294 3449 3429 3503 ope--

1842 3527 2092 3591 rientes;
2128 3526 2390 3595 regioque
2419 3526 2569 3581 cultu
2598 3525 2981 3590 bonestantes,
3018 3540 3146 3591 cum
3195 3526 3431 3581 canticis

1844 3618 2127 3686 multaque
2181 3632 2382 3687 pompa
2431 3631 2496 3672 ac
2533 3617 2766 3680 honore,
2825 3616 2963 3686 ipsis
3026 3632 3253 3688 quoque
3308 3618 3431 3685 ejus

1842 3710 2107 3766 fratribus
2134 3711 2302 3766 funus
2323 3711 2746 3776 deducentibus,
2773 3711 2901 3766 inde
2927 3711 2994 3766 ad
3019 3711 3249 3767 Sanctos
3280 3714 3428 3781 Apo-

1843 3803 2015 3859 stolos
2048 3803 2399 3858 adduxerunt
2429 3812 2596 3873 atque
2627 3805 2685 3859 in
2720 3820 2861 3860 urna
2896 3816 3226 3876 posuerunt.

1912 3985 1968 4036 2.
2002 3989 2196 4037 z’oslea
2255 3981 2408 4037 misit
2456 3982 2756 4053 imperator
2814 3982 3092 4038 Andream
3148 3983 3427 4055 legionum

1844 4074 2212 4132 domesticum
2240 4091 2367 4130 cum
2400 4076 2613 4132 Joanne
2672 4075 3040 4145 llagiopolita,
3076 4074 3198 4129 viro
3242 4075 3431 4130 eruati-

1847 4169 2085 4235 tissimo,
2117 4178 2174 4225 et
2206 4170 2301 4239 qui
2332 4168 2437 4224 fuit
2464 4169 2670 4239 publici
2701 4184 2899 4223 cursus
2944 4168 3260 4238 logotheta;
3299 4184 3432 4223 con-

1844 4277 2146 4331 scensoque
2172 4262 2423 4318 ecclesiae
2469 4260 2725 4325 ambonc,
2764 4260 2926 4316 lectis
2960 4260 3143 4315 Photii
3191 4259 3431 4330 patriar-

1843 4354 1961 4409 clm
2010 4353 2304 4409 criminum
2339 4352 2634 4423 capitibus,
2680 4367 2711 4405 e
2760 4352 2963 4406 throno
3007 4352 3330 4423 dejecerunt
3372 4360 3429 4406 et

1844 4448 1912 4504 ad
1970 4448 2434 4505 Armenianorum
2490 4448 2913 4512 monasterium,
2961 4447 3110 4518 quod
3159 4448 3429 4503 Bordonis

1773 4562 1817 4615 ι)
1845 4553 2064 4607 vocant,
2091 4541 2429 4612 relegarunt.

1917 4636 1969 4689 5.
2009 4633 2261 4689 Praefecit
2308 4648 2439 4687 vero
2487 4633 2787 4701 imperator
2815 4631 3119 4701 Stylianum
3165 4632 3425 4685 Zautzam

1845 4729 2169 4798 magistrum
2202 4742 2267 4782 ac
2303 4725 2512 4795 publici
2545 4740 2744 4778 cursus
2799 4724 3157 4795 logothetam.
3190 4724 3427 4781 Reduxit

1844 4834 1980 4873 vero
2027 4818 2368 4889 Stephanum
2424 4818 2727 4888 syncellnm
2762 4817 3103 4887 fratremque
3160 4831 3320 4870 suum
3369 4815 3423 4869 in

1845 4912 1989 4966 :edes
2029 4913 2462 4981 patriarchales;
2500 4926 2562 4964 ac
2613 4920 2741 4965 ante
2781 4909 2990 4965 Christi
3041 4909 3279 4964 natalem
3329 4925 3425 4978 pa-

1848 5004 2091 5059 triarcha
2125 5006 2418 5061 ordinatur
2463 5025 2490 5063 a
2541 5007 2879 5077 Theophane
2913 5005 3104 5076 prima:
3133 5002 3284 5057 sedis
3309 5001 3428 5070 epi-

1847 5114 2014 5168 scopo
2044 5114 2107 5151 ac
2139 5100 2371 5169 reliquis
2398 5101 2697 5170 episcopis.
2730 5100 2948 5170 Sexque
2972 5112 3149 5153 annos
3178 5104 3235 5150 ct
3273 5109 3429 5148 men-

1848 5207 1937 5247 ses
1989 5192 2235 5262 quinque
2271 5210 2487 5249 summo
2513 5194 2668 5248 urbis
2702 5193 3014 5249 sacerdotio
3040 5191 3248 5260 potitus
3282 5187 3427 5241 diem

1849 5284 1986 5349 obit,
2015 5294 2071 5338 et
2097 5285 2150 5339 in
2182 5285 2480 5356 Syceorum
2508 5288 2847 5341 monasterio
2876 5286 3162 5339 humatur.

1918 5378 1971 5431 4.
2005 5378 2206 5433 Leonis
2242 5390 2486 5448 tempore
2518 5380 2798 5451 proditum
2853 5388 2938 5433 est
2988 5374 3308 5447 praesidium
3338 5372 3426 5426 cui

1848 5486 2045 5525 nomen
2081 5471 2337 5543 Hypsele,
2362 5482 2417 5527 et
2450 5472 2518 5525 ab
2540 5472 2803 5541 Agarenis
2831 5480 3072 5539 captum,
3108 5467 3212 5521 sub
3236 5469 3427 5536 jugum

1850 5564 2032 5618 missis
2076 5564 2169 5632 qui
2227 5565 2281 5617 in
2332 5580 2399 5618 eo
2434 5573 2594 5617 erant
2648 5562 2944 5617 universis.
3000 5559 3218 5614 Exstitit
3262 5556 3430 5626 850

1848 5670 1981 5709 vero
2014 5656 2180 5709 etiam
2231 5656 2421 5725 ingens
2455 5654 2797 5717 incendium,
2838 5652 2988 5706 haud
3040 5648 3227 5721 procul
3262 5662 3291 5700 a
3326 5646 3429 5701 So-

1850 5750 2089 5818 phianis,
2119 5765 2229 5817 quo
2249 5758 2303 5802 et
2329 5746 2472 5800 beati
2507 5746 2733 5800 Thomas
2761 5759 3022 5799 succensa
3056 5742 3287 5797 ecclesia
3319 5749 3421 5794 est:

1850 5852 1969 5888 eam
2002 5837 2115 5905 ipse
2150 5838 2257 5889 Leo
2287 5835 2571 5904 splendide
2598 5834 2942 5887 instauravit.
