4158 6438
730 396 833 459 919

736 602 793 657 in
840 600 1053 656 Cauleze
1108 596 1443 651 monasterio
1484 595 1866 651 condiderunt.

808 779 898 834 20.
936 778 1065 833 Post
1098 777 1313 833 Zautzae
1347 788 1529 831 autem
1572 792 1829 832 occasum
1880 778 2112 832 Basilius
2147 779 2319 848 impe-

735 872 939 926 ratoris
988 885 1220 938 operum
1264 868 1432 939 858
1478 870 1807 937 praepositus
1864 884 1927 923 ac
1978 870 2315 939 compulsor,

733 964 939 1018 Νίσοιαί
965 962 1361 1017 [ωᾶετιιιοι-ιιηι
1394 960 1644 1016 cohortis
1677 961 1897 1015 comitis
1926 962 2093 1024 ﬁlius,
2124 962 2316 1017 amici-

734 1058 808 1109 tia
847 1056 1076 1125 junctus
1131 1062 1215 1107 est
1265 1052 1515 1107 Samona:
1548 1053 1912 1118 cubiculario,
1942 1054 2318 1124 Agarenorum

730 1143 902 1213 stirpe
926 1151 1066 1208 sato,
1093 1143 1309 1213 imperii
1362 1143 1623 1198 culminis
1683 1144 1941 1213 cupidine
1989 1154 2163 1199 actus.
2184 1144 2322 1201 Cre-

730 1236 915 1305 ditque
952 1235 1202 1291 Samonae
1258 1246 1569 1292 secretum:
1596 1234 1869 1289 Exstincta
1898 1238 2017 1305 jam
2043 1236 2147 1291 Zoe
2182 1239 2323 1295 ami-_

728 1341 782 1381 ta
818 1338 1020 1393 nostra,
1055 1330 1346 1399 imperator
1375 1328 1541 1381 aliam
1570 1330 1851 1398 conjugem
1878 1338 2190 1399 accepturus
2222 1339 2318 1411 est,

729 1435 926 1488 nosque
949 1436 1127 1474 omnes
1170 1420 1561 1474 eliminaturus.
1598 1418 1789 1473 Verum
1816 1422 1942 1473 milii
1971 1421 2097 1475 dato
2137 1422 2319 1489 ﬁdem,

727 1525 783 1567 ut
818 1514 910 1567 tibi
944 1531 1096 1567 omne
1119 1513 1397 1567 consilium
1430 1515 1665 1577 credam,
1690 1525 1739 1567 et
1772 1516 1911 1585 quod
1942 1516 2323 1585 conjurationis

728 1607 950 1660 exsistit.
977 1606 1113 1661 Data
1140 1622 1272 1662 vero
1299 1606 1501 1661 Basilio
1528 1607 1654 1667 fide,
1684 1607 1980 1661 edisseruit
2011 1608 2092 1662 illi
2115 1608 2321 1667 omnia.

728 1698 998 1753 Samouas
1026 1714 1159 1754 vero
1189 1699 1254 1753 ad
1290 1699 1681 1768 imperatorem
1734 1699 2020 1769 ingressus
2063 1700 2174 1754 ait:
2223 1699 2328 1753 Do-

728 1790 871 1843 mine
902 1791 996 1855 mi,
1028 1790 1146 1845 uolo
1177 1791 1269 1844 tibi
1304 1789 1509 1859 aliquid
1535 1792 1784 1861 privatim
1818 1792 2010 1855 dicere,
2040 1792 2180 1862 quod
2206 1792 2325 1861 qui-

726 1882 845 1936 dem
888 1884 934 1935 si
964 1884 1165 1947 dixero,
1194 1890 1340 1937 'mors
1368 1884 1495 1937 mihi
1520 1893 1638 1937 est:
1680 1885 1725 1938 si
1768 1892 1945 1937 autem
1984 1900 2089 1937 non
2116 1884 2319 1958 dixero,

724 1976 838 2045 ipse
885 1983 940 2028 tu
984 1977 1245 2030 morieris.
1287 1976 1631 2045 Omncmque
1659 1975 1710 2030 ei
1759 1974 1944 2030 Basilii
1990 1974 2325 2046 conjuratio-

726 2080 853 2120 nem
907 2066 1439 2135 narravit.Cumque
1480 2067 1602 2136 ejus
1651 2066 1815 2120 dictis
1859 2066 2020 2121 ﬁdem
2070 2083 2179 2122 non
2227 2068 2323 2122 ha-

726 2155 904 2221 beret,
941 2172 1004 2211 ac
1053 2157 1294 2211 diceret:
1334 2156 1587 2227 Nunquid
1631 2156 1826 2228 aliquis
1880 2160 2207 2225 subornavit,
2263 2169 2322 2214 ut

726 2250 854 2303 mihi
882 2251 993 2304 haec
1023 2248 1334 2319 loquereris,
1368 2250 1637 2321 fecistique
1662 2250 1756 2303 hoc
1786 2259 1842 2303 ut
1892 2252 2125 2305 muneris
2164 2252 2319 2323 quid-

725 2342 872 2410 piam
927 2342 1229 2412 emungas?
1266 2340 1341 2396 ait
1376 2341 1501 2395 ille:
1542 2340 1691 2395 Mitte
1741 2357 1869 2411 quos
1905 2340 2149 2406 libuerit,
2186 2342 2321 2395 viros

724 2430 906 2499 ﬁdeles
953 2433 1008 2485 in
1057 2447 1232 2484 meum
1272 2430 1589 2495 cubiculum,
1622 2432 1831 2485 domine
1896 2432 1991 2494 mi,
2026 2440 2075 2484 et
2122 2432 2168 2485 si
2196 2432 2323 2501 quid

724 2537 788 2575 ea:
828 2520 1031 2575 Basilio
1071 2531 1121 2574 et
1169 2537 1232 2574 ex
1277 2536 1358 2574 me
1389 2521 1676 2585 audierint,
1722 2522 2072 2575 conscribant.
2122 2520 2321 2576 Confe-

724 2614 852 2669 stim
903 2630 1039 2669 vero
1075 2615 1382 2683 imperator
1435 2612 1902 2683 Christophorum
1956 2614 2321 2683 protovcstia-

727 2708 869 2764 rium
901 2708 1074 2763 mittit
1101 2722 1209 2762 una
1261 2723 1389 2763 cum
1430 2706 1698 2778 Calocyro
1722 2707 2096 2772 cubiculario;
2134 2723 2324 2763 ascen-

726 2800 1033 2870 dentesque
1067 2800 1125 2854 in
1157 2800 1277 2870 ejus
1301 2799 1576 2855 delituere
1607 2799 1884 2854 cubiculo.
1925 2798 2089 2853 Velut
2134 2799 2321 2869 itaque

724 2904 852 2945 esca
883 2898 1077 2959 captus
1110 2890 1371 2955 Basilius,
1400 2891 1696 2961 iurataque
1751 2889 1860 2944 fide
1905 2905 1934 2944 a
1968 2889 2204 2945 Samona
2229 2906 2321 2945 ac-

725 2984 924 3046 cepta,
968 2975 1025 3030 in
1078 2976 1383 3031 domestico
1431 2977 1608 3048 ipsius
1656 2977 1903 3033 oratorio
1966 2994 2186 3034 onmem
2245 2980 2321 3035 illi

726 3067 1023 3123 edisseruit
1056 3070 1513 3141 conjurationem,
1558 3085 1623 3125 ac
1667 3070 1762 3140 qui
1798 3072 2067 3141 conjurati
2115 3079 2320 3127 essent.

2010 390 2329 453 GEORGII
2359 393 2701 458 MONACIII

730 510 790 565 in
835 507 1057 581 palatio,
1091 507 1317 575 ejusque
1350 519 1447 573 per
1479 504 1841 559 Bueoleonem
1872 502 2133 560 eductum
2160 503 2322 561 funus

2427 508 2557 572 τζας
2587 511 2644 561 ἐν
2677 509 2752 577 τῷ
2785 506 3045 577 παλατίῳ,
3096 509 3185 559 καὶ
3217 525 3273 559 τυ

2417 618 2508 662 τος
2549 599 2955 667 καταγαγόντες
2983 598 3271 669 ἀπήγαγον
3298 599 3356 650 ὲν
3385 599 3450 667 τῇ
3473 598 3605 665 μονῇ
3626 593 3721 645 τοῦ
3753 592 3991 652 Καυλὲα,

3892 392 3994 455 920

3278 506 3400 559 ὗτον
3434 504 3520 558 διὰ
3548 504 3639 557 τοῦ
3667 501 3992 555 Βουκολιαν-

2418 695 2595 744 ἐκεῖσε
2629 691 2790 744 αὑτὸν
2829 690 3119 757 θάψαντες.

2492 787 2560 835 κ’.
2584 778 2740 835 Μετά
2765 779 2823 832 δὲ
2860 779 2959 848 τὴν
2994 777 3250 848 τελευτὴν
3282 774 3526 839 Ζαούτζα
3559 772 3837 833 Βασίλεισς
3874 771 3994 822 Ἐπ-

2421 873 2628 942 είκτης,
2690 871 2806 933 υἱὸς
2863 869 3134 923 Νικολάου
3180 869 3579 939 ἑταιρειάρχου,
3637 862 3993 931 συνεφιλιώθη

2422 965 2655 1035 Σαμωνᾷ
2679 962 3113 1035 κουϐικουλαρίῳ
3142 960 3221 1031 τῷ
3263 960 3322 1023 ἐξ
3360 956 3701 1027 Ἀγαρηνῶν,
3734 954 3995 1025 69:76pm-

2422 1072 2512 1117 νος
2557 1055 2653 1107 τοῦ
2683 1054 2787 1122 τῆς
2815 1054 3091 1124 βασιλείας
3135 1051 3465 1119 ἀξιώματος.
3507 1048 3810 1117 Ἐθάρῤησε
3843 1045 3900 1096 δὲ
3925 1040 3997 1111 τῷ

2426 1147 2657 1216 Σαμωνᾷ
2675 1188 2689 1211 ,
2717 1145 2798 1198 ὅτι
2834 1143 2947 1213 Τῆς
2971 1146 3136 1209 θείας
3166 1140 3336 1211 ἡμῶν
3356 1138 3523 1207 Ζωῆς
3546 1135 3998 1203 τελευτησάσης

2424 1240 2458 1292 ὁ
2484 1237 2787 1304 ,βασιλεὺς
2816 1236 2900 1307 [Ρ.
2930 1234 3057 1307 555]
3080 1234 3289 1289 λαϐεῖν
3338 1233 3461 1300 ἔχει
3485 1231 3693 1297 ἑτέραν
3726 1227 3996 1298 γυναῖκα,

2424 1330 2521 1385 καὶ
2550 1329 2706 1399 ἡμᾶς
2742 1328 2974 1394 πάντας
3010 1330 3133 1396 ἔχει
3178 1327 3491 1395 ἀφανίσαι.
3534 1322 3721 1377 Ἀλλὰ
3764 1320 3879 1384 δός
3901 1335 3997 1385 μοι

2424 1424 2744 1492 λόγον-,ινα
2770 1439 2867 1475 σοι
2907 1421 3185 1489 θαρρἠω
3216 1419 3412 1473 πάντα
3450 1418 3521 1470 τὰ
3558 1414 3980 1479 βουλευόμενα

2425 1518 2534 1569 Καὶ
2555 1518 2735 1580 δόντος
2768 1514 2933 1569 αὐτοῦ
2974 1514 3131 1581 λόγον
3154 1513 3232 1581 τῷ
3254 1511 3541 1580 Βασιλιίῳ,
3575 1508 3885 1577 ἐθάρρησεν
3906 1504 3999 1555 αὖ-

2425 1608 2504 1679 τῷ
2540 1608 2734 1661 πάντα.
2774 1607 2832 1659 Ὀ
2876 1606 2930 1658 δὲ
2959 1605 3225 1673 Σαμωνᾶς
3254 1601 3510 1655 εἰσελθὼν
3540 1602 3618 1660 εἰς
3659 1598 3749 1650 τὴν
3777 1595 4002 1665 βασιλέα

2427 1697 2580 1753 εἶπεν
2602 1698 2770 1768 αὐτῷ,
2802 1699 2882 1751 ὅτι
2928 1696 3201 1751 Δέσποτὰ
3221 1712 3359 1764 μου,
3387 1694 3540 1747 θέλω
3562 1707 3661 1744 σοι
3705 1689 3903 1743 ειπεῖν
3951 1702 4005 1738 τι

2430 1793 2607 1857 ἰδίως,
2648 1792 2793 1859 ὅπερ
2826 1791 2937 1844 ἐὰν
2955 1790 3072 1859 μὲν
3108 1789 3275 1853 εῑπω,
3316 1784 3703 1852 ἀποθνήσκω.
3732 1784 3782 1835 ει
3807 1780 3879 1832 δὲ
3922 1780 4002 1846 μὴ

2426 1886 2593 1949 ειπω,
2624 1882 3031 1948 ἀποθνήσκεις
3062 1883 3167 1935 σύ.
3210 1882 3318 1933 Kal.
3339 1876 3581 1946 διεξῆλθε
3611 1874 3750 1945 πρὸς
3788 1874 3884 1925 τὸν
3917 1874 4005 1939 βα-

2427 1977 2578 2030 σιλέα
2605 1976 2784 2029 πᾶσαν
2808 1974 2906 2043 τὴν
2932 1971 3225 2040 ὲττιδονλὴν
3264 1971 3358 2023 τοῦ
3391 1969 3697 2023 Βασιλείου.
3739 1964 4003 2031 Ἀπιστή-

2425 2085 2616 2133 σαντος
2643 2067 2700 2121 δὲ
2728 2067 2824 2120 τοῦ
2854 2065 3117 2136 βασιλέως
3148 2066 3260 2126 τοῖς
3304 2062 3589 2132 λαληθείσι
3639 2057 3771 2127 παρ’
3814 2056 4003 2117 αὑτοῦ,

2426 2162 2520 2217 καὶ
2554 2162 2838 2232 είρηκότος
2860 2178 2873 2191 ·
2910 2160 3008 2228 Μή
3036 2160 3123 2224 τίς
3156 2175 3252 2212 σοι
3288 2157 3549 2231 ὑπέϐαλε
3579 2154 3765 2209 ταῦτά
3784 2171 3891 2222 μοι
3923 2155 4003 2205 sl-

2423 2254 2579 2319 πεῖν,
2612 2254 2709 2308 καὶ
2738 2253 2808 2306 ἐκ
2850 2251 3211 2320 δωροδοκίας
3250 2250 3426 2304 τοῦτο
3464 2250 3794 2313 ἐποιήσας;
3837 2245 3899 2299 '0
3950 2246 4007 2297 δὲ

2422 2345 2613 2402 εἶπενο
2672 2346 3064 2401 Ἀπόστειλον
3127 2343 3385 2407 πιστοὺς
3444 2340 3832 2408 ἀνθρώπους,
3901 2338 4011 2401 οὓς

2423 2438 2711 2504 κελεύεις,
2744 2437 2814 2490 ἐν
2848 2435 2929 2500 τῷ
2964 2434 3084 2504 ἐμῷ
3113 2435 3353 2497 urnula),
3405 2428 3673 2485 δέσποτά
3708 2447 3851 2497 μου,
3908 2428 4006 2481 καί

2422 2531 2522 2583 ἵνα
2545 2526 2706 2582 εἰσιν
2732 2527 2777 2558 ⁸⁸
2802 2524 3287 2595 ἐγκεκρυμμένοι,
3331 2522 3429 2577 καί
3452 2522 3506 2575 εἲ
3530 2539 3579 2574 τι
3606 2519 3682 2573 ἂν
3708 2520 4008 2573 ἀκούουσι

2423 2620 2583 2689 παρὰ
2613 2619 2938 2674 Βασιλείου
2972 2615 3069 2670 καὶ
3114 2616 3251 2683 παρ’
3284 2615 3451 2683 ἐμοῦ,
3486 2612 3755 2682 γράφωσι
3795 2610 4006 2664 ταῦτα.

2424 2713 2676 2785 Παρευθὺ
2707 2712 2763 2765 δὲ
2785 2714 2813 2765 ὁ
2838 2710 3088 2780 βασιλεὺς
3111 2707 3428 2763 ἀποστέλλει
3456 2705 3831 2777 Χριστοςόρον
3856 2720 4009 2773 πρωι-

2426 2803 2795 2873 τοσεστιάριον
2828 2801 2943 2870 ἅμα
2973 2797 3277 2869 Καλοκύρῳ
3294 2796 3601 2866 κοιτωνίτῃ,
3636 2794 3726 2846 καὶ
3754 2792 4009 2845 ἀνελθόν-

2422 2914 2513 2959 τες
2536 2894 2844 2968 ὲκρύὸησαν
2885 2894 2941 2946 ὲν
2971 2890 3049 2961 τῷ
3094 2890 3291 2959 κελλίῳ
3339 2886 3528 2941 αὑτοῦ.
3577 2885 3863 2948 Βασίλειος
3917 2883 4012 2936 οὖν

2423 2987 2730 3049 δελεασθεὶς
2764 2986 2858 3039 καὶ
2905 2983 3087 3037 λαϐὼν
3117 2983 3274 3052 λόγον
3305 2982 3527 3051 ἔνορκον
3562 2979 3712 3050 παρὰ
3770 2979 4014 3047 Σιμωνᾶ

2426 3085 2504 3145 εἰς
2536 3082 2598 3134 τὸ
2651 3078 3044 3151 προσευχάδιον
3078 3076 3243 3131 αὐτοῦ
3287 3077 3501 3143 ἐξεῖπεν
3536 3073 3686 3141 αὐτῷ
3729 3073 3910 3126 πάντα
3946 3073 4015 3123 τὰ

728 3159 1136 3216 Prandentibns
1168 3176 1301 3216 vero
1330 3161 1441 3216 illis
1461 3162 1863 3217 descendentes
1890 3163 2322 3233 Christophorus

2428 3175 2525 3243 τῆς
2543 3170 2735 3241 βουλῆς
2764 3172 2857 3224 καὶ
2889 3170 3016 3233 τοὺς
3050 3168 3610 3239 σνμϐουλευομένους.
3630 3164 4014 3234 ’Δριστώντων

730 3261 785 3307 et
828 3253 1128 3326 Caloeyrus
1153 3255 1361 3319 omnia,
1392 3256 1466 3309 ita
1522 3263 1582 3310 ut
1609 3256 1794 3311 audita
1837 3256 2195 3326 scripserant.
2223 3257 2325 3309 im-

730 3346 977 3415 peratori
1014 3346 1288 3416 legerunt.
1343 3344 1761 3415 Confestimque
1792 3345 1981 3399 adesse
2033 3346 2189 3415 jusso
2230 3345 2326 3398 Ba-

726 3440 854 3498 silio
892 3441 1044 3497 dedit
1069 3441 1505 3496 milliarisiorum
1535 3441 1954 3511 quatuordecim
1980 3440 2148 3511 859
2205 3439 2326 3493 mil-

726 3533 821 3598 lia,
857 3549 979 3603 quae
1031 3533 1085 3587 in
1127 3533 1307 3588 amita:
1337 3549 1449 3587 suae
1477 3533 1617 3588 Zoes
1662 3534 1968 3588 remedium
2002 3534 2217 3597 animas,
2246 3531 2327 3587 sic

729 3626 797 3681 ab
828 3642 895 3681 ea
928 3626 1223 3689 destinata,
1267 3626 1323 3680 in
1362 3626 1735 3682 Macedoniam
1787 3625 2050 3681 deferret.
2090 3625 2166 3680 Ac
2205 3624 2326 3695 qui-

728 3720 855 3773 dem
891 3718 1155 3773 Basilium
1185 3718 1241 3773 in
1265 3732 1393 3772 eum
1424 3717 1650 3774 modum
1686 3718 1823 3773 urbe
1853 3718 2035 3789 eiecit.
2065 3717 2326 3787 Reliquos

729 3824 863 3864 vero
901 3810 1021 3879 ejus
1068 3810 1470 3880 conjurationis
1510 3810 1693 3865 socios
1727 3825 1791 3864 ac
1822 3808 2143 3880 participes,
2195 3809 2325 3863 Par-

730 3903 883 3964 dum,
917 3902 1277 3956 excubiarum
1328 3902 1715 3972 drungarium,
1751 3902 1817 3957 ad
1857 3902 2159 3973 Stypiotem
2199 3901 2325 3955 init-

731 3996 821 4057 tit,
869 3994 1029 4063 quasi
1067 3994 1247 4063 ipsum
1289 3993 1633 4049 adducturus
1678 4004 1842 4051 esset.
1887 4010 2013 4049 cum
2059 3994 2173 4063 ipse
2224 3994 2326 4052 im-

730 4084 1003 4154 peratoris
1049 4083 1239 4139 libello
1273 4084 1635 4153 praemonitus
1670 4084 1723 4138 in
1768 4084 2040 4138 mandatis
2070 4084 2320 4153 accepis-

730 4184 815 4229 set
857 4186 917 4228 ut
957 4174 1011 4228 in
1040 4174 1260 4229 vincula
1293 4190 1419 4229 eum
1450 4174 1847 4245 compingeret.
1886 4177 2156 4231 Pmtextu
2192 4192 2323 4231 vero

731 4265 972 4321 abeundi
1009 4282 1073 4321 ac
1107 4266 1343 4322 cenandi
1394 4266 1460 4322 ad
1504 4266 1561 4323 S.
1607 4267 1899 4333 Lazarum,
1948 4270 2003 4324 in
2052 4269 2325 4324 descensu

732 4358 1121 4429 apharistcrii,
1156 4358 1422 4413 Joannem
1446 4357 1705 4413 Garidam
1732 4358 1926 4415 statuit
1950 4376 2075 4414 cum
2099 4360 2327 4431 reliquis

734 4451 984 4507 cohortis
1054 4451 1451 4506 fcederatorum
1510 4453 1565 4507 in
1638 4453 1935 4520 cubiculo;
1992 4445 2324 4524 interimque

2427 3267 2483 3321 δὲ
2508 3265 2686 3319 αὐτῶν
2716 3262 3072 3325 κατελθόντες
3130 3262 3501 3332 Χριστοφόρος
3548 3260 3642 3313 καὶ
3691 3257 4015 3326 Καλοξῦρος

2426 3357 2514 3410 διὰ
2548 3356 2762 3427 γραφῆς
2789 3352 3103 3421 ἀνέγνωσαν
3124 3352 3302 3405 πάντα
3342 3350 3417 3420 τῷ
3464 3349 3691 3421 βασιλεῖ.
3736 3347 3851 3400 Καὶ
3876 3362 4016 3415 παρ-

2428 3449 2557 3503 ιυθὺ
2588 3448 2686 3519 μὲν
2718 3446 3000 3501 Βασίλειον
3034 3444 3549 3514 προσκαλεσάμενος
3582 3440 3786 3494 δέδωκε
3833 3439 4018 3509 μιλιαο

2431 3543 2592 3612 ρὴσια
2622 3540 2865 3610 χιλιάδας
2899 3537 3347 3605 εἰκοσιτέσσαρας
3381 3534 3455 3596 ὡς
3484 3533 3644 3602 δῆθεν
3672 3532 3889 3601 ψυχικὰ
3920 3534 4017 3600 τῆς

2428 3633 2594 3687 αὐτοῦ
2626 3632 2775 3694 θείας
2803 3631 2977 3698 Ζωῆς,
3035 3631 3109 3692 ὡς
3133 3628 3419 3699 ὁρισθέντα
3444 3624 3574 3694 παρ’
3615 3623 3788 3692 αὐτῆς
3817 3622 4011 3683 οὓτως.

2427 3727 2525 3779 καὶ
2563 3723 2883 3781 ἀπέστειλεν
2914 3724 2972 3775 ὲν
3003 3720 3333 3789 Μακεδονίᾳ.
3355 3718 3462 3772 Καὶ
3497 3718 3588 3771 τὸν
3612 3716 3711 3785 μὲν
3732 3714 4017 3769 Βασίλειον

2427 3816 2601 3877 οὕτως
2628 3815 2725 3885 τῆξ
2752 3814 2955 3877 πόλεως
2976 3813 3238 3883 ἐξήγαγε,
3272 3812 3397 3873 τοὺς
3424 3810 3481 3864 δὲ
3514 3808 3735 3873 λοιποὺς
3768 3808 3900 3870 τοὺς
3921 3809 4016 3875 τῆς

2427 3908 2599 3977 αὐτῆς
2629 3907 2820 3977 βουλῆς
2844 3905 3248 3976 μετεσχηκότας
3268 3904 3360 3957 καὶ
3382 3903 3847 3972 κοινωνήσαντας,
3880 3900 4015 3968 Παρ-

2426 4001 2513 4052 δον
2551 4000 2649 4068 μὲν
2674 3998 3031 4067 δρουγγὰριον
3058 3996 3155 4064 τῆς
3182 3994 3374 4064 βίγ).ης
3406 3991 3730 4046 ἀποστέλλει
3766 3992 3908 4061 πρδς
3932 3993 4015 4042 τὸν

2428 4089 2745 4157 Στνπιώτην
2770 4088 2926 4156 δῆθεν
2952 4089 3179 4155 ἀγαγεῖν
3208 4085 3386 4150 αὑτὸν,
3410 4083 3859 4155 προμηννθέντος
3873 4082 4014 4134 ὲκεί-

2429 4202 2519 4236 νον
2564 4184 2650 4236 διὰ
2701 4180 2982 4251 βασιλικοῦ
3024 4180 3309 4234 πιττακίον
3345 4178 3530 4231 τοῦτον
3558 4177 4018 4246 δεσμῆσαι.Προ-

2428 4276 2797 4347 φασισάμενος
2826 4276 2883 4328 δὲ
2914 4275 2942 4325 ὁ
2994 4273 3249 4343 βασιλεὺς
3286 4270 3543 4325 ἀπελθεῖν
3591 4271 3685 4323 καὶ
3722 4271 4017 4338 δειπνῆσαι

2428 4371 2507 4433 είς
2536 4371 2626 4423 τὸν
2658 4368 2813 4437 ἆγιον
2838 4367 3107 4438 Λάζαρον,
3132 4368 3211 4429 είς
3242 4365 3301 4419 τδ
3327 4364 3661 4418 καταϐὰσιον
3682 4364 3782 4416 τοῦ
3810 4366 4017 4428 τςνκα-

2430 4461 2729 4529 νιστηρίον,
2767 4458 2995 4527 ἔστησεν
3035 4456 3294 4523 Ἰωάννην
3319 4455 3355 4507 Γ
3360 4454 3550 4524 αριδᾶν
3588 4453 3729 4523 μετὰ
3766 4456 3865 4505 καὶ
3913 4452 4018 4504 τιῖτν

734 4544 1106 4599 descendente
1141 4544 1494 4613 imperatore,
1528 4554 1801 4610 tenentes,
1848 4546 1943 4617 qui
1979 4554 2139 4601 erant
2194 4562 2322 4601 eum
2350 4549 2403 4609 D
2430 4554 2632 4607 λοιπῶν
2658 4552 2759 4621 τῆς
2788 4550 3063 4619 ἑταιρείας
3111 4550 3167 4601 ὲν
3201 4548 3278 4617 τῷ
3314 4545 3683 4615 κουὸουκλίῳ·
3722 4547 3822 4597 καὶ
3861 4547 3920 4597 ὲν
3945 4543 4020 4613 τῷ

731 4632 945 4689 Joanne
986 4633 1268 4687 Nicolaum
1322 4632 1713 4689 foederatorum
1758 4636 2007 4693 cohortis
2061 4638 2321 4693 comitem

2426 4644 2791 4716 κατέρχεσθαι
2814 4644 2906 4695 τὸν
2931 4641 3158 4712 βασιλέα
3190 4640 3567 4710 κρατήσαντες
3591 4638 3641 4690 oi
3672 4637 3815 4706 μετά
3840 4636 4020 4689 Ὶωάν⁴

736 4723 873 4778 urbe
899 4726 1203 4793 ejecerunt.
1234 4724 1490 4780 Adducto
1512 4742 1646 4781 vero
1680 4743 1709 4782 e
1737 4728 2056 4784 Macedonia
2089 4729 2321 4795 Basilio,

736 4818 968 4884 ejusque
1004 4817 1311 4888 disceptata
1333 4834 1520 4882 causa,
1550 4819 1728 4889 ipsum
1764 4821 2088 4877 verberibus
2117 4823 2323 4887 affecit,

740 4908 975 4977 pilisque
1044 4909 1165 4978 ejus
1233 4909 1357 4980 igne
1433 4910 1735 4975 succensis,
1792 4926 1857 4966 ac
1923 4928 2021 4983 per
2086 4914 2324 4968 mediam

738 5015 934 5069 pompa
965 5000 1153 5054 infami
1191 5002 1486 5057 traducens
1526 5003 1826 5069 civitatem,
1863 5006 2105 5062 Athenas
2129 5008 2324 5062 exsilio

739 5090 1045 5161 relegavit;
1101 5092 1195 5147 ubi
1260 5102 1317 5148 et
1380 5094 1523 5149 male
1572 5094 1740 5150 vitam
1802 5095 1997 5153 ﬁnivit.
2058 5098 2323 5155 Similiter

740 5185 904 5239 etiam
978 5184 1264 5240 Nicolaum
1341 5187 1752 5244 betteriarcham
1806 5200 1862 5245 et
1912 5191 2215 5263 Styliannm
2270 5204 2326 5250 et

739 5276 1004 5329 Joannem
1069 5292 1401 5347 omnemque
1459 5280 1678 5335 Zautzae
1722 5281 2012 5347 familiam,
2047 5286 2184 5340 alios
2230 5287 2325 5339 de-

746 5366 946 5430 tondit,
1006 5369 1142 5422 alios
1184 5370 1381 5424 exsilio
1413 5371 1694 5443 relegavit,
1744 5391 1934 5429 eorum
1995 5378 2323 5432 substantiis

740 5458 998 5515 omnibus
1040 5460 1351 5529 publicatis.
1389 5464 1564 5534 Atque
1600 5466 1671 5519 ita
1705 5483 1803 5536 per
1831 5466 2121 5522 Samonam
2162 5469 2321 5524 Zaut-

744 5568 816 5601 rm
855 5553 1039 5606 omnis
1065 5554 1317 5623 cognatio
1352 5553 1531 5611 deleta
1578 5567 1680 5611 est.
1707 5556 1934 5613 Cunctis
1968 5575 2099 5614 vero
2148 5562 2319 5632 magi-

744 5642 869 5695 stris
897 5660 957 5697 ac
1005 5644 1355 5700 senatoribus
1382 5646 1679 5716 imperator
1709 5651 1935 5715 vocalis,
1970 5652 2100 5721 legit
2134 5670 2317 5710 coram

2422 4759 2512 4795 νον
2563 4739 2827 4793 Νικόλαον
2880 4737 3260 4807 ἑταιρειάρχην
3299 4734 3568 4803 ἐξήγαγον
3631 4735 3735 4801 τῆς
3786 4732 4019 4793 πόλεως.

2435 4830 2684 4899 ’Δγαγὼν
2723 4830 2779 4881 δὲ
2811 4831 2875 4882 ὲκ
2904 4827 3235 4890 Μακεδονίας
3259 4825 3540 4878 Βασίλειον
3591 4823 3685 4874 καὶ
3714 4822 4020 4889 ἀνακρίνας

2425 4925 2519 4978 καὶ
2543 4924 2735 4993 τύψας,
2763 4922 2857 4975 καὶ
2886 4921 2983 4984 τὰς
3016 4920 3210 4991 τρίχας
3244 4918 3411 4973 αὐτοῦ
3442 4913 3814 4983 καταφλέξας,
3837 4916 3933 4967 καὶ
3965 4916 4021 4966 ἐν

2429 5019 2497 5087 τῇ
2558 5018 2697 5087 μέσῃ
2753 5011 3145 5084 θριαμϐεύσας,
3183 5011 3443 5081 ἐξώρισεν
3492 5013 3549 5061 ἐν
3606 5008 3896 5078 Ἀθήναις·
3926 5010 4023 5061 καὶ

2432 5106 2618 5169 κακῶς
2652 5105 2768 5157 ἐκεῖ
2796 5102 3039 5172 τελευτᾷ.
3082 5102 3355 5165 Ὡσαύτως
3410 5101 3503 5152 καὶ
3549 5100 3823 5153 Νικόλαον
3873 5100 4017 5152 ἔται·

2433 5196 2693 5270 ρειάρχην
2722 5196 2816 5248 καὶ
2840 5194 3127 5246 Στυλιανὸν
3155 5195 3247 5245 καὶ
3285 5192 3535 5262 Ἰωάννην
3567 5192 3657 5243 καὶ
3693 5192 4021 5257 συγγένειαν

2431 5291 2612 5343 πᾶσαν
2637 5286 2881 5350 Ζαούτζα
2901 5286 3023 5348 τοὺς
3054 5284 3151 5353 μὲν
3196 5284 3481 5353 ἀπέκειρε,
3515 5284 3641 5346 τοὺς
3672 5283 3731 5335 δὲ
3762 5282 4019 5351 ἐξώρισε,

2429 5381 2703 5452 δημεύσας
2730 5380 2830 5439 τὰς
2857 5378 3046 5441 οὐσίας
3072 5376 3251 5430 αὐτῶν
3285 5376 3483 5434 πάσας.
3526 5376 3636 5427 Καὶ
3665 5374 3845 5437 οὕτως
3870 5377 4021 5427 πᾶσι

2430 5473 2462 5542 ή
2495 5471 2780 5538 συγγένεια
2805 5467 3050 5533 laetitia
3080 5466 3450 5535 ἐξωλοθρεὺθη
3485 5466 3573 5518 διὰ
3590 5466 3851 5535 Σαμωνᾶ.
3875 5467 4020 5518 Πὰν-

2430 5581 2528 5626 τας
2561 5548 2618 5617 δὲ
2640 5565 2767 5625 τοὺς
2813 5561 3145 5632 μαγίστρους
3190 5561 3283 5612 καὶ
3312 5561 3439 5623 τοὺς
3470 5559 3529 5611 ιν
3573 5559 3724 5611 τέλει
3765 5576 4007 5627 προσκα-

2431 5654 2727 5724 λεσάμενος
2756 5655 2783 5705 ό
2815 5652 2899 5725 [Ρ.
3101 5650 3351 5720 βασιλεὺς
3402 5651 3616 5719 ἀνέγνω
3674 5652 4017 5705 κατενώπισι

2037 5744 2114 5797 γλ
2132 5744 2264 5801 [ΗΑ-ζ
2316 5746 2700 5801 ιιιιςῑῑοκις

852 5828 889 5858 ’⁸
912 5822 1082 5882 ὧσινῗ
