4158 6438
168 410 259 472 921

1260 426 1450 485 ΥΙῚἏΕ
1493 428 2042 495 RECENTIURUM
2088 439 2287 499 IMPP.

3317 448 3421 511 922

168 522 342 572 αὖτὼν
367 522 436 573 τὰ
474 524 778 592 μηνυθέντα
815 527 961 596 παρὰ
1007 531 1269 599 Σαμωνᾶ·
1330 534 1424 585 καὶ
1456 537 1719 604 είρήκασι·

1846 541 1955 595 illis
1999 558 2119 612 qua:
2148 562 2177 599 a
2211 547 2441 601 Samona
2473 547 2687 602 fuerant
2748 552 3019 611 nuntiata.
3058 553 3421 624 dixeruntque

169 614 312 676 ἀξιον
350 609 488 667 εἶναι
520 616 681 684 τιμῆς
716 618 981 687 μεγάλης.
1028 622 1083 673 Ὀ
1105 622 1160 674 δὲ
1188 625 1428 692 παρευθίρ
1461 627 1647 680 τοῦτον
1670 631 1733 697 τῇ

165 706 255 757 τ·ιῦ
314 709 805 777 πρωτοτπαοαρίου
860 710 987 781 ἀξία
1012 712 1329 782 τετίμηκεν,
1385 716 1478 769 καὶ
1523 734 1737 788 προσῳ.

165 796 429 850 κειὼσατο
453 798 669 853 ἑαυτοῦ.

232 890 450 961 xci-v.32
490 892 837 964 Ἐτελεύτησε
892 896 946 949 δὲ
1002 897 1283 963 Ἀντώνιος
1308 901 1336 952 ὁ
1369 904 1736 973 πατριάρχης,

164 985 254 1033 καὶ
286 985 402 1036 ἀντ’
431 986 597 1037 αὐτοῦ
640 991 1029 1054 χειροτονεῖται
1075 992 1338 1055 Νικόλαος
1381 996 1638 1063 μυστικὸς
1662 995 1737 1048 ὢν

162 1074 254 1127 τοῦ
302 1072 584 1143 βασιλέως.
642 1080 974 1151 Παρελήφθη
1008 1080 1063 1134 δὲ
1090 1085 1183 1135 καί
1215 1085 1277 1137 τὸ
1307 1088 1538 1155 κὰστρον
1567 1090 1598 1157 ἡ
1631 1092 1739 1158 Δη-

168 1168 402 1239 μητριάς
431 1170 489 1221 ἐν
522 1169 599 1238 τῷ
629 1168 825 1240 θέματι
877 1174 975 1243 τῆς
1028 1174 1277 1238 Ἑλλάδος
1326 1177 1430 1231 ὕπο
1461 1180 1739 1250 Δαμιανοῦ

162 1260 255 1310 τοῦ
297 1261 353 1312 Ἀ
365 1261 620 1331 γαρηνοῦ.

232 1359 341 1419 κγ’.
393 1354 542 1407 Λέων
568 1356 624 1409 δὲ
654 1358 683 1409 ό
728 1356 983 1426 βασιλεὺς
1011 1360 1196 1428 στέφει
1229 1362 1429 1415 Ἀνναν
1464 1363 1740 1433 θυγατέρα

162 1442 318 1509 Ζωῆς
369 1446 468 1512 τῆς
525 1446 634 1499 ἀπὸ
669 1448 765 1502 τοῦ
794 1448 1063 1513 Ζαούτζα,
1104 1451 1192 1504 διὰ
1238 1454 1298 1505 τὸ
1344 1454 1418 1524 μὴ
1479 1455 1739 1508 δύνασθαι

159 1531 335 1586 ποιεῖν
362 1534 428 1588 τὰ
459 1538 520 1589 ὲκ
545 1537 718 1591 τύπου
750 1540 1011 1610 κλητόρια
1053 1544 1126 1612 μὴ
1153 1543 1321 1610 οὔσης
1368 1546 1700 1616 Αὖγούστης.

228 1622 332 1678 κδ’.
376 1628 644 1696 Ἠγάγετο
667 1630 723 1683 δὲ
752 1633 779 1684 ὁ
803 1632 1058 1703 βασιλεὺς
1088 1635 1257 1705 κόρην
1284 1637 1348 1688 ὲκ
1377 1637 1469 1689 τοῦ
1504 1637 1740 1707 θέματος

170 1715 436 1784 ὐψυῑω,
458 1718 800 1789 ὡραιοτάτην
844 1724 1008 1788 πάνυ,
1037 1726 1262 1795 ὀνόματι
1305 1728 1588 1792 Εύδοκίαν,
1617 1732 1737 1783 στέ-

157 1807 266 1873 ψας
292 1810 387 1862 καὶ
414 1810 790 1882 ἀναγορεύσας
821 1816 913 1867 καὶ
949 1816 1134 1886 γήμας
1170 1819 1338 1889 αὐτήν
1360 1837 1372 1849 ·
1409 1819 1466 1885 ἐξ
1510 1817 1577 1891 ἦς
1606 1840 1735 1877 παι-

151 1898 259 1949 δίον
292 1900 521 1969 ποιήσας
545 1903 767 1973 ἄρρενα,
802 1905 887 1973 ἐφ’
975 1908 1327 1979 τετελεύτηκε
1351 1912 1446 1964 καὶ
1481 1914 1617 1984 αὑτὴ
1642 1916 1736 1969 καὶ

152 1990 212 2041 τὸ
239 1993 521 2058 γεννηθέν.

219 2090 325 2136 κε’.
370 2085 708 2155 Ἐξωνήσατο
739 2089 795 2142 δὲ
852 2092 1132 2162 οίκήματα
1192 2096 1221 2148 ό
1283 2097 1537 2164 βασιλεὺς
1583 2101 1734 2154 Λέων

148 2175 382 2244 πλησίον
406 2178 514 2231 τῶν
548 2178 746 2248 Ἀγίων
769 2183 1130 2251 ’Λποστόλων,
1151 2189 1246 2242 καὶ
1268 2190 1479 2246 ἔκτισεν
1508 2196 1624 2247 ἐκεῖ
1640 2197 1701 2247 ἐκ
1718 2224 1732 2234 -

148 2265 382 2334 κλησίαν
416 2273 692 2342 περιφανῆ
725 2276 812 2327 ἐπ’
845 2277 1070 2347 ὀνόματι
1126 2282 1226 2351 τῆς
1262 2284 1535 2353 προτέρας
1566 2286 1730 2340 αὑτοῦ

148 2360 410 2426 γυναικὸς
436 2362 532 2431 τῆς
562 2365 725 2432 ἁγίας
758 2369 1037 2438 Θεοφανῶ.

218 2451 335 2516 κς’.
382 2454 659 2518 Ὡσαύτως
694 2460 905 2514 ἔκτισεν
938 2464 1241 2533 ἐκκλησίαν
1274 2470 1354 2533 είς
1399 2473 1527 2535 τοὺς
1578 2472 1733 2541 λεγο-

151 2544 345 2613 μένους
377 2546 611 2612 Τόπους,
661 2551 756 2603 τὸν
788 2551 945 2621 ἆγιον
988 2555 1262 2626 Λάζαρον,
1314 2567 1732 2631 κατασκευάσας

146 2637 315 2707 αὐτὴν
352 2639 522 2710 μονὴν
557 2642 810 2713 ἀνδρείαν
853 2646 1149 2716 εὐνούχων.
1185 2653 1353 2705 Ἔνθα
1385 2657 1480 2709 καὶ
1526 2662 1587 2710 τὸ
1635 2660 1727 2712 τοῦ

143 2728 298 2797 ἁγίου
344 2731 604 2821 Λαζάρου
652 2734 813 2804 σῶμα
857 2737 920 2792 ὲκ
954 2740 1181 2809 Κύπρου
1229 2747 1322 2797 καὶ
1373 2748 1591 2818 Μαρίας
1631 2753 1731 2821 τῆς

143 2820 513 2892 Μαγδαληνῆς
535 2824 644 2878 ἀπὸ
660 2824 888 2894 Ἐφέσου
923 2830 1266 2902 ἀνακομίσας
1294 2838 1552 2902 ἀπέθετο,
1571 2820 1724 2913 ποιή-

146 2927 242 3003 σας
268 2994 273 2997 1
305 2913 405 2965 καὶ
434 2914 506 2967 τὰ
560 2916 816 2983 ὲγκαίνια
849 2920 949 2991 τῆς
980 2923 1151 2993 αὐτῆς
1182 2926 1502 2998 ἐκκλησίας.
1545 2934 1730 3003 Ἀσχο-

143 3002 406 3073 λουμένου
436 3007 492 3060 δὲ
522 3008 616 3060 τοῦ
643 3011 831 3065 στόλου
862 3014 943 3076 είς
981 3016 1049 3068 τὰ
1096 3018 1373 3089 κτίσματα
1410 3023 1518 3077 τῶν
1548 3002 1725 3081 τοιού-

140 3110 247 3145 των
282 3096 594 3165 ἐκκλησιῶν
638 3101 964 3175 παρελήφθη
997 3105 1056 3157 ὲν
1085 3107 1306 3180 Σικελία
1336 3112 1397 3166 τὸ
1433 3114 1726 3189 Ταυρομέ-

1838 633 2061 703 dignum
2093 653 2212 691 esse
2236 639 2327 707 qui
2360 654 2613 708 magnum
2658 642 2923 697 honorem
2967 658 3417 712 consequeretur.

1837 722 2248 795 Confestimque
2281 744 2405 782 eum
2444 733 2866 799 protospalharii
2902 734 3168 805 dignitate
3203 738 3419 790 ornavit

1839 823 1895 867 et
1930 815 1995 867 ad
2037 832 2191 869 suam
2241 822 2703 876 necessitudinem
2746 826 2963 879 ascivit.

1839 909 2005 978 860
2033 909 2226 964 Eli-9.9..
2265 913 2480 967 Mortuo
2510 931 2643 968 vero
2668 916 2904 969 Antonio
2939 918 3270 986 patriarcha.
3300 919 3417 987 ejus

1840 1002 1962 1055 loco
2006 1002 2294 1057 ordinatur
2335 1006 2610 1070 Nicolaus,
2639 1009 2732 1076 qui
2769 1009 3115 1077 imperatoris
3144 1019 3259 1063 erat
3300 1025 3416 1077 my-

1841 1098 2031 1150 sticus.
2082 1095 2252 1165 Capta
2289 1112 2453 1166 porro
2491 1108 2574 1153 est
2625 1101 2817 1155 civitas
2857 1103 3063 1156 mimita
3107 1104 3414 1160 Demetrias

1843 1188 1895 1241 in
1930 1188 2188 1243 llellados
2225 1189 2466 1244 themate
2503 1207 2532 1246 a
2568 1192 2830 1248 Damiano
2865 1195 3133 1264 Agareno.

1914 1367 2003 1421 9.5.
2034 1367 2147 1423 Leo
2174 1368 2474 1439 imperator
2494 1370 2705 1425 Annam
2745 1372 2909 1425 filiam
2929 1389 3079 1426 suam
3097 1390 3161 1426 ex
3182 1374 3288 1427 Zoe
3307 1375 3416 1429 filia

1842 1460 2057 1514 Zautza‘
2071 1469 2319 1525 coronat,
2339 1462 2482 1530 quod
2503 1479 2608 1516 non
2632 1470 2846 1532 poterat
2865 1465 3160 1518 constituta
3181 1481 3244 1519 ex
3265 1482 3414 1521 more

1842 1554 2093 1609 convivia
2126 1554 2342 1623 publica
2370 1553 2656 1618 exhibere,
2682 1557 2826 1624 quod
2852 1574 2959 1612 non
2983 1567 3127 1612 esset
3146 1560 3413 1627 Augusta.

1912 1646 2004 1699 “lii.
2047 1647 2210 1700 Duxit
2262 1654 2448 1700 autem
2503 1649 2805 1715 imperator
2838 1664 3063 1703 uxorem
3111 1666 3177 1703 ex
3212 1650 3416 1717 Opsieii

1844 1738 2107 1800 themate,
2138 1740 2590 1793 formosissimam
2618 1739 2799 1802 valde,
2825 1741 3047 1795 nomine
3092 1742 3414 1801 Eudociam.

1844 1846 2117 1885 coronans
2156 1830 2565 1899 Augustamque
2609 1832 2937 1886 renuntians
2969 1849 3033 1887 ac
3077 1834 3180 1887 sibi
3220 1837 3415 1905 conju-

1843 1940 1964 1992 gem
1994 1923 2285 1977 adhibens.
2315 1923 2390 1977 Ex
2425 1938 2489 1977 ea
2514 1933 2769 1991 suscepto
2809 1940 2981 1994 puero
3019 1928 3262 1980 masculo
3301 1938 3413 1980 tum

1846 2018 1961 2086 ipsa
1986 2018 2255 2071 exstincta
2281 2025 2365 2071 est
2399 2025 2513 2070 tum
2543 2028 2798 2086 suscepta
2824 2019 3028 2087 proles.

1910 2109 2001 2163 25.
2039 2108 2321 2177 Coemptis
2362 2108 2471 2162 Leo
2506 2108 2806 2177 imperator
2837 2110 3047 2164 aedibus
3072 2126 3240 2180 prope
3275 2112 3415 2166 San-

1841 2212 1959 2256 ctos
1981 2200 2288 2269 Apostolos,
2309 2200 2382 2255 ibi
2409 2201 2865 2270 prmmagnificam
2887 2203 3173 2257 ecclesiam
3199 2215 3416 2257 exstru-

1842 2293 1940 2357 xit,
1977 2293 2213 2347 nomina:
2243 2292 2433 2362 prima:
2479 2307 2591 2347 sua:
2636 2293 2824 2347 uxoris
2863 2292 2921 2348 S.
2964 2292 3414 2363 TheOphanonis.

1907 2475 1997 2530 26.
2031 2475 2298 2531 Similiter
2326 2475 2492 2530 etiam
2542 2475 2834 2531 ecclesiam
2875 2475 3167 2531 aedificavit
3202 2473 3267 2529 ad
3306 2474 3414 2529 To-

1839 2583 1957 2636 pos,
2000 2583 2138 2636 quos
2167 2576 2389 2629 vocant,
2428 2567 2485 2622 S.
2514 2567 2802 2635 Lazarum,
2842 2568 3087 2623 virorum
3124 2568 3414 2623 eunucho-

1842 2671 1959 2707 runi
1986 2657 2384 2709 monasterium
2411 2655 2620 2711 faciens
2645 2674 2659 2723 ;
2692 2657 2782 2712 ubi
2809 2666 2865 2712 et
2897 2658 2954 2714 S.
2983 2656 3174 2712 Lazari
3209 2673 3414 2728 corpus

1837 2764 1868 2803 e
1895 2747 2076 2819 Cypro
2118 2758 2175 2802 et
2204 2748 2387 2803 Mariae
2419 2748 2751 2819 Magdalenm
2780 2750 2997 2819 Epheso
3030 2752 3264 2805 relatum
3314 2751 3413 2806 de-

1837 2841 2063 2909 posuit:
2102 2839 2379 2895 celebrata
2426 2840 2675 2909 ejusdem
2721 2842 2976 2896 ecclesia:
3021 2842 3098 2895 illi
3143 2842 3410 2897 encania.

1834 2929 2129 3000 Oecupatis
2159 2938 2344 2984 autem
2395 2931 2695 2987 classiariis
2744 2932 3025 2987 struendis
3075 2934 3410 3005 ejuscemodi

1835 3022 2106 3084 ecclesiis.
2142 3031 2361 3092 captum
2392 3025 2446 3078 in
2481 3024 2669 3078 Sicilia
2722 3033 2805 3079 cst
2853 3025 3289 3080 Tauromenium
3341 3026 3411 3082 ab

1834 3114 2005 3175 Afris,
2031 3113 2360 3183 negligentia
2414 3128 2510 3167 seu
2560 3114 2745 3181 potius
2790 3114 3106 3183 proditione
3133 3116 3408 3170 Eustathii

139 3205 248 3301 :tO‘J
280 3191 390 3243 ὑπὸ
404 3191 841 3267 τῶνἈφρων,τῇ
870 3198 1120 3271 ἀμελείᾳ,
1144 3203 1342 3271 μᾶλλον
1365 3207 1419 3259 δὲ
1440 3211 1719 3283 προδοσίᾳ,

1834 3205 2110 3258 navalium
2143 3203 2430 3274 drungarii
2462 3212 2517 3258 et
2539 3202 2808 3259 Caramali
2841 3205 2915 3259 ibi
2952 3215 3066 3260 tum
3091 3207 3411 3262 exsistentis

139 3280 441 3373 ξύσταθίου
476 3284 836 3356 δρουγγαρίου
865 3290 974 3343 τῶν
1004 3292 1286 3363 πλωῖμων,
1329 3300 1421 3351 καὶ
1449 3280 1720 3373 Καραμάο

137 3371 225 3424 λου
249 3374 434 3426 ἐκεῖσε
464 3374 617 3439 ὄντος
647 3378 739 3430 καὶ
765 3379 987 3450 Μιχαὴλ
1021 3384 1113 3437 τοῦ
1144 3386 1455 3457 Χαράκτου.
1491 3371 1722 3464 γενομέ-

136 3480 230 3531 νης
250 3464 461 3533 πολλῆς
495 3468 707 3535 σφαγῆς
750 3468 863 3523 τῶν
896 3471 1208 3543 Ῥωμαίων.
1258 3479 1612 3537 Ἀνελοόντων
1661 3490 1718 3540 δὲ

135 3557 312 3609 αὐτῶν
359 3558 419 3610 ἐν
448 3562 512 3627 τῇ
546 3558 698 3613 πόλει
736 3564 886 3633 παρα
939 3581 996 3616 τε
1027 3567 1146 3626 ,τοῦ
1182 3570 1448 3636 βασιλέως
1494 3578 1588 3629 καὶ
1622 3580 1716 3633 τοῦ

133 3650 477 3719 πατριάρχου
511 3652 551 3682 ’⁸
576 3651 947 3722 ἐλεγχθέντων
987 3660 1138 3729 παρά
1160 3661 1380 3733 Μιχαὴλ
1402 3666 1496 3719 τοῦ
1533 3671 1718 3741 Χαρά-

133 3759 257 3795 κτου
289 3742 369 3804 ὡς
408 3743 705 3813 προδοτῶν,
734 3749 1141 3819 κατεκρίθησαν
1172 3752 1406 3825 Θανάτῳ.
1430 3758 1721 3833 Παρακλη-

133 3834 311 3898 Οέντος
345 3835 403 3887 δὲ
433 3834 527 3888 τοῦ
560 3835 825 3907 βασιλέως
853 3841 1002 3909 παρά
1027 3843 1296 3898 Νικολάου
1326 3848 1421 3901 τοῦ
1452 3858 1718 3924 πατριάρ-

133 3947 245 3997 χου.
304 3928 401 3981 τὸν
456 3930 685 3985 οάνατον
732 3936 1211 4007 συνεχωρήθησαν,
1269 3944 1493 4011 μοναχοὶ
1541 3948 1567 3998 ὀ
1619 3950 1716 4016 μὲν

1824 3308 1880 3353 et
1906 3296 2185 3352 Michaelis
2208 3296 2486 3363 Characti,
2523 3298 2729 3364 ingenti
2764 3297 2924 3369 861
2963 3298 3087 3354 data
3120 3299 3411 3354 Romano-

1827 3406 1946 3445 rum
1980 3401 2179 3458 strage.
2225 3389 2283 3443 In
2329 3389 2523 3445 urbem
2562 3391 2829 3453 reductis,
2878 3392 2947 3445 ab
2982 3392 3319 3461 imperatore
3353 3402 3411 3448 et

1825 3482 2138 3553 patriarcha
2168 3481 2501 3551 redargutis,
2526 3480 2800 3536 Characlo
2836 3482 3214 3548 insimulante,
3248 3484 3411 3539 indi-

1824 3586 1910 3630 cta
1971 3576 2167 3628 mortis
2233 3574 2507 3629 sententia
2563 3583 2667 3629 est.
2719 3573 3043 3643 Quanquam
3095 3586 3320 3630 exorato
3375 3592 3406 3631 α

1824 3669 2047 3722 Νἱςοιοο
2095 3668 2407 3737 patriarcha
2458 3668 2795 3737 imperatore
2832 3668 2972 3722 facta
3025 3670 3219 3723 mortis
3246 3669 3406 3723 venia

1821 3772 1923 3816 est.
1956 3762 2283 3815 Monachum
2321 3761 2460 3815 inire
2491 3776 2842 3825 concessum,
2874 3763 3184 3816 Caramalin
3227 3762 3406 3816 Pieri-

1822 3856 1921 3917 dii,
1957 3855 2246 3909 Eustathio
2272 3854 2327 3907 in
2360 3853 2561 3907 Studii.
2586 3854 2754 3923 Capta
2777 3863 2862 3908 est
2888 3864 2943 3908 et
2969 3854 3204 3908 Lemnus
3229 3855 3407 3909 insula

1820 3951 1890 4005 ab
1923 3949 2211 4018 Agarenis,
2254 3947 2445 4001 multis
2489 3947 2799 4001 incolarum
2850 3948 3103 4003 abductis
3151 3948 3403 4015 captivis.

132 4022 469 4093 Καράμαλος
493 4023 574 4086 εἰς
601 4023 667 4077 τὰ
692 4026 997 4096 ῐῐικριδίου,
1037 4031 1064 4082 ὁ
1090 4030 1145 4083 δὲ
1170 4030 1467 4099 Εὖστάοιος
1495 4039 1574 4100 εἷς
1605 4041 1711 4096 τῶν
1761 4044 2035 4099 Στουδίου.
2091 4041 2424 4111 Παρελήφϐη
2474 4041 2530 4092 δὲ
2579 4042 2672 4093 καὶ
2739 4041 2959 4111 Λίμνος
3022 4042 3053 4110 ή
3097 4042 3256 4109 νῆσος
3299 4040 3404 4091 ὑπὸ

130 4112 233 4166 τῶν
279 4114 625 4183 ’Δγαρηνῶν,
667 4117 1045 4186 αἰχμαλωσίαν
1076 4123 1274 4193 πολλὴν
1307 4130 1695 4197 πεποιηκότες.

195 4207 297 4274 κζ’.
345 4208 440 4261 Ἐν
464 4212 528 4280 τῇ
572 4212 889 4281 προελεύσει
941 4216 997 4267 δὲ
1041 4219 1139 4287 τῆς
1197 4229 1710 4297 μεσοπεντηκοστῆς

129 4300 219 4352 τοῦ
256 4300 525 4367 βασιλέως
555 4302 781 4366 Λέοντος
811 4304 1130 4371 ἀνελθόντος
1163 4310 1246 4372 είς
1278 4312 1371 4365 τὸν
1401 4316 1555 4383 ἅγιον
1584 4320 1712 4373 Mt?»

129 4408 241 4444 κιον
268 4392 366 4445 καὶ
425 4392 810 4459 είσοδεύοντος,
877 4397 966 4449 ὅτε
1018 4394 1148 4469 ἦλθε
1211 4403 1437 4474 πλησίον
1485 4412 1710 4476 σωλέας,

127 4484 357 4548 ἐξελθών
394 4502 478 4547 τις
524 4485 587 4537 ὲκ
643 4485 737 4537 τοῦ
795 4487 1049 4557 ἇμϐωνος
1106 4493 1337 4547 δέδωκεν
1386 4499 1534 4569 αὐτῷ
1576 4505 1712 4571 μετὰ

128 4577 321 4647 ρἀδου
355 4578 587 4647 ίσχυρᾶς
612 4578 703 4631 καὶ
730 4580 963 4650 παχείας
985 4600 996 4612 ·
1027 4584 1119 4636 καὶ
1145 4587 1193 4637 εί
1227 4586 1351 4657 μὴή
1382 4591 1423 4622 ¹¹
1449 4595 1587 4662 φορά
1614 4597 1712 4663 τῆς

128 4669 320 4737 ῥάϐδου
358 4671 442 4731 εἰς
475 4668 882 4741 πολυκάνδηλον
923 4675 1317 4741 ὲμποδισθεῖσα
1351 4682 1711 4757 διεχαυνὼοη,

126 4762 369 4832 παρευθὺ
401 4762 471 4815 ἂν
502 4762 690 4817 τοῦτον
730 4765 1009 4835 ἀπήλλαξε
1044 4769 1137 4821 τοῦ
1172 4770 1292 4841 ζῇν.
1325 4774 1431 4826 Τοῦ
1461 4777 1515 4830 δὲ
1540 4779 1711 4847 αἵμα-

122 4870 208 4917 τος
241 4854 497 4924 σφώρῶς
526 4853 611 4925 [Ρ.
645 4854 775 4929 557]
805 4860 1202 4931 καταρρέοντος
1236 4867 1297 4917 ἐκ
1348 4867 1445 4936 τῆς
1479 4869 1571 4922 τοῦ
1612 4872 1710 4940 βα-

125 4948 313 5011 σιλέως
357 4947 629 5016 κεφαλῆς,
669 4952 882 5021 ταραχή
914 4969 973 5004 τε
1006 4955 1098 5006 καὶ
1129 4958 1275 5026 φυγὴ
1299 4959 1406 5011 τῶν
1433 4961 1711 5031 ἀρχόντων

122 5040 357 5107 γέγονεν,
395 5041 489 5091 καὶ
514 5039 701 5093 πολλοὶ
731 5043 790 5093 ὲν
821 5042 993 5115 ταύτῃ
1035 5045 1338 5103 ἀπώλοντο.
1382 5052 1441 5105 Ὀ
1471 5052 1526 5106 δὲ
1555 5056 1709 5109 ἀδελ-

122 5134 214 5198 φὸς
234 5132 403 5185 αὑτοῦ
440 5132 792 5204 Ἀλέξανδρος
812 5138 1220 5205 προεφασίσατο
1254 5144 1602 5213 νοσηλευοεὶς
1619 5148 1713 5201 ναὶ

121 5226 176 5278 ού
210 5224 491 5294 κατῆλθεν
518 5226 659 5295 ὲντῇ
694 5226 906 5295 εἰσόδῳ,
940 5227 1015 5290 ὡς
1043 5230 1105 5281 ἐκ
1126 5230 1313 5284 τούτου
1348 5233 1587 5291 ὕποπτον
1616 5240 1715 5292 αύ-

122 5320 206 5371 τδν
231 5318 490 5386 γενέσθαι
518 5320 617 5389 τὴν
646 5321 904 5390 τοιαύτην
950 5322 1243 5392 ἐπιϐουλὴν
1272 5332 1705 5387 κατασκευάσαι.

121 5408 250 5464 Οὓτε
273 5412 302 5462 ό
338 5412 607 5479 Σαμωνᾶς
663 5412 845 5481 παρῆν
872 5414 1007 5476 ἐκεῖ,
1043 5414 1157 5467 ἀλλ’
1187 5409 1253 5485 ἦν
1279 5402 1527 5473 ἀπελθὼν
1561 5424 1699 5490 ἀγα-

120 5503 228 5565 γεῖν
247 5501 405 5571 Ζωὴν
443 5501 504 5553 ὲν
532 5501 609 5566 τῷ
629 5502 877 5572 παλατίῳ
907 5506 1043 5574 πρὸς
1074 5505 1133 5559 τὺ
1163 5511 1397 5563 συνεῖναι
1439 5511 1516 5582 τῷ
1544 5513 1699 5580 βασι-

119 5593 214 5647 λετ.
244 5591 634 5663 Κρατηθέντος
665 5592 721 5646 δὲ
748 5594 842 5647 τοῦ
876 5596 1056 5659 δόντος
1089 5597 1180 5650 τὸν
1222 5598 1443 5667 βασιλέα
1486 5605 1581 5656 καὶ
1608 5606 1699 5669 ἐξ·

122 5688 457 5750 ιιααοέντος,
492 5686 587 5739 καὶ
620 5687 817 5750 πολλὰς
860 5687 1123 5752 Βασάνους
1151 5694 1244 5745 καὶ
1276 5696 1546 5765 τιμωρίας
1566 5699 1697 5752 ὑπο-

1888 4232 1978 4285 27.
2018 4232 2073 4284 in
2106 4244 2368 4299 processu
2414 4241 2596 4283 autem
2632 4230 2826 4284 mediae
2870 4230 3240 4290 Pentecostes,
3275 4246 3396 4282 enm

1819 4323 1930 4378 Leo
1967 4324 2269 4392 imperator
2297 4321 2363 4376 ad
2393 4322 2448 4376 S.
2485 4323 2642 4376 Moeii
2675 4322 3015 4377 ascendisset
3041 4338 3103 4376 ac
3138 4323 3397 4391 templum

1821 4417 2077 4479 intraret,
2112 4415 2205 4469 ubi
2242 4416 2355 4484 jam
2386 4429 2555 4483 prope
2591 4415 2797 4468 soleam
2836 4416 3115 4484 attigerat,
3145 4430 3399 4484 egressus

1821 4506 2045 4576 quidam
2074 4523 2142 4561 ex
2175 4505 2412 4559 ambone
2442 4520 2565 4557 eum
2600 4504 2827 4559 robusto
2859 4505 3000 4559 fuste
3032 4522 3095 4559 ac
3118 4522 3300 4559 eraSso
3342 4506 3399 4560 in

1818 4607 1982 4667 caput
2012 4598 2257 4668 impegit.
2294 4597 2370 4651 Ac
2400 4597 2506 4650 nisi
2538 4596 2700 4650 fustis
2727 4596 2838 4651 ictu
2870 4598 3164 4667 interjecto
3192 4597 3395 4651 cande-

1817 4692 1960 4745 labri
1995 4691 2260 4745 remissus
2289 4689 2485 4743 fuisset
2527 4703 2590 4742 ac
2639 4688 2975 4753 retardatus,
3006 4689 3296 4744 confestim
3344 4691 3395 4745 ei

1816 4785 1984 4840 vitam
2025 4783 2363 4838 abstulisset.
2407 4780 2617 4836 Cruore
2652 4789 2839 4834 autem
2872 4796 2902 4834 e
2938 4781 3117 4849 capite
3155 4782 3394 4850 impera-

1814 4872 1950 4925 toris
1982 4870 2208 4939 largiter
2249 4869 2534 4923 dil'ﬂuente
2580 4868 2722 4922 facta
2773 4868 3014 4923 turbatio
3046 4879 3132 4924 est
3175 4885 3237 4924 ac
3270 4872 3394 4941 fuga

1810 4977 2123 5032 procerum,
2152 4962 2422 5032 multique
2456 4962 2511 5015 in
2548 4976 2611 5014 ea
2647 4960 2951 5030 perierunt.
2982 4961 3171 5016 Frater
3208 4974 3392 5018 autem

1816 5053 2015 5108 Leonis
2042 5053 2353 5109 Alexander
2383 5053 2637 5107 morbum
2688 5062 2998 5122 praetexens
3047 5055 3393 5111 desideratus

1814 5144 1869 5199 in
1902 5145 2151 5215 ingressu
2184 5154 2288 5208 est,
2321 5154 2381 5200 ut
2416 5145 2544 5199 inde
2597 5146 2839 5214 suspicio
2873 5146 2923 5198 ei
2982 5146 3270 5200 inoleverit
3314 5148 3389 5200 is-

1814 5237 2075 5292 tiusmodi
2110 5238 2413 5293 molitionis
2446 5247 2729 5291 auctorem
2768 5238 2947 5308 ipsum
2977 5238 3166 5293 fuisse.
3197 5239 3389 5294 Samo--

1813 5346 1912 5386 nas
1941 5348 2163 5403 quoque
2196 5349 2305 5387 non
2332 5342 2452 5387 erat
2486 5331 2587 5395 ibi,
2624 5331 2721 5387 sed
2761 5331 2974 5386 abierat
3008 5335 3175 5386 Zoem
3213 5333 3388 5387 addu-

1812 5433 2003 5479 cturus
2030 5426 2086 5479 in
2117 5426 2402 5495 palatium,
2438 5434 2499 5479 ut
2532 5441 2657 5480 eum
2685 5427 3018 5495 imperatore
3038 5428 3389 5497 esset.Capto

1813 5515 1904 5570 illo
1938 5518 2033 5586 qui
2077 5518 2246 5573 ictum
2277 5519 2602 5588 impegerat,
2649 5517 2947 5588 habitaque
2976 5519 3043 5573 de
3078 5520 3173 5574 illo
3234 5536 3386 5589 qua:-

1810 5607 2013 5673 stione,
2046 5625 2111 5665 ac
2143 5625 2266 5665 eum
2296 5611 2501 5666 multos
2531 5610 2648 5665 dies
2695 5626 2806 5665 non
2829 5627 3001 5681 pauca
3032 5612 3386 5669 sustinuisset

1807 5702 2077 5771 supplicia
2108 5719 2172 5759 ac
2208 5713 2503 5767 tormenta,
2532 5702 2679 5774 quod
2710 5704 2849 5759 nihil
2893 5704 3282 5766 confitebatur.
3316 5705 3383 5759 ad

1393 5792 1624 5847 VARUF.
1671 5792 2076 5854 LECTIUNES.

180 5875 212 5903 “
248 5876 317 5946 τῷ
365 5874 580 5945 βασιλεῖ
608 5876 699 5930 καὶ
742 5878 816 5948 τῷ
860 5881 1209 5956 πατριάρχῃῖ
1264 5885 1303 5916 η
1337 5888 1365 5955 ις
1400 5902 1508 5939 om.
1550 5887 1604 5942 I‘.
