4158 6438
182 424 291 487 925

1286 424 1481 484 HTE
1525 426 2071 486 [{ECENTIHRUM
2119 428 2320 489 IMl’l'.
3318 429 3422 489 9⁵3ξὲ

174 546 344 600 αὑτοῦ
384 545 660 599 Βασίλειον
710 543 1093 615 ἑταιρειάρχην
1154 544 1244 595 τὸν
1295 544 1629 612 Καματηρδν
1660 544 1744 595 καῖ

1856 560 1983 598 eum
2017 545 2189 597 mittit
2219 544 2479 598 Basilimn
2514 543 2903 598 l'rederatorum
2937 546 3193 599 comitem
3241 545 3437 599 (Tama-

171 638 449 707 1ἐὼργιον
478 640 569 691 τὸν
597 639 891 708 Κρηνήτην
920 639 1014 690 τοῦ
1053 636 1379 690 καταλαϐεῖν
1409 635 1589 688 αὐτόν.
1645 635 1750 686 Τοῦ

170 732 229 784 δὲ
252 733 489 796 Σαμωνᾶ
526 731 616 785 τὸν
652 732 820 785 Ἀλυν
861 731 1187 801 βουλομένου
1221 731 1585 800 διαπερᾶσαι,
1624 745 1753 780 κατ-

170 822 364 875 έλαϐεν
405 822 568 876 αὑτὸν
612 822 927 893 Νικηφόρος
977 822 1335 891 δρουγγάριος
1378 822 1405 873 6
1459 818 1752 890 λεγόμενος

171 914 449 980 Καμινᾶς,
477 914 577 965 οὐκ
608 912 714 964 ἑῶν
744 912 906 964 αὐτὸν
925 912 1275 980 διαπερᾶσαι.
1318 909 1472 963 Ἐπεὶ
1492 910 1550 963 δὲ
1582 909 1751 962 πολλὰ

166 1006 195 1056 6
231 1004 502 1072 Σαμωνᾶς
534 1004 848 1071 ὑπισχνεῖτο
877 1003 971 1054 καὶ
999 1002 1099 1054 οὐκ
1124 1001 1360 1062 ἔπειθεν,
1406 1000 1752 1071 προσέφυγεν

167 1098 251 1157 εἰς
274 1095 337 1148 τδ
368 1097 561 1165 Σιριχᾶ
591 1097 671 1158 εἰς
706 1097 798 1148 τὸν
828 1096 1006 1164 τίμιον
1040 1095 1296 1164 σταυρὸν,
1329 1096 1750 1164 προφασισάμε-

166 1205 257 1249 νος
288 1187 365 1251 ὡς
394 1188 481 1240 διὰ
495 1187 681 1241 πίστιν
710 1186 805 1241 τοῦ
838 1184 1071 1256 σταυροῦ
1106 1185 1374 1255 ἐληλύθει.
1413 1184 1751 1239 Καταλαϐὼν

165 1272 262 1327 οὖν
289 1277 697 1339 Κωνσταντῖνος
735 1278 763 1329 6
786 1276 879 1329 τοῦ
920 1276 1142 1341 Δουκὸς,
1177 1275 1270 1327 καὶ
1310 1274 1498 1328 τοῦτον
1555 1275 1751 1327 ἀναλα-

167 1369 422 1435 ϐόμενος,
482 1366 819 1438 ὑπέστρεψεν
851 1368 908 1419 ὲν
955 1369 1021 1435 τῇ
1057 1365 1231 1419 πόλει.
1278 1364 1589 1436 Προσέταξε
1619 1366 1674 1417 δὲ
1722 1367 1750 1417 6

168 1456 430 1525 βασιλεὺς
453 1456 616 1511 αὐτον
652 1458 750 1527 μὲν
775 1456 1140 1521 φυλάττεσθαι
1170 1458 1227 1509 ὲν
1255 1459 1319 1524 τῇ
1380 1456 1526 1524 οἰκίᾳ
1571 1456 1751 1525 Πὰρδα

164 1548 263 1600 τοῦ
296 1547 595 1618 Καίσαρος,
616 1548 867 1618 ἠρώτησε
910 1549 968 1601 δὲ
1001 1550 1411 1601 Κωνσταντῖνον
1433 1547 1522 1601 τοῦ
1550 1548 1749 1610 Δουκὸς

165 1641 299 1709 περὶ
334 1638 519 1701 αὑτοῦ,
563 1639 659 1693 καὶ
689 1637 875 1709 μαθὼν
907 1638 982 1701 ὡς
1013 1639 1226 1705 ἀληθῶς
1257 1641 1315 1691 ὲν
1346 1639 1513 1709 Συρία
1558 1640 1746 1707 ἔφυγε,

163 1732 526 1802 παρεγγύησε
565 1731 641 1803 τῷ
673 1731 838 1785 Δουκὶ
872 1731 946 1803 μὴ
976 1733 1151 1784 εἰπεῖν
1179 1731 1337 1783 τοῦτο
1368 1733 1599 1785 ἐνώπιον
1650 1734 1748 1801 τῆς

163 1824 501 1895 συγκλήτου,
549 1824 637 1877 ὅτε
690 1823 733 1855 ⁸⁸
762 1823 893 1893 παρ’
920 1822 1085 1876 αὑτοῦ
1115 1822 1389 1892 ὲρωτηθῇ,
1436 1824 1550 1877 ἀλλ’
1577 1824 1657 1877 ὅτι
1682 1825 1748 1877 δι’

160 1916 336 1985 εὐχὴν
361 1916 604 1987 ἀπῆλθεν
630 1916 687 1970 ὲν
711 1915 788 1985 τῷ
816 1917 1009 1984 Σιριχᾶ
1029 1931 1044 1946 ·
1080 1914 1240 1985 ἡθελε
1280 1915 1386 1985 γὰρ
1432 1918 1460 1967 ὁ
1489 1916 1744 1984 βασιλεὺς
1782 1902 1821 1956 Π

162 2008 560 2079 συνοξῖιισθῆναι
588 2007 756 2077 αὐτῷ.
793 2007 1311 2077 Προσκαλεσάμενος
1339 2002 1433 2060 οὗν
1460 2008 1750 2060 Κωνσταν-

159 2103 313 2154 τῖνον
356 2099 450 2152 τοῦ
483 2100 685 2163 Δουκδς
711 2098 1024 2170 ἔμπροσθεν
1052 2098 1160 2151 τῶν
1194 2100 1253 2151 ὲν
1282 2098 1425 2151 τέλει
1455 2099 1559 2170 ἔφη
1582 2116 1596 2130 ·
1632 2100 1747 2152 Οὗ-

160 2213 281 2256 τως
306 2195 469 2263 ἔχεις
500 2195 650 2249 Θεὸν
673 2196 772 2247 καὶ
796 2192 915 2261 τὴν
954 2193 1233 2261 κεφαλήν
1265 2210 1406 2261 μου,
1453 2193 1678 2262 ἔφυγεν
1715 2195 1749 2246 ό

160 2286 507 2356 Σαμωνᾱςῆ
530 2287 641 2351 οῠ;
669 2285 729 2339 '0
756 2286 813 2339 δὲ
840 2285 915 2349 ὡς
949 2284 1117 2338 εἰπὼν
1136 2284 1401 2356 πρότερον
1431 2283 1507 2352 τῷ
1539 2285 1750 2354 βασιλεῖ

163 2379 245 2450 μὴ
300 2377 621 2447 ὀρκισθῆναι
660 2376 754 2430 καὶ
786 2377 847 2430 τὸ
879 2376 1237 2445 κελευόμενον
1267 2377 1463 2441 εἰπεῖν,
1506 2375 1749 2439 ἀκούσας

156 2473 291 2535 τοὺς
320 2473 516 2539 ὅρκους
565 2471 781 2537 ἐξεῖπεν
833 2470 1063 2523 ἐνώπιον
1098 2468 1335 2532 πάντων,
1376 2468 1458 2521 ὅτι
1503 2470 1606 2534 Είς
1636 2472 1747 2523 Συ-

147 2565 303 2631 ρίαν
331 2564 605 2634 ἔφευγεν.
649 2563 783 2618 Μετ’
814 2562 984 2634 ὀργῆς
1031 2561 1089 2615 δὲ
1124 2559 1220 2614 τοῦ
1257 2560 1522 2631 βασιλέως
1558 2560 1745 2614 τοῦτον

154 2658 654 2728 ἀποπεμψαμένου,
680 2656 903 2728 εποίησε
936 2638 1206 2724 Σξεμωνᾶς
1239 2654 1416 2723 μῆνας
1468 2654 1745 2724 τέσσαρας

154 2752 217 2802 ὲν
244 2748 325 2821 τῷ
347 2751 481 2821 οἴκῳ
527 2749 622 2803 τοῦ
655 2749 855 2820 Βάρδα.
892 2746 1282 2816 ’Δπεσυνόψισε
1311 2745 1368 2800 δὲ
1390 2746 1448 2800 ἐν
1488 2749 1553 2817 τῇ
1585 2747 1746 2800 αὐτο-

152 2842 429 2913 κρατορεα
449 2841 543 2896 τοῦ
574 2841 843 2914 βασιλέως
870 2841 934 2895 ".

231 3104 317 3177 [Ρ.
350 3104 475 3175 559]
504 3103 604 3175 λβ’.
648 3105 852 3176 Ἐφάνη
879 3106 936 3161 δὲ
963 3106 1084 3160 τότε
1114 3108 1210 3161 καὶ
1255 3108 1506 3179 κομήτης
1546 3107 1743 3177 ἀστὴρ,

1860 643 2035 686 terum
2062 642 2117 688 et
2139 635 2432 703 Georgium
2462 635 2779 691 Crenelem.
2812 635 2877 687 ad
2905 650 3030 689 eum
3072 634 3438 701 comprehen-

1858 724 2117 779 dendum.
2147 725 2310 794 864
2331 725 2579 791 Cumque
2600 724 2864 778 Samonas
2890 724 3075 794 Halym
3102 725 3263 778 vellet
3286 724 3435 791 traji-

1857 816 2424 883 cere,cmupreln-ndit
2458 831 2583 869 eum
2611 815 2953 883 Nicephorus
2976 816 3324 881 drungartus,
3350 814 3435 866 cui

1857 922 2059 960 nomen
2090 907 2366 967 Caminas,
2395 907 2700 974 prohibens
2732 906 2911 972 ipsum
2966 907 3239 974 traiicere.
3270 906 3437 959 Cum-

1855 1016 1961 1069 que
1991 1000 2255 1054 Samouas
2286 998 2473 1051 multis
2502 998 2787 1067 promissis
2827 1000 2945 1066 ejus
2995 998 3131 1051 nihil
3191 1000 3435 1050 animum

1856 1091 2180 1155 inﬂexisset,
2228 1091 2295 1143 ad
2331 1089 2701 1143 venerandam
2745 1089 2994 1158 confugit
3039 1104 3263 1142 crucem
3317 1104 3437 1155 qua:

1853 1192 1937 1239 est
1969 1185 2022 1237 in
2053 1182 2286 1245 Sirieha,
2316 1181 2582 1236 simulans
2605 1183 2759 1251 quasi
2793 1182 2899 1236 [ide
2932 1182 2984 1235 in
3017 1196 3240 1235 crucem
3282 1182 3436 1248 ejus-

1850 1288 1958 1342 que
2034 1272 2302 1341 religione
2363 1272 2468 1326 iter
2517 1272 2875 1340 suscepisset.
2946 1271 3440 1340 Comprehendens

1856 1365 2041 1432 itaque
2066 1362 2459 1417 Constantinus
2482 1364 2646 1419 Ducis
2671 1364 2836 1427 ﬁlius,
2865 1379 3104 1431 eumque
3125 1377 3435 1425 assumens,

1855 1456 1910 1509 in
1968 1455 2159 1510 urbem
2202 1471 2457 1510 reversus
2491 1466 2597 1511 est.
2649 1456 2921 1525 Praecepit
2951 1471 3087 1510 vero
3132 1456 3436 1523 imperator

1857 1550 2035 1618 ipsum
2085 1549 2309 1619 quidem
2339 1550 2550 1603 servari
2591 1550 2646 1603 in
2687 1551 2903 1604 aedibus
2948 1550 3139 1604 Bardaa
3185 1548 3436 1613 Caesaris,

1855 1641 2327 1711 interrogavitque
2358 1641 2426 1695 de
2464 1657 2531 1697 eo
2564 1641 2989 1696 Constantinum
3037 1642 3200 1695 Duae
3240 1641 3436 1694 lilium.

1852 1734 2194 1804 Cognitoque
2218 1735 2347 1803 quia
2371 1750 2503 1789 vere
2542 1736 2596 1789 in
2623 1735 2835 1806 Syriam
2886 1734 3121 1803 fugeret,
3156 1732 3439 1787 mandavit

1853 1823 1980 1877 duci
2014 1839 2083 1879 ne
2110 1840 2236 1877 cum
2268 1825 2337 1879 ab
2360 1840 2426 1879 eo
2454 1826 2898 1895 interrogaretur
2927 1824 2983 1878 in
3025 1825 3319 1893 praesentia
3351 1840 3436 1877 se-

1849 1926 2035 1979 natus,
2065 1917 2208 1972 istud
2241 1917 2473 1982 diceret,
2502 1918 2597 1971 sed
2626 1917 2774 1986 quod
2805 1918 2915 1970 voti
2944 1932 3106 1969 causa
3140 1917 3193 1969 in
3219 1916 3436 1971 Sirieha

1849 2009 2129 2079 profectus
2176 2020 2323 2066 esset
2368 2029 2381 2065 :
2431 2011 2653 2065 volebat
2702 2010 2850 2065 enim
2904 2009 3204 2078 imperator
3239 2010 3291 2062 in
3348 2008 3435 2062 sui

1847 2117 1974 2157 eum
2010 2113 2364 2171 conspectum
2392 2102 2707 2156 admittere.
2743 2102 3028 2155 Advocato
3070 2101 3256 2168 itaque
3285 2099 3436 2153 Con-

1848 2195 2093 2250 stantino
2143 2195 2307 2249 Ducis
2358 2195 2471 2248 lilio
2503 2209 2688 2248 coram
2729 2203 2926 2247 senatu
2979 2193 3057 2247 ait
3094 2210 3109 2246 :
3144 2192 3230 2247 Ita
3266 2192 3436 2247 Deum

1847 2287 2005 2340 habes
2041 2295 2090 2339 et
2124 2294 2283 2355 caput
2330 2302 2524 2349 meum,
2556 2285 2785 2356 fugiebat
2832 2284 3094 2340 Samonas
3131 2284 3340 2338 necne?
3387 2284 3437 2337 ls

1847 2391 2002 2439 vero,
2033 2386 2092 2429 ut
2119 2377 2214 2446 qui
2245 2385 2407 2430 antea
2438 2376 2826 2445 imperatorem
2862 2384 3109 2445 rogasset
3134 2391 3244 2429 non
3280 2375 3407 2446 adju

1850 2483 1994 2531 rare.
2029 2485 2092 2524 ac
2116 2470 2396 2523 dicturum
2422 2483 2482 2523 se
2507 2469 2654 2538 quod
2686 2469 3004 2539 juberetur,
3039 2468 3246 2523 auditis
3270 2470 3430 2538 jura-

1848 2562 2070 2625 mentis,
2100 2561 2411 2630 horumque
2438 2570 2622 2615 motus
2653 2561 2937 2631 religione,
2968 2560 3226 2616 omnibus
3248 2576 3433 2615 coram

1846 2652 2199 2707 enuntiavit:
2255 2651 2398 2705 Sane
2454 2653 2685 2723 fugiebat
2737 2655 2791 2706 in
2838 2651 3074 2723 Syriam.
3131 2652 3435 2723 Imperator

1848 2759 1973 2798 cum
2016 2744 2095 2797 ira
2130 2744 2285 2813 jusso
2325 2744 2619 2808 lacessere,
2670 2746 2963 2800 Samonam
3015 2761 3235 2800 menses
3297 2761 3436 2815 qua-

1849 2851 1979 2890 tuor
2037 2836 2218 2889 tenuit
2262 2836 2317 2890 in
2356 2836 2520 2891 domo
2550 2837 2763 2900 Bardae,
2807 2837 3163 2908 reddiditque
3192 2852 3435 2908 prasen-

1848 2928 1979 2982 tiam
2007 2937 2064 2982 et
2104 2927 2157 2980 in
2196 2937 2556 2997 conspectum
2600 2929 2827 2983 admisit
2860 2939 2975 2984 tum
3005 2945 3131 2984 cum
3164 2930 3244 2984 illi
3288 2929 3435 2985 [ilius

1848 3026 2141 3087 susceptus
2165 3025 2272 3071 est.

1915 3111 2003 3165 52.
2052 3111 2324 3180 Apparuit
2374 3119 2507 3164 tunc
2552 3118 2610 3163 et
2665 3117 2901 3173 cometa,
2961 3111 3146 3164 radios
3204 3111 3435 3167 mittens

144 3197 255 3260 τὰς
286 3198 516 3257 ἀκτῖνας
550 3197 644 3250 ἐπὶ
692 3198 985 3267 ’Δνὶιτολῆς
1008 3200 1263 3270 πέμπων,
1317 3201 1640 3270 φαινόμενος
1687 3203 1744 3253 έν

1845 3216 2041 3256 versus
2069 3202 2375 3263 Orientem,
2412 3201 2672 3270 visusque
2702 3210 2786 3255 est
2820 3201 2940 3255 dies
2966 3202 3325 3272 quadraginta
3368 3218 3434 3259 ac

148 3288 401 3359 ἡμέραις
431 3288 523 3340 καὶ
552 3287 670 3352 νυξὶ
690 3289 1122 3359 τεσσαράκοντα.
1160 3290 1354 3356 Γέγονε
1391 3289 1447 3342 δὲ
1480 3291 1743 3359 Σαμωνᾶς

1847 3295 2074 3349 totidem
2097 3305 2305 3349 noctes.
2340 3295 2607 3349 Samonas
2630 3311 2660 3349 a
2690 3305 2937 3364 tempore
2962 3311 3075 3351 suae
3096 3296 3260 3367 865
3290 3298 3430 3367 luga:

145 3376 448 3445 πατρίκιος
486 3376 594 3429 ἀπδ
623 3377 721 3447 τῆς
766 3376 934 3430 αὐτοῦ
960 3378 1164 3448 φυγῆς.
1218 3378 1513 3448 Ἐγέννησε
1541 3379 1599 3431 δὲ
1627 3381 1743 3432 υἱὸν

141 3470 261 3523 ἀπὸ
315 3469 471 3539 Ζωῆς
510 3470 608 3540 τῆς
660 3471 930 3540 τετάρτης
973 3471 1141 3524 αὑτοῦ
1196 3475 1477 3540 γυναικός.
1508 3472 1551 3504 ¹⁶
1587 3472 1741 3525 Ἐσαο

140 3562 357 3629 πτίσοη
385 3560 442 3615 δὲ
472 3562 543 3614 τὰ
574 3564 706 3629 ἆγια
753 3564 911 3617 Φῶτα
944 3564 1050 3617 ὑπὸ
1075 3564 1345 3619 Νικολάου
1397 3564 1737 3635 πατριάρχου

140 3658 206 3708 ιν
238 3658 307 3725 τῇ
352 3655 578 3726 Μεγάλῃ
628 3655 918 3727 ἐκκλησίᾳ,
948 3657 1263 3728 δεξαμένων
1294 3659 1459 3713 αὐτὸν
1492 3660 1741 3723 Ἀλεξάν-

138 3748 277 3815 δρου
329 3746 590 3813 βασιλέως
623 3747 719 3800 καὶ
771 3748 1011 3820 Σαμωνᾶ
1062 3751 1354 3823 πατρικίου
1420 3752 1517 3804 καὶ
1554 3751 1662 3803 τῶν
1683 3754 1741 3805 έν

139 3839 295 3892 τέλει
326 3838 565 3894 πάντων.

217 3930 327 3998 λγ’.
361 3931 553 3999 Γέγονε
581 3932 638 3987 δὲ
667 3933 760 3987 καὶ
789 3934 822 4004 ἡ
850 3933 1012 4007 Κύφη
1047 3936 1167 3991 τότε
1221 3942 1601 4011 γηροκομεῖον,
1656 3942 1738 3995 δι-

132 4021 432 4092 ωχθεισῶν
449 4021 557 4074 τῶν
585 4023 887 4094 ἑταιρίδων.

211 4199 313 4255 λδ.
350 4200 628 4272 Εὑλογήθη
682 4203 739 4255 δὲ
789 4203 817 4255 6
876 4204 1033 4258 Λέων
1092 4206 1346 4275 βασιλεὺς
1409 4210 1550 4278 μετὰ
1586 4210 1737 4281 Ζωῆς

134 4290 290 4361 μετὰ
324 4291 423 4362 τὴν
445 4293 637 4365 ἑορτὴν
691 4294 845 4365 παρὰ
874 4295 1049 4367 Θωμᾶ
1105 4298 1484 4371 πρεσϐυτέρῳ,
1513 4301 1572 4365 ὃς
1603 4302 1737 4355 καθο

1844 3388 2113 3457 patricius
2150 3396 2370 3443 creatus
2410 3396 2514 3442 est.
2558 3387 2795 3442 Sustulit
2827 3387 2939 3442 Leo
2981 3389 3155 3444 lilium
3186 3405 3252 3444 ex
3296 3389 3427 3456 Zoe,

1842 3490 2037 3549 quarta
2075 3495 2243 3534 uxore
2285 3495 2382 3534 sua
2411 3498 2425 3543 ;
2457 3480 2878 3549 baptizatusque
2910 3493 2993 3537 est
3028 3483 3081 3535 in
3128 3482 3218 3536 die
3243 3482 3432 3536 Lumi-

1842 3588 1971 3625 num
2007 3588 2035 3625 a
2063 3572 2288 3627 Nicolao
2332 3572 2645 3641 patriarcha
2675 3574 2730 3627 in
2768 3573 2957 3643 Magna
3013 3574 3271 3633 ecclesia.
3302 3590 3426 3629 sus-

1841 3664 2160 3732 c‘eptorihus
2209 3666 2328 3734 ejus
2372 3666 2685 3719 Alexandro
2734 3666 3064 3735 imperatore
3094 3677 3149 3721 et
3190 3667 3426 3722 Samona

1845 3758 2081 3827 patricio
2115 3758 2376 3827 omnique
2409 3766 2626 3812 senatu.

1908 3935 1995 3988 '53.
2038 3934 2192 3987 Tunc
2237 3950 2458 4004 quoque
2498 3935 2712 4005 Cupha,
2750 3951 2914 4005 quam
2961 3945 3181 4000 vocant.
3228 3938 3426 3992 domus

1842 4026 2126 4095 hospitalis
2179 4028 2439 4082 curandis
2490 4028 2719 4082 senibus
2771 4027 2911 4082 facta
2966 4039 3068 4091 est,
3126 4030 3427 4084 eliminatis

1838 4120 2060 4172 scorﬁs.

1908 4212 1995 4265 54.
2023 4210 2261 4279 Nuptiali
2302 4209 2691 4266 benedictione
2721 4212 3037 4281 impartitus
3066 4221 3151 4265 est
3181 4211 3291 4265 Leo
3316 4212 3421 4264 im—

1839 4311 2061 4373 perator
2081 4319 2206 4357 eum
2227 4304 2335 4358 Zoe
2359 4304 2712 4373 postDomini
2734 4305 2969 4358 natalem
2988 4304 3131 4358 diem
3153 4321 3182 4357 a
3208 4306 3417 4360 Thema

127 4384 344 4456 ῃρέθη.
390 4385 747 4457 Ἀνηγόρευσε
769 4388 827 4441 δὲ
855 4387 953 4459 τὴν
978 4389 1151 4461 αὐτὴν
1184 4392 1338 4461 Ζωὴν
1390 4392 1733 4460 Αὑγούσταν,

1845 4396 2285 4466 presbytero,qui
2304 4396 2591 4467 depositus
2612 4406 2716 4452 est.
2741 4396 3000 4451 Eamdem
3022 4414 3240 4468 quoque
3254 4398 3419 4453 Zocnt

129 4477 235 4531 καὶ
264 4476 361 4530 διὰ
391 4476 551 4531 τοῦτο
584 4479 675 4532 τὸν
723 4478 951 4550 βασιλέα
1001 4483 1030 4535 6
1077 4482 1428 4553 πατριάρχης
1464 4484 1736 4538 ἐκώλυσεν

1845 4489 2139 4557 Augustam
2196 4488 2576 4554 renuntiavit;
2620 4504 2743 4558 qua:
2783 4504 2872 4544 res
2915 4490 2970 4543 in
3019 4505 3181 4545 causa
3221 4491 3325 4546 fuit
3358 4502 3421 4546 ut

125 4573 216 4633 εἰς
248 4571 355 4640 τὴν
387 4569 689 4640 ἐκκλησίαν
745 4573 1111 4644 είσέρχεσθαι.
1140 4575 1305 4629 Ὅθεν
1334 4577 1587 4649 διήρχετο
1621 4579 1727 4633 ἀπὸ

1845 4582 2145 4650 patriarcha
2171 4584 2488 4652 imperatori
2512 4584 2817 4654 ingressum
2842 4584 2894 4637 iu
2919 4585 3213 4640 ecclesiam
3247 4588 3419 4641 inter-

122 4662 231 4715 τοῦ
273 4660 457 4726 δεξιοῦ
492 4662 693 4732 μέρους
721 4663 882 4734 μέχρι
910 4664 1003 4718 τοῦ
1034 4668 1388 4739 μιτατωρὶου,
1437 4671 1561 4740 μηδ’
1594 4673 1730 4737 ὅλως

124 4755 212 4816 ei;
238 4754 312 4807 τὰ
345 4752 488 4807 κατὰ
512 4755 803 4825 συνήθειαν
825 4756 1193 4828 διερχόμενος.

200 4928 306 4984 λε’.
352 4930 672 5003 Προεϐλήθη
700 4932 758 4987 δὲ
779 4934 1049 5005 Σαμωνᾶς
1100 4939 1599 5011 παρακοιμώμενος
1639 4944 1726 4997 διὰ

119 5024 187 5076 τὸ
219 5022 375 5075 εἶναι
398 5022 478 5093 τῷ
510 5023 725 5093 βασιλεῖ
775 5028 1037 5097 συνεργὸς
1069 5028 1208 5098 πρὸς
1261 5032 1445 5085 πᾶσαν
1484 5049 1728 5102 παρανοο

123 5114 271 5183 μίαν
290 5112 391 5165 καὶ
425 5114 645 5171 κακίαν.
686 5117 797 5169 Καὶ
814 5120 958 5171 κατὰ
986 5120 1087 5186 τῆς
1131 5121 1459 5191 Ἐκκλησίας
1492 5125 1725 5196 ἧρξαντο

122 5207 396 5277 μελετᾷν.
430 5209 942 5281 Προσκαλεσάμενοι
994 5213 1103 5289 γὰρ
1136 5215 1401 5270 Νικόλαον
1448 5220 1722 5289 πατριάρ-

115 5317 233 5370 χην
257 5300 619 5373 Φεϐρουαρίῳ
651 5302 785 5373 μηνὶ
815 5302 1028 5375 πρώτῃ,
1055 5306 1151 5359 καὶ
1184 5307 1354 5361 πολλὰ
1382 5309 1721 5380 λιπαρήσαν-

114 5411 219 5456 τες
253 5391 517 5462 δεχθῆναι
546 5394 645 5465 τὴν
667 5395 1036 5466 πολυγαμίαν,
1091 5399 1214 5452 ἐπεὶ
1246 5404 1433 5456 πεῖσαι
1481 5403 1580 5455 οὐκ
1602 5405 1723 5473 i362:-

118 5486 406 5557 νήθησαν,
440 5485 549 5539 ἀπὸ
574 5485 669 5540 τοῦ
690 5488 980 5558 κλητορίου
1001 5490 1089 5543 διὰ
1121 5490 1215 5545 τοῦ
1247 5491 1633 5559 Βουκολέοντος
1664 5499 1721 5547 ἐν

117 5575 309 5645 πΜίῳ
342 5576 529 5646 μικρῷ
554 5576 743 5631 τοῦτον
774 5579 1178 5649 ἐμϐιϐάσαντες
1210 5582 1543 5655 διεπέρασαν
1570 5589 1629 5639 έν
1652 5588 1717 5657 τῇ

1834 4672 2057 4729 dixerit.
2109 4674 2457 4745 Quapropter
2489 4691 2518 4729 a
2548 4676 2738 4729 dextra
2769 4685 2923 4745 parte
2952 4676 3019 4729 ad
3065 4679 3416 4731 metatorium

1831 4777 2004 4831 usque
2038 4764 2323 4829 transibat,
2349 4764 2484 4818 nihil
2514 4780 2740 4835 prorsus
2762 4780 2869 4835 qua
2889 4767 3055 4821 moris
3075 4776 3195 4820 erat
3230 4776 3397 4822 trans.

1832 4854 1971 4908 iens.

1898 4947 1988 5001 55.
2024 4946 2320 5001 Provectus
2344 4963 2474 5002 ver-0
2499 4956 2585 5002 est
2618 4947 2889 5005 Samonas
2920 4950 3205 5004 accubitor
3231 4951 3250 5019 (
3275 4951 3413 5005 sacri

1826 5038 2065 5092 cubiculi
2096 5039 2422 5108 praepositus
2451 5040 2702 5110 intimus)
2748 5042 2957 5096 idcirco
2988 5043 3246 5095 nimirum
3267 5043 3411 5111 quod

1831 5129 2154 5197 imperatori
2199 5131 2265 5184 ad
2315 5147 2477 5186 omne
2517 5134 2697 5187 scelus
2743 5145 2799 5187 et
2842 5138 3166 5203 pravitatem
3199 5136 3417 5205 adjutor

1826 5230 1975 5275 esset
2014 5229 2070 5276 et
2120 5222 2323 5277 socius.
2343 5224 2754 5293 Coeperuntque
2803 5227 3072 5281 adversus
3112 5229 3414 5282 Ecclesiam

1827 5327 1972 5366 nova
2028 5314 2232 5367 moliri.
2280 5315 2559 5370 Advocato
2616 5317 2764 5371 enim
2820 5318 3046 5373 Nicolao
3100 5320 3413 5388 patriarcha

1828 5404 2086 5458 Kalendis
2120 5406 2424 5470 kebruarii,
2460 5411 2761 5480 multisque
2808 5420 3032 5481 agentes
3062 5412 3319 5481 precibus
3353 5421 3413 5466 ut

1828 5498 2132 5568 polygamia
2178 5501 2541 5571 reciperetur,
2576 5520 2703 5558 cum
2741 5505 2794 5558 in
2829 5507 3158 5559 sententiam
3190 5505 3411 5561 trahere

1830 5592 2229 5662 nequivissent,
2256 5610 2284 5648 a
2312 5594 2554 5653 Cletorio
2587 5598 2989 5671 (conviviorum
3020 5599 3280 5670 triclinio)
3314 5616 3411 5670 per

1421 5721 1655 5779 VARIAB
1697 5724 1986 5782 LECTION
1995 5729 2096 5784 ES.

184 5858 235 5892 "
269 5858 449 5913 ὅτανῖ
516 5859 555 5892 "
588 5862 653 5930 τῇ
682 5861 843 5931 γέννᾳ
874 5864 963 5918 τοῦ
1001 5866 1115 5919 υἱοῦ
1157 5866 1342 5922 τούτου
1381 5882 1566 5941 margo
1602 5871 1657 5926 l'.

1747 5875 1787 5907 ¹⁸
1814 5875 1893 5929 ὅτι
1927 5876 2149 5930 ἑὸαλλον
2170 5879 2216 5929 οἱ
2251 5878 2467 5933 παλαιοὶ
2511 5877 2734 5944 πολλοὺς
2762 5878 3055 5950 ἀναδόχους
3098 5896 3285 5951 margo
3324 5880 3385 5935 Γ.
