4158 6438
760 402 869 467 927

2022 408 2341 469 GEORGII
2382 409 2721 470 MONACII!

3915 422 4017 475 923

761 522 1123 577 Bucoleonem
1155 521 1207 573 in
1236 535 1461 587 parvum
1505 521 1724 575 lintrem
1766 523 2114 591 imponentes
2153 523 2336 577 Eriam

2457 522 2638 593 'Hpiq,
2686 523 2782 591 ἀφ’
2844 524 2883 553 ¹⁹
2926 520 2990 593 ἧς
3054 522 3390 601 πεζῇημέχρι
3452 523 3814 591 Γαλακρηνῶν
3868 525 4016 590 μόλις

759 615 1091 682 trajecerant
1126 629 1138 674 ;
1168 612 1311 667 unde
1334 629 1479 682 aegre
1510 613 1677 681 pedes
1707 613 1772 666 ad
1806 613 2134 668 Galacrenas
2168 629 2339 682 usque

758 706 928 757 multa
954 704 1079 756 nive
1104 703 1319 771 objecta
1347 704 1514 757 humo
1534 705 2046 760 evasit.0rdinatur
2074 721 2203 759 vero
2221 708 2342 773 ejus

756 795 877 849 loco
899 795 1219 865 Euthymius
1245 796 1520 865 syncellus
1543 796 1874 865 patriarcha,
1902 797 1984 850 vir
2010 796 2341 850 venerabilis

754 894 810 939 et
867 888 1159 939 continens
1204 902 1268 939 ac
1332 886 1492 940 valde
1551 888 1674 955 pius
1718 887 1884 957 866
1930 896 1983 941 ct
2029 888 2338 957 religiosus.

752 980 1032 1046 Aiuntque
1068 979 1253 1031 divina
1285 978 1640 1042 revelatione,
1672 980 1820 1047 quod
1854 980 1924 1032 ita
1955 989 2172 1049 gestum
2196 990 2337 1045 erat,

754 1071 1047 1136 recepisse,
1080 1070 1284 1139 quippe
1309 1086 1433 1123 cum
1468 1070 1766 1138 imperator
1796 1072 1956 1124 vellet
1986 1071 2237 1124 haeresim
2275 1087 2338 1126 ac

754 1161 925 1231 legem
954 1164 1302 1231 promulgare
1333 1203 1346 1225 ,
1381 1179 1488 1231 qua
1520 1163 1713 1217 liceret
1744 1163 1861 1216 viro
1904 1173 2015 1217 tres
2048 1172 2142 1216 aut
2171 1164 2337 1217 etiam

750 1264 990 1322 quatuor
1025 1270 1223 1309 uxores
1254 1256 1495 1321 habere;
1524 1272 1629 1326 qua
1661 1256 1714 1309 in
1752 1272 1810 1310 re
1836 1257 1989 1311 multi
2021 1256 2338 1311 eruditissi-

752 1345 824 1397 mi
854 1344 954 1397 viri
988 1346 1038 1399 ei
1070 1346 1523 1415 astipularentnr.

820 1437 911 1489 56.
952 1436 1135 1491 Mense
1172 1439 1335 1502 .lnnio
1381 1440 1643 1493 invitatus
1666 1449 1752 1495 est
1798 1440 1908 1495 Leo
1954 1440 2253 1510 imperator
2306 1456 2336 1493 α

748 1528 1111 1585 Constantino
1134 1530 1265 1585 Libe
1291 1531 1360 1585 ad
1386 1535 1803 1597 monasterium,
1824 1534 1969 1603 quod
1998 1546 2081 1589 est
2110 1534 2165 1587 in
2202 1534 2339 1587 Mar-

749 1619 1024 1689 dosagari,
1058 1631 1173 1674 tum
1220 1622 1288 1675 ad
1321 1624 1441 1693 ejus
1470 1624 1877 1679 dedicationem
1910 1636 2024 1678 tum
2062 1625 2126 1679 ad
2169 1640 2337 1692 pran-

748 1710 922 1765 dium.
974 1712 1282 1782 Factusque
1322 1726 1407 1768 est
1444 1726 1660 1780 ventus,
1698 1718 1786 1770 cui
1836 1717 1965 1786 Lips
2008 1732 2231 1779 nomen,
2278 1716 2332 1768 in

751 1804 968 1857 tertiam
1009 1821 1181 1873 usque
1215 1806 1387 1859 vicem
1421 1808 1600 1862 valide
1630 1810 1869 1878 spirans,
1901 1809 2333 1877 concutiensque

747 1910 813 1949 ac
848 1908 1107 1951 evertens
1139 1898 1333 1953 domos
1370 1915 1432 1954 ac
1478 1901 1765 1965 ecclesias,
1814 1902 1888 1955 ita
1937 1910 1995 1954 ut
2047 1917 2240 1955 omnes
2276 1900 2329 1954 in

746 1987 1055 2043 aubdivalia
1082 1990 1199 2043 loca
1225 1990 1477 2059 fugerent
1502 2008 1566 2047 ac
1582 1993 1770 2046 mundi
1800 1993 2330 2047 consummationem

744 2093 869 2133 esse
904 2079 1174 2153 dicerent,
1214 2084 1317 2136 nisi
1352 2083 1444 2137 Dei
1495 2085 1785 2139 clementia
1815 2084 2027 2139 obortis
2062 2085 2331 2139 imbribus

746 2171 935 2224 sedata
972 2183 1119 2227 esset
1147 2174 1457 2229 istiusmodi
1486 2176 1812 2231 confractio.

818 2263 906 2316 37.
951 2265 1278 2320 Praefcccrat
1314 2266 1611 2335 imperator
1652 2268 1956 2322 Himerimn
1992 2284 2187 2323 cursus
2229 2284 2330 2337 pu-

746 2354 877 2410 blici
925 2355 1262 2425 lngothetam
1312 2360 1523 2413 navalis
1557 2360 1741 2414 omnis
1769 2362 1846 2414 rei
1881 2371 2065 2429 caput,
2111 2377 2331 2431 egressa

744 2447 1122 2517 Agarenorum
1164 2450 1337 2504 classe
1376 2450 1644 2505 adversus
1693 2452 1990 2507 Romanos.
2033 2453 2332 2523 Acceperat

745 2554 879 2593 vero
924 2541 1277 2609 imperatoria
1318 2543 1565 2612 jussione
1609 2544 1957 2599 Andronicus
2018 2546 2132 2599 Dux
2170 2556 2228 2600 ut
2277 2555 2333 2599 et

746 2631 865 2701 ipse
897 2632 1142 2687 Himerio
1180 2634 1472 2703 logotheta:
1503 2635 1558 2689 in
1586 2636 1823 2689 navibus
1858 2652 1979 2691 sese
2010 2636 2333 2707 adjungeret

744 2729 801 2774 et
830 2720 1095 2776 adversus
1133 2724 1414 2793 Agarenos
1445 2726 1592 2779 serio
1632 2725 1994 2795 depugnaret.
2036 2727 2209 2783 Porro
2236 2727 2332 2781 Sa—

748 2828 937 2866 monas
960 2814 1436 2871 irreconciliabilis
1460 2817 1779 2872 Andronico
1815 2821 1987 2875 hostis
2015 2830 2153 2882 erat,
2189 2823 2330 2876 mul-

746 2911 910 2972 taque
936 2903 991 2957 in
1010 2920 1136 2957 eum
1163 2907 1430 2961 continuo
1448 2908 1718 2972 struebat,
1739 2920 1796 2964 et
1817 2911 2234 2967 machinabatur
2252 2913 2331 2968 illi

745 3010 941 3049 noxam
968 2996 1193 3060 inferre,
1226 3000 1376 3053 nullo
1410 3016 1517 3053 non
1548 3002 1731 3065 modo,
1769 3003 1914 3057 nulla
1942 3021 2048 3058 non
2072 3021 2239 3075 opera
2270 3022 2334 3061 ac

746 3083 938 3140 fraude
974 3103 1174 3143 nocere
1204 3090 1453 3155 studens,
1488 3108 1599 3162 quo
1626 3110 1692 3147 ex
1735 3102 1982 3163 tempore
2015 3110 2043 3149 a
2078 3095 2203 3166 fuga
2242 3112 2331 3151 re-

2440 614 2627 683 ἀπῄει,
2656 616 2831 684 χιόνος
2860 615 3215 683 ἐπικειμένης
3272 615 3486 683 πολλῆς.
3535 616 4017 684 Χειροτονείταιιδε

2441 705 2555 756 ἀντ’
2606 704 2773 757 αὑτοῦ
2832 706 3104 773 Εὐθύμιος
3166 705 3458 773 σύγκελλος
3514 708 3593 767 είς
3650 707 4015 775 πατριάρχην,

2439 796 2575 867 ἀνὴρ
2613 798 2967 868 ἱεροπρεπὴς,
3015 800 3291 868 ἐγκρατής
3320 816 3377 851 τε
3417 799 3509 851 καὶ
3556 799 3792 868 εὐλαϐὴς
3834 802 3972 850 πάνυ
4002 816 4013 827 ·

2439 892 2497 942 ὃν
2532 908 2693 958 φασιν
2722 890 3125 956 καταδέξασθαι
3149 892 3307 943 τοῦτο
3333 892 3391 957 ἐξ
3418 891 3822 960 ἀποκαλύψεως
3848 891 4015 953 θείας.

2437 982 2513 1044 ὡς
2544 984 2636 1036 τοῦ
2704 984 2966 1051 βασιλέως
3014 984 3407 1053 βουλευομένου
3458 984 3674 1051 αἵρεσιν
3731 987 3826 1035 καὶ
3857 984 4015 1050 νόμον

2438 1075 2676 1128 ἐκθεῖναι
2704 1075 2800 1127 τοῦ
2830 1075 2972 1145 ἔχειν
3007 1075 3175 1144 ἄνδρα
3226 1078 3492 1151 γυναῖκας
3525 1078 3672 1145 τρεῖς
3702 1076 3734 1143 ἦ
3774 1076 3866 1127 καὶ
3897 1076 4017 1126 15':-

2441 1184 2632 1237 σαρας,
2669 1168 2879 1220 πολλῶν
2907 1170 2986 1231 είς
3024 1168 3181 1221 τοῦτο
3214 1168 3557 1235 λογιωτάτων
3594 1166 3804 1235 ἀνδρῶν
3830 1182 4016 1233 συνερ-

2438 1260 2681 1328 γούντων
2708 1261 2880 1331 αὐτῷ.

2507 1435 2617 1499 λς’.
2660 1435 2866 1505 Ἰουνίῳ
2896 1435 2951 1487 δὲ
2982 1435 3110 1505 μηνὶ
3140 1434 3493 1506 προσεκλήθη
3522 1435 3673 1488 Λέων
3714 1436 3743 1487 6
3768 1434 4015 1503 βασιλεὺς

2440 1527 2589 1595 παρὰ
2622 1526 3040 1579 Κωνσταντίνου
3096 1526 3187 1579 τοῦ
3225 1526 3387 1588 Λιδὸς
3429 1527 3488 1577 ὲν
3516 1528 3581 1596 τῇ
3610 1530 3745 1596 μονῇ
3784 1530 3851 1595 τῇ
3888 1526 4017 1595 οὔσῃ

2438 1617 2494 1667 ἐν
2528 1615 2605 1684 τῷ
2626 1615 3074 1685 Μαρδοσαγγάρη
3095 1614 3187 1667 τοῦ
3219 1617 3264 1645 '°
3295 1618 3518 1683 ποιῆσαι
3547 1615 3613 1667 τι
3644 1616 3903 1682 ἒγκαίνια
3923 1618 4015 1667 καὶ

2398 1754 2403 1757 .
2437 1707 2753 1776 ἀριστῆσαι.
2780 1708 2887 1758 Καὶ
2917 1707 3139 1774 γέγονεν
3168 1706 3370 1775 ἄνεμος
3409 1710 3437 1759 6
3475 1707 3767 1776 λεγόμενος
3800 1708 3895 1773 “Ai”,
3916 1707 4018 1771 ἕως

2435 1799 2618 1868 τρίτου
2645 1797 2889 1866 σφοδρῶς
2930 1798 3177 1867 φυσήσας
3198 1838 3212 1861 ,
3250 1798 3540 1861 συσσείσας
3569 1816 3627 1852 τε
3652 1801 3754 1852 καὶ
3787 1800 4017 1868 δονήσας

2438 1893 2714 1961 οἰκήματα
2751 1892 2845 1944 καὶ
2889 1892 3208 1960 ἐκκλησίας,
3251 1891 3392 1943 ὥστε
3432 1890 3640 1953 πάντας
3702 1890 3928 1959 φεύγειν
3964 1895 4018 1944 ἐν

2442 1984 2728 2052 ὑπαίθροις
2781 1983 2989 2045 τόποις,
3044 1983 3304 2049 λέγοντας
3383 1984 3692 2037 συντέλειαν
3750 1986 4019 2055 κοσμικὴν

2438 2068 2599 2138 εἶναι,
2632 2075 2680 2125 εἰ
2707 2074 2836 2144 μιὴή
2860 2073 2997 2127 θεοῦ
3029 2074 3408 2144 φιλανθρωπία
3464 2076 3530 2129 δι’
3562 2076 3783 2146 ὄμϐρων
3817 2077 4021 2127 ἔπαυσα

2437 2166 2535 2236 τὴν
2561 2166 2813 2235 τοιαύτην
2842 2164 3092 2235 θραῦσιν.

2510 2258 2594 2330 [Ρ.
2631 2258 2757 2330 560]
2794 2258 2892 2322 λζ’.
2916 2258 3257 2327 Προεόάλετο
3286 2258 3342 2311 δὲ
3364 2260 3391 2311 6
3425 2257 3675 2321 βασιλεὺς
3718 2259 3957 2330 ἰμὲριον
3978 2262 4015 2292 ⁸·

2439 2350 2729 2419 λογοθέτην
2761 2349 2853 2403 τοῦ
2896 2349 3100 2420 δρόμου
3133 2350 3376 2418 κεφαλὴν
3436 2352 3655 2403 πάντων
3686 2352 3797 2403 τῶν
3854 2354 4020 2404 πλωΐ-

2441 2460 2580 2512 μων,
2647 2442 2955 2506 ἐξελθόντος
2998 2442 3090 2495 τοῦ
3143 2441 3338 2495 στόλου
3366 2441 3475 2494 τῶν
3524 2443 3851 2511 Ἀγαρηνῶν
3883 2446 4024 2496 κατα

2451 2534 2760 2604 Ῥωμαίων.
2806 2532 3054 2598 Ἐδέξατο
3098 2536 3155 2587 δὲ
3205 2536 3296 2587 καὶ
3344 2535 3682 2604 Ἀνδρόνικος
3710 2538 3738 2587 ὁ
3769 2537 3909 2600 Δουξ
3937 2536 4025 2587 διὰ

2440 2625 2743 2690 κελεύσεως
2762 2627 3037 2680 συνελθεῖν
3074 2627 3109 2680 Ἰ
3120 2645 3183 2697 με
3191 2628 3295 2697 ρίῳ
3311 2628 3572 2699 λογοθέτῃ
3592 2630 3647 2679 ὲν
3676 2632 3788 2690 τοῖς
3819 2629 4025 2689 πλοίοις

2440 2720 2534 2770 καὶ
2563 2719 3018 2788 καταπολεμῆσαι
3040 2720 3165 2783 τοὺς
3206 2720 3564 2789 ’Λγαρηνούς.
3594 2720 3651 2773 Ὀ
3678 2721 3733 2773 δὲ
3756 2721 4023 2788 Sanus-.31;

2440 2805 2507 2879 ἦν
2537 2810 2890 2873 ἀδιάλλακτος
2928 2811 3121 2879 ἐχθρὸς
3176 2811 3531 2881 ’Δυδρονίκῳ,
3573 2815 3665 2865 καὶ
3697 2813 3872 2864 πολλα
3906 2814 4025 2864 κατ’

2440 2903 2607 2955 αὑτοῦ
2636 2904 2902 2974 διηνεκῶς
2936 2904 3304 2956 συνεσκεύασε
3342 2905 3437 2957 καὶ
3463 2907 3798 2974 ἐμηχανᾶτο,
3841 2907 4027 2958 κακὼ-

2443 3010 2530 3046 σαι
2562 2995 2651 3045 τὸν
2696 2994 3032 3062 Ἀνδρόνικον
3090 2995 3257 3049 παντὶ
3292 2996 3478 3064 τρόπῳ
3519 2997 3610 3048 καὶ
3638 2998 3787 3069 πασῃ
3819 2997 4024 3065 σπουδῇ

2438 3087 2929 3158 διαμηχανώμενος
2962 3088 3072 3142 ἀπὸ
3096 3093 3194 3161 τῆς
3234 3090 3405 3142 αὑτοῦ
3433 3093 3632 3160 φυγῆς.
3670 3091 3944 3143 ’Υπέὸαλε
3974 3092 4030 3143 ει

746 3184 954 3231 tractus
978 3178 1173 3259 fuerat.
1211 3181 1457 3251 Subjecit
1484 3200 1617 3239 vero
1644 3186 1859 3240 cuidam
1888 3196 1947 3241 ut
1976 3190 2190 3243 occulte
2216 3191 2331 3244 An-

2440 3193 2546 3230 τινι
2573 3178 2783 3248 γράψαι
2806 3178 2884 3248 τῷ
2926 3180 3253 3251 Ἀνδρονίκῳ
3279 3182 3463 3251 κρύφα
3485 3198 3498 3212 ο
3530 3185 3624 3248 Μὴ
3647 3183 3915 3238 είσένωοι
3942 3188 4029 3249 εἰς

746 3269 976 3324 dronico
1023 3272 1295 3327 scriberet
1334 3292 1345 3327 :
1400 3275 1539 3329 Cave
1592 3279 1681 3331 sis,
1720 3295 1877 3332 naves
1922 3281 2240 3349 ingrediaris
2285 3292 2335 3334 et

745 3362 979 3431 capiaris
1013 3364 1076 3416 ab
1124 3364 1359 3419 Himerio
1391 3383 1410 3420 :
1462 3365 1725 3423 Samonas
1758 3388 1986 3440 namque
2024 3380 2209 3425 auctor
2238 3371 2335 3441 fuit

745 3452 1056 3523 imperatori
1083 3464 1136 3507 ut
1156 3457 1217 3509 ab
1248 3474 1307 3510 eo
1335 3467 1384 3511 te
1407 3462 1573 3513 teneri
1595 3479 1656 3513 ac
1684 3459 1966 3515 luminibus
1992 3463 2171 3517 orbari
2202 3481 2338 3535 pra:-

745 3548 959 3608 ciperet.
983 3548 1146 3618 867
1178 3549 1362 3605 Multis
1394 3551 1578 3623 itaque
1613 3553 1975 3610 hortamentis
2000 3565 2166 3626 atque
2211 3573 2339 3625 pre-

746 3638 905 3693 cibus
934 3649 1126 3709 agentc
1177 3640 1421 3695 Himerio
1451 3653 1511 3697 ut
1540 3644 1810 3701 adversus
1859 3648 2140 3717 Agareuos
2170 3665 2336 3703 naves

747 3725 1151 3797 ingrederetur.
1190 3731 1407 3787 resiliit.
1422 3734 1685 3805 Agarenis
1701 3752 1835 3791 vero
1862 3736 2333 3805 incumbentibus,

748 3818 1028 3876 Himerius
1059 3822 1208 3877 solus
1237 3824 1289 3877 in
1337 3825 1426 3879 die
1461 3825 1518 3880 S.
1555 3828 1780 3882 Thema:
1814 3840 2067 3884 conserta
2096 3846 2220 3885 cum
2256 3832 2337 3886 eis

748 3928 927 3981 pugna
978 3929 1167 3983 magna
1225 3917 1433 3985 potitus
1486 3918 1716 3973 victoria
1749 3930 1850 3975 est.
1902 3922 2250 3977 Andronicus
2280 3933 2338 3979 ut

746 4007 1029 4074 cognovit,
1060 4006 1112 4060 in
1130 4007 1574 4077 desperationem
1607 4021 1784 4075 actus,
1820 4030 1923 4067 una
1957 4030 2080 4069 cum
2107 4016 2333 4084 propin-

746 4096 873 4163 quis
900 4111 960 4150 ac
992 4096 1180 4151 liberis
1205 4098 1320 4153 suis
1354 4107 1576 4169 totaque
1609 4101 1813 4155 familia
1848 4103 2139 4159 discedens
2159 4104 2336 4159 Caba-

748 4186 854 4239 lam
892 4186 1083 4241 urbem
1119 4190 1388 4243 munitam
1423 4191 1591 4260 cepit,
1625 4192 1679 4245 in
1726 4194 2029 4261 perfectam
2069 4196 2336 4250 defectio-

746 4292 873 4331 nem
915 4294 1301 4349 prorumpens,
1337 4283 1410 4337 ita
1443 4292 1502 4338 ut
1536 4284 1801 4340 Samonas
1844 4287 2160 4356 imperatori
2192 4290 2339 4343 dice-

748 4380 830 4423 ret
858 4387 871 4422 :
910 4368 1095 4424 Nonne
1124 4373 1357 4427 dicebam
1392 4376 1501 4438 tibi,
1528 4377 1755 4442 domine,
1782 4377 1977 4433 Ducem
2001 4383 2338 4451 tyrannidem

747 4461 926 4515 moliri
959 4480 1022 4516 ac
1055 4464 1298 4519 rebellem
1337 4483 1447 4520 esse
1475 4468 1496 4520 ’ἓ

818 4553 909 4609 38.
939 4553 1241 4611 Confestim
1280 4558 1465 4628 itaque
1504 4561 1672 4616 mittit
1706 4563 2009 4627 imperator
2039 4564 2335 4636 Gregnram
2367 4565 2413 4620 ι)

749 4646 1027 4718 legionum
1059 4650 1428 4733 domesticum
1462 4652 1764 4714 lbiritzem.
1804 4657 2096 4713 Andronici
2135 4674 2336 4713 conso-

748 4752 959 4804 cerum,
990 4738 1059 4793 ad
1098 4755 1225 4795 eum
1254 4744 1703 4814 expugnandum.
1740 4744 1974 4816 Cognito
2005 4763 2137 4801 vero
2170 4748 2335 4803 Nico-

749 4828 897 4884 laum
977 4832 1344 4901 patriarcbam
1408 4836 1647 4906 ejectum
1709 4852 1871 4900 esse,
1934 4837 1999 4892 ad
2061 4839 2339 4909 Agarenos

747 4922 989 4994 profugit
1028 4940 1155 4979 cum
1197 4926 1526 4997 propinquis
1554 4939 1610 4982 et
1638 4929 1833 4983 amicis
1866 4930 1984 4984 suis
2029 4946 2093 4984 ac
2123 4932 2337 4995 liberis,

747 5016 843 5085 qui
875 5016 1175 5071 Romanam
1207 5027 1338 5073 tunc
1368 5018 1635 5075 ditionem
1667 5021 2042 5085 incursabant,
2083 5024 2333 5093 magnifi—

745 5121 921 5177 ccque
949 5121 1014 5161 ac
1040 5107 1221 5178 gaudii
1256 5109 1657 5181 signiﬁcatione
1690 5123 1943 5181 receptus
1982 5122 2063 5167 est
2090 5113 2159 5167 ab
2186 5129 2335 5168 ame-

750 5214 965 5254 rumne.

818 5290 910 5344 59.
943 5290 1173 5347 Dolehat
1212 5293 1511 5362 plurimum
1550 5293 1721 5349 Leoni
1756 5296 2072 5365 imperatori
2107 5308 2332 5367 propter

747 5382 1125 5438 Andronicum
1170 5400 1185 5451 ;
1240 5385 1554 5456 smpiusque
1605 5388 1792 5441 animo
1854 5388 2225 5443 destinaverat
2274 5400 2335 5443 ut

749 5474 1115 5544 subscriptam
1141 5477 1458 5533 securitatis
1481 5477 1641 5534 fidem
1665 5478 1733 5533 ad
1754 5476 2166 5543 eumimitteret,
2189 5481 2334 5549 quod

748 5578 806 5621 et
820 5568 1162 5639 TheOphilus
1179 5571 1384 5626 fecerat
1403 5582 1626 5642 propter
1645 5573 1970 5627 Manuelem.
1994 5572 2337 5628 Consuluere

750 5676 883 5715 vero
929 5662 1149 5730 quidam
1194 5662 1508 5731 imperatori
1560 5671 1614 5715 ut
1669 5662 1961 5732 quemdam
2005 5678 2034 5715 e
2076 5661 2337 5731 pratorio

2438 3268 2508 3322 τὰ
2543 3270 2797 3337 καράϐια
2850 3272 2949 3323 καὶ
2986 3272 3254 3339 κρατηθῇ
3284 3273 3445 3340 παρὰ
3496 3274 3782 3341 ’θηρίου-
3832 3278 3867 3329 ό
3915 3277 4027 3343 τὰρ

2438 3359 2726 3428 Σαμωνᾶς
2776 3362 3043 3429 ὑπέθηκε
3099 3362 3180 3427 τῷ
3212 3364 3468 3427 ,βασιλεῖ
3506 3366 3611 3419 τοῦ
3655 3364 4027 3434 κρατηθῆναί

2436 3466 2511 3505 σε
2549 3452 2650 3505 καὶ
2675 3454 3059 3523 τυφλωθῆναι
3092 3456 3230 3523 παρ’
3260 3457 3468 3510 αὐτοῦ.
3504 3457 3682 3509 Πολλὰ
3706 3458 3764 3509 δὲ
3794 3476 4029 3528 προτρε-

2437 3547 2674 3615 πὸμενου
2747 3547 2982 3617 Ἱμερίου
3051 3548 3389 3618 Ἀνδρόνικον
3460 3550 3725 3602 εἰσελθεῖν
3776 3552 3839 3602 ἐν
3911 3554 4027 3613 τοῖς

2438 3637 2645 3701 πλοίοις
2698 3638 2843 3691 κατὰ
2894 3638 3004 3692 τῶν
3051 3640 3371 3711 Ἀγαρηνῶν
3441 3641 3842 3714 ἀπεσκίρτησε.
3908 3642 4027 3695 Τῶν

2451 3728 2770 3797 Ἀγαρηνῶν
2793 3730 2849 3782 δὲ
2874 3730 3241 3798 ἐπικειμένων
3286 3731 3517 3799 Ἱμέριος
3568 3732 3728 3800 μόνος
3756 3735 3816 3784 ἑν
3849 3736 4029 3803 ἡμέρα

2376 3826 2385 3835 ’
2437 3816 2532 3869 τοῦ
2568 3819 2722 3884 ἁγίου
2754 3819 2926 3889 Θωμᾶ
2952 3819 3245 3890 συμϐαλὼν
3276 3821 3508 3892 πόλεμον
3534 3822 3671 3890 μετᾶ
3705 3823 3817 3875 τῶν
3866 3825 4027 3890 Ἀγα-

2443 3908 2623 3976 pr.va
2657 3908 2901 3979 μεγάλην
2928 3910 3083 3981 νίκην
3110 3912 3423 3981 εἰργάσατο.
3460 3912 3631 3965 Τοῦτο
3669 3914 3866 3982 μαθὼν
3910 3918 4026 3967 Ἀν-

2438 4000 2703 4069 δρὸνικος,
2735 4005 3031 4071 ἀπογνοὺς,
3071 4006 3184 4074 αμα
3243 4008 3560 4074 συγγενέσιν
3599 4008 3768 4061 αὐτοῦ
3800 4010 3901 4061 καὶ
3943 4013 4028 4059 τέ-

2442 4111 2587 4157 κνοις
2615 4096 2779 4148 αὑτοῦ
2816 4097 2910 4149 καὶ
2938 4096 3247 4168 ἀνθρώποις
3271 4099 3437 4152 αὐτοῦ
3467 4100 3720 4152 ἀπελθὼν
3750 4103 4025 4169 ἐκράτησε

2441 4186 2678 4257 κὰστρον
2704 4187 2802 4256 τὴν
2827 4188 3108 4253 Καὸἁλαν,
3132 4192 3211 4252 εἰς
3228 4191 3442 4242 τελείαν
3465 4192 3805 4243 ἀποστασίαν
3833 4193 4023 4251 ἐλθὼν,

2439 4276 2513 4339 ὡς
2549 4280 2724 4330 εἰπεῖν
2756 4280 2849 4331 καί
2875 4280 3143 4349 Σαμωνᾶν
3169 4280 3304 4351 πρὸς
3331 4282 3421 4334 τὸν
3453 4282 3703 4351 βασιλέα·
3746 4284 3875 4335 Οὐκ
3896 4285 4027 4337 ἔλε-

2442 4369 2551 4437 γόν
2590 4384 2712 4434 σοι,
2746 4363 2794 4422 ὦ
2821 4369 3111 4435 δέσποτα,
3134 4372 3439 4441 ἀντάρτην
3472 4375 3623 4427 εἶναι
3655 4375 3764 4428 τὸν
3795 4376 4028 4442 Δοῦκιη

2514 4549 2615 4619 ιη’.
2648 4551 2902 4622 Παρευθὺ
2935 4552 2992 4605 δὲ
3020 4553 3340 4607 ἀποστέλλει
3370 4556 3399 4607 6
3433 4555 3684 4623 βασιλεὺς
3736 4558 4031 4628 Γρηγορὶν

2439 4640 2758 4709 δομέστικον
2784 4643 2890 4694 τῶν
2924 4644 3135 4714 σχολῶν
3158 4645 3249 4697 τὸν
3282 4646 3617 4715 Ἰϐηρίτξην,
3644 4650 4030 4717 συμπένθερον

2438 4732 2570 4786 ὅντα
2604 4734 2694 4785 τοῦ
2729 4734 3094 4805 Ἀνδρονίκου,
3127 4738 3580 4808 καταπολεμῆσαι
3601 4739 3788 4791 αὐτόν.
3824 4742 4031 4793 Μαθὼν

2439 4824 2496 4876 δὲ
2518 4826 2675 4877 τοῦτο
2716 4826 3076 4897 Ἀνδρόνικος,
3110 4830 3204 4881 καὶ
3227 4829 3300 4891 ὡς
3329 4831 3357 4881 ὁ
3382 4834 3724 4901 πατριάρχης
3756 4832 4032 4894 Νικόλαος

2441 4914 2708 4986 ἐξεώσθη,
2744 4919 3059 4987 προσέφυγε
3094 4922 3206 4982 τοῖς
3246 4923 3567 4990 Ἀγαρηνοίς
3606 4923 3723 4990 ἄμα
3749 4928 3867 4987 τοῖς
3900 4942 4029 4990 cr;-

2442 5007 2627 5075 γενέσι
2676 5010 2773 5062 καὶ
2808 5010 2985 5077 φίλοις
3041 5011 3208 5063 αὑτοῦ
3248 5014 3345 5064 καὶ
3388 5015 3617 5075 τέκνοις,
3675 5014 4032 5082 ἐξεληλυθότι

2440 5102 2561 5156 τότε
2602 5105 2742 5157 κατὰ
2786 5105 3096 5174 Ῥωμαίων,
3154 5105 3249 5157 καὶ
3279 5104 3549 5175 ἀπεδέχθη
3595 5106 3746 5176 παρὰ
3779 5107 3865 5175 τῷ
3894 5112 4031 5175 ἀμε-

2445 5194 2654 5267 ρουμνῆ
2696 5195 2968 5264 μεγάλως.

2511 5291 2610 5344 λθ’.
2653 5290 2934 5343 Ἐλυπεῖτο
2962 5290 3019 5343 δὲ
3040 5290 3193 5344 Λέων
3223 5292 3250 5342 ὁ
3285 5290 3536 5359 βασιλεὺς
3556 5289 3643 5341 δια
3672 5290 3765 5341 τὸν
3810 5291 4033 5360 Ἄνδρου

2440 5400 2612 5445 νικον,
2646 5385 2741 5437 καὶ
2766 5385 3027 5448 πολλάκις
3056 5384 3308 5437 ἐϐούλετο
3334 5383 3653 5437 ἀποστεῖλαι
3674 5382 3834 5451 αὑτῷ
3875 5384 4035 5448 λόγον

2442 5478 2846 5547 ὲνυπὸγραφον,
2901 5476 2929 5529 ὃ
2993 5476 3090 5529 καὶ
3146 5475 3408 5543 Θεόφιλος
3471 5474 3558 5526 διὰ
3618 5474 3711 5525 τὸν
3764 5475 4026 5541 Μανουῂ)

2444 5568 2690 5639 ἐποίησε.
2733 5569 3229 5623 Συνιὸουλεύσαντο
3256 5570 3314 5623 δέ
3341 5586 3485 5631 τινες
3526 5568 3601 5637 τῷ
3638 5566 3861 5635 βασιλεῖ
3890 5568 4030 5637 φιλο-

2446 5658 2783 5729 φρονηθῆναὶ
2810 5676 2933 5713 τινα
2957 5660 3065 5715 τῶν
3090 5660 3185 5714 τοῦ
3210 5661 3546 5731 πραιτωρίον
3574 5660 3916 5727 impuri».
3946 5661 4027 5710 au"

2043 5752 2281 5808 VAHUE
2357 5749 2754 5809 LECTIONES.

849 5852 883 5877 τι
910 5851 993 5915 ἐξ
1022 5848 1077 5903 [δ’
1162 5850 1205 5882 ιο
1242 5848 1361 5916 “.31
1388 5848 1538 5902 ηδτ.)
1569 5849 1626 5903 ιν¹
1720 5850 1758 5880 II
1808 5848 2062 5917 Ἠγέριον
2108 5865 2159 5915 p.
2191 5848 2314 5899 $29.
