4158 6438
760 399 865 465 931

2025 401 2067 457 Cl
2082 398 2345 458 EORGH
2390 397 2729 457 MUNACIII

3913 393 4015 454 932

750 527 816 568 ac
855 513 1055 567 librum
1088 519 1451 578 componento
1492 509 1730 573 Rhodio,
1769 510 1861 578 qui
1894 512 2145 564 StttItOllaB
2178 521 2336 565 nota-

2454 508 2597 569 5ντος
2624 508 2717 559 τοῦ
2742 507 2997 575 Σαμωνᾶ.
3042 505 3241 557 Ἐλθὼν
3272 505 3327 558 δέ
3374 507 3401 558 6
3439 504 3691 574 βασιλεὺς
3724 506 3781 556 ὲν
3828 509 3887 575 τῇ
3914 506 4019 559 Hs-

753 608 868 658 rius
920 613 1056 657 erat.
1122 601 1356 656 Veniens
1405 612 1587 656 autem
1630 604 1928 671 imperator
1980 603 2033 656 in
2087 603 2334 673 Magnam

760 694 1050 748 ecclesiam
1073 692 1316 745 libellum
1342 692 1573 746 oll'endit
1593 708 1701 761 quo
1721 693 1843 746 loco
1867 693 1931 746 ad
1954 694 2123 747 Deum
2145 708 2336 762 preces

750 782 1041 845 fundebat,
1076 783 1129 834 in
1162 782 1473 845 metatorio,
1498 797 1734 850 eumque
1770 782 1892 835 tulit
1927 800 1939 834 :
1971 797 2080 851 quo
2102 782 2245 835 lecto
2280 782 2335 835 in

752 890 943 944 magna
971 874 1136 927 animi
1174 874 1447 927 anxietate
1484 885 1649 942 atque
1688 874 1877 928 dolore
1911 884 2051 936 erat,
2082 889 2337 942 quaerens

748 968 872 1037 quis
897 977 1089 1020 auctor
1110 968 1276 1020 libelli
1296 965 1737 1021 esset.Fuitvero
1758 977 1813 1022 et
1840 968 1983 1021 lunae
2009 966 2334 1035 deliquium.

750 1059 1125 1127 Prmcepitqne
1168 1059 1464 1126 imperator
1500 1068 1559 1113 ut
1604 1059 1697 1128 qui
1736 1069 1866 1112 tunc
1910 1058 2212 1112 astronomi
2243 1074 2337 1111 es-

748 1161 892 1215 sent,
936 1154 1076 1221 signi
1132 1153 1295 1221 hujus
1329 1153 1588 1208 eﬂ‘ectum
1622 1154 1925 1208 edicerent.
1953 1153 2203 1221 Ingresso
2232 1154 2336 1207 ita-

750 1257 858 1310 que
897 1242 964 1293 ad
1014 1241 1401 1308 imperatorem
1455 1243 1786 1296 Pantaleone
1818 1243 2188 1311 metropolita,
2242 1243 2335 1311 qui

751 1334 1002 1385 Samunze
1028 1331 1193 1400 870
1222 1333 1433 1385 amicus
1459 1340 1598 1396 erat,
1638 1336 1845 1403 rogavit
1877 1351 2003 1388 eum
2048 1335 2333 1399 Samonas,

748 1422 836 1476 cui
870 1420 1015 1474 istud
1044 1424 1245 1474 malum
1268 1423 1622 1489 portenderet
1644 1425 1667 1476 ?
1687 1424 1991 1493 Respondit
2021 1426 2340 1493 metropoli-

748 1519 803 1565 ta
835 1529 846 1564 :
887 1512 999 1564 Tibi
1035 1527 1048 1573 ;
1106 1529 1166 1562 ac
1197 1513 1240 1562 si
1267 1510 1416 1563 Junii
1454 1518 1642 1566 mensis
1684 1516 1898 1567 tertium
1927 1516 2182 1568 decimum
2201 1516 2340 1567 diem

750 1601 1050 1659 transieris,
1078 1599 1140 1651 ab
1176 1602 1317 1651 omni
1344 1601 1583 1671 deinceps
1621 1619 1758 1656 noxa
1798 1606 2047 1657 immunis
2085 1607 2207 1657 eris.
2236 1606 2341 1658 lm-

752 1692 991 1759 peratnri
1039 1703 1220 1744 autem
1259 1693 1397 1744 dixit
1429 1694 1495 1745 ad
1537 1709 1663 1746 eum
1693 1702 1942 1762 spectare
1988 1696 2133 1750 lunae
2162 1697 2335 1751 male-

757 1786 965 1845 licium,
992 1784 1149 1852 cujus
1193 1784 1245 1835 in
1278 1800 1335 1835 re
1367 1785 1584 1851 publica
1619 1796 1806 1840 essent
1842 1797 2025 1856 partes
2060 1789 2334 1843 secundm.

2440 598 2583 667 γάλῃ
2644 597 2911 667 ἐκκλησίᾳ
2986 590 3144 666 εὗρεν
3197 596 3357 649 αὐτὸν
3409 598 3467 649 ἐν
3508 588 3553 663 ᾧ
3611 596 3809 666 ηὖχετο
3878 598 4019 664 τόπῳ

2440 691 2521 751 εἰς
2551 688 2612 741 τὸ
2645 687 2996 758 μιτατώριον,
3036 690 3129 740 καὶ
3158 684 3293 758 ἦρεν
3327 689 3513 750 αὑτὸν,
3549 689 3641 740 καὶ
3675 688 3941 754 ἀναγνοὺς
3966 691 4017 738 ἰν

2441 783 2653 852 μεγάλῃ
2688 782 2863 852 θλίψει
2894 777 2983 851 ἦν,
3020 780 3202 851 ζητῶν
3245 781 3337 834 τὸν
3383 780 3542 833 τοῦτο
3572 783 3899 850 ποιήσαντα.
3927 781 4019 831 Γε-

2437 891 2561 943 γονε
2586 874 2759 927 δὲκαὶ
2794 872 3038 942 ἔκλειψις
3068 873 3318 942 σελήνης,
3354 874 3448 925 καὶ
3494 873 3787 943 διωρίσατο
3819 876 3846 924 ὁ
3876 872 4022 942 pm-

2440 964 2565 1026 λεὺς
2587 965 2699 1025 τοῖς
2751 963 2871 1015 οὖσι
2914 963 3035 1015 τότε
3065 963 3427 1031 ἁστρονόμοις
3461 964 3638 1015 εἰπεῖν
3675 964 3734 1015 το
3764 963 4021 1015 ἀποτέλε-

2442 1074 2578 1126 σμα.
2613 1055 3013 1124 Εἱσερχομένου
3038 1055 3095 1107 δέ
3116 1054 3254 1123 πρὸς
3274 1055 3365 1106 τὸν
3389 1054 3613 1120 βασιλέα
3633 1054 4022 1115 Πανταλέοντος

2442 1147 2867 1219 μητροπολίτου,
2930 1146 3085 1213 φίλου
3142 1146 3296 1207 ὖντος
3329 1145 3408 1215 τῷ
3457 1146 4023 1214 Σαμωνᾷ,ὴρώτησεν

2437 1242 2599 1294 αὑτὸν
2627 1244 2655 1294 6
2680 1242 2947 1309 Σαμωνᾶς
2964 1242 3099 1305 Ἐἰς
3135 1240 3268 1291 τίνα
3289 1238 3459 1290 ἐστὶν
3483 1239 3521 1305 ἡ
3549 1238 3851 1303 κάκωσις;
3881 1239 4024 1305 Ἕςεη

2437 1332 2586 1401 αὐτῷ
2603 1335 2631 1386 6
2652 1332 3074 1403 μητροπολίτηςο
3099 1334 3203 1397 Εἰς
3232 1330 3307 1385 σέ
3331 1331 3458 1386 ’καὶ
3481 1332 3587 1384 ἐὰν
3612 1331 3857 1399 διέλθῃς
3878 1332 4023 1384 Ἰου-

2438 1426 2572 1479 νίου
2603 1426 2710 1489 τὰς
2761 1422 2853 1493 ιγ’,
2899 1424 3110 1478 ἔκτοτε
3166 1423 3351 1477 οὐδέν
3378 1425 3566 1491 πείσῃ
3591 1425 3802 1477 κακόν.
3852 1425 3954 1474 Τὸν
3976 1423 4027 1473 δὲ

2444 1518 2673 1588 βασιλέα
2700 1513 2854 1570 εἶπεν
2891 1519 2974 1581 εἰς
3009 1519 3102 1571 τὸν
3164 1518 3419 1589 δεύτερον
3448 1518 3594 1586 ἔχειν
3640 1517 3889 1570 κάκωσιν
3933 1516 4027 1585 τὴν

2442 1611 2677 1679 σελήνην
2698 1626 2713 1642 ·
2747 1614 2776 1663 6
2798 1611 2853 1662 δὲ
2876 1610 3129 1679 βασιλεὺς
3178 1609 3422 1663 ὑπέλαϐε
3453 1609 3611 1661 τοῦτο
3640 1610 3717 1671 εἰς
3768 1607 4027 1671 Ἀλέξαν-

2461 1702 2587 1771 δρον
2620 1702 2709 1753 τὸν
2732 1700 2959 1769 ἀδελφὸν
2990 1701 3177 1755 αὑτοῦ.
3204 1702 3359 1755 Μετὰ
3388 1700 3547 1753 τοῦτο
3568 1700 3712 1761 ἰδίως
3748 1699 4029 1768 Τζηρίθων

2439 1794 2517 1863 τῷ
2544 1793 2756 1863 βασιλεῖ
2784 1794 3019 1859 ἐξεῖπεν,
3046 1813 3063 1847 ι
3092 1794 3150 1845 '0
3176 1795 3443 1863 Σαμωνᾶς
3468 1793 3527 1846 τὸ
3550 1793 3832 1845 πιττάκιον
3850 1792 4027 1858 ἐποιη-

753 1876 1209 1944 Existimavitque
1240 1876 1539 1945 imperator
1564 1878 1934 1932 Alexandrum
1967 1880 2189 1934 fratrem
2212 1880 2336 1946 hnc,

2454 1904 2565 1940 τε.»
2626 1887 2737 1940 Καὶ
2790 1887 3035 1958 παρευθὺ
3092 1887 3457 1951 καταϐιϐάζει
3500 1887 3769 1955 ΣαμωνΞν
3816 1887 3898 1947 εἰς
3945 1887 4031 1934 τὸν

753 1968 900 2034 quod
968 1968 1041 2021 ita
1099 1969 1306 2022 dictum
1366 1980 1534 2033 esset,
1590 1972 1880 2041 attingere.
1944 1972 2082 2027 Tum
2140 1973 2343 2029 deinde

756 2059 1053 2112 Tzerithnn
1103 2062 1356 2129 privatim
1412 2063 1732 2132 imperatori
1812 2066 2001 2119 retulit
2049 2066 2342 2121 Samonam

754 2166 875 2203 esse
912 2154 1006 2219 qui
1042 2152 1289 2206 libellum
1325 2153 1565 2208 fecisset.
1602 2154 1903 2209 Confestim
1939 2156 2121 2227 itaque
2153 2158 2339 2211 Samo-

757 2259 880 2296 nam
901 2243 1092 2313 dcjicit
1110 2244 1164 2297 in
1188 2246 1307 2314 ejus
1329 2245 1573 2309 domum,
1602 2247 1974 2317 detondetque
1996 2251 2348 2315 monachum,

756 2349 921 2407 atque
980 2339 1046 2393 ad
1085 2340 1363 2410 Euthymii
1398 2341 1611 2410 ablegat
1644 2344 2056 2397 monasterium.
2092 2343 2342 2414 Cumque

762 2443 952 2501 postea
986 2449 1178 2487 rursus
1205 2436 1456 2488 criminis
1492 2436 1706 2490 delatus
1733 2445 1901 2501 esset,
1938 2438 2004 2491 ad
2041 2438 2343 2493 Martinacii

759 2525 1152 2579 monasterium
1217 2527 1465 2581 abduxit.
1519 2529 1670 2583 Fecit
1732 2544 1863 2583 vero
1923 2529 2346 2585 Constantinum

2442 1974 2593 2030 οἷκον
2627 1977 2796 2031 αὑτοῦ
2842 1979 2938 2031 καὶ
2988 1977 3273 2046 ἀποκείρει
3318 1977 3551 2047 μοναχὸν
3583 1978 3676 2029 καὶ
3720 1975 3929 2042 ἀπάγει
3959 1976 4033 2035 εἰς

2443 2070 2543 2137 τὴν
2578 2071 2747 2139 μονὴν
2778 2069 3055 2139 Εὑθυμίου
3120 2070 3486 2140 πατριάρχου.
3526 2068 3636 2122 Καὶ
3692 2068 3835 2137 μετὰ
3864 2067 4033 2118 ταῦτα

2452 2162 2614 2214 πάλιν
2634 2160 3063 2232 λοιδορηθέντος,
3092 2161 3383 2230 ἀπήγαγεν
3429 2162 3509 2220 εις
3544 2160 3642 2230 τὴν
3691 2159 3787 2211 τοῦ
3824 2159 4033 2227 Μαρτι-

2452 2256 2592 2325 νάκη
2626 2255 2821 2325 μονήν.
2861 2255 3118 2325 Ἐποίησε
3149 2256 3205 2309 δὲ
3230 2257 3642 2309 Κωνσταντῐνον
3676 2250 4037 2322 παρακοιμὼ·

2453 2363 2634 2416 μενον,
2684 2347 2778 2400 καὶ
2843 2345 3059 2399 ἔκτισεν
3105 2346 3253 2417 αὐτῷ
3322 2347 3491 2415 μονὴν
3544 2346 3603 2398 ἐν
3648 2345 3916 2407 Νωσιαῖς,
3949 2343 4038 2394 καὶ

2454 2439 2698 2508 ἀπῆλθεν
2730 2442 2847 2512 ἅμα
2896 2439 3155 2510 Εὑθυμίῳ
3213 2440 3527 2510 πατριάρχῃ
3577 2454 3670 2491 και
3721 2436 4037 2503 ἐγκαινὶασι

2455 2548 2684 2601 ταυτην.

756 2618 897 2671 sacri
958 2617 1197 2672 cubiculi
1243 2616 1559 2686 praefectum
1625 2618 1880 2673 intimum
1974 2622 2381 2689 (accnbitorem
2420 2624 2682 2694 vocant),
2751 2626 2915 2696 eique
2970 2626 3027 2681 in
3066 2624 3247 2681 Nosiis
3296 2623 3691 2679 monasterium
3735 2617 4039 2677 condiditi

760 2709 1147 2779 profectusque
1183 2724 1287 2761 una
1332 2724 1455 2762 cum
1492 2711 1788 2781 Euthymio
1836 2714 2149 2782 patriarcha
2190 2716 2341 2772 illius
2378 2720 2623 2773 encaenia
2649 2720 2970 2775 celebravit.

831 2802 920 2855 45.
972 2800 1155 2853 Mense
1201 2800 1422 2855 Octobri
1459 2804 1810 2858 commissum
1864 2806 2058 2860 navale
2096 2809 2342 2875 pnelium

760 2902 845 2945 est
874 2892 1101 2945 Himerii
1131 2892 1425 2962 logothetu:
1454 2909 1578 2948 cum
1611 2896 1875 2950 Damiano
1894 2906 1949 2950 et
1982 2897 2164 2951 Leone
2200 2902 2343 2969 Aga-

763 2983 934 3045 renis,
967 2982 1215 3037 Romano
1250 2994 1381 3037 tunc
1412 2995 1644 3054 pnetore
1680 2987 1733 3040 in
1771 2987 1934 3042 Samo
1970 3000 2187 3058 agente,
2223 2992 2343 3059 ipso

762 3074 855 3142 qui
890 3082 1076 3141 postea
1104 3090 1287 3128 rerum
1323 3090 1591 3129 summam
1620 3071 1879 3131 obtinuit.
1918 3080 2213 3149 Vietusque
2246 3079 2341 3134 lli-

765 3164 973 3215 merius
1022 3172 1123 3226 est,
1174 3180 1237 3216 ac
1272 3165 1361 3217 vix
1401 3165 1515 3233 ipse
1554 3168 1731 3220 evasit
1778 3168 2093 3235 incolumis,
2136 3173 2351 3228 cunctis

768 3256 884 3308 fere
913 3256 1024 3309 illic
1061 3256 1112 3307 in
1144 3257 1450 3325 periculum
1484 3258 1758 3313 adductis.

835 3349 924 3401 44.
958 3348 1137 3417 pril
1164 3356 1347 3402 autem
1378 3348 1487 3403 Leo
1513 3352 1740 3407 cmliaco
1764 3353 1957 3408 morbo
1986 3364 2271 3425 :egrotarc,
2293 3365 2355 3413 ut

767 3454 869 3491 nec
919 3440 975 3492 in
1014 3440 1365 3509 Magnauram
1414 3443 1565 3497 exire
1598 3444 1649 3496 ei
1697 3444 1946 3510 licuerit,
1988 3462 2098 3515 quo
2144 3449 2266 3503 loco
2297 3450 2351 3504 in

767 3532 1104 3601 jejuniorum
1149 3532 1379 3587 exordio
1410 3535 1718 3590 orationem
1760 3548 1880 3592 erat
1909 3538 2221 3594 habiturus.
2252 3541 2352 3595 Fa-

766 3633 1030 3690 ctumque
1058 3622 1375 3677 incendium
1415 3635 1501 3679 est
1533 3626 1586 3678 in
1618 3628 1890 3681 cerularia
1926 3628 2129 3698 Magnae
2171 3632 2353 3686 eccle-

768 3714 885 3775 size,
928 3714 1233 3770 combustis
1262 3716 1577 3770 chartarum
1609 3721 1982 3774 monumentis
2010 3721 2269 3777 omnibus
2299 3733 2356 3778 et

768 3806 974 3859 sacello
1022 3808 1310 3876 (ecclesia:
1365 3810 1577 3864 scilicet
1627 3812 1826 3866 :erario
1873 3814 2352 3886 871'publico).

770 3897 955 3951 Mense
1010 3915 1141 3953 vero
1184 3900 1325 3955 Maio
1383 3903 1619 3957 moritur
1660 3904 1792 3968 Leo,
1841 3906 1936 3959 ubi
1983 3907 2354 3962 Alexandrum

771 3992 997 4045 fratrem
1030 4007 1190 4046 suum
1222 3992 1440 4063 imperii
1469 3995 1625 4049 clavo
1661 3996 1998 4065 praefecisset
2029 4015 2044 4064 ;
2075 4013 2262 4069 quem,
2295 4008 2357 4053 ut

772 4082 949 4146 aiunt,
983 4082 1048 4135 ad
1081 4098 1138 4137 se
1172 4086 1484 4140 venientem
1527 4088 1718 4142 videns
1752 4106 1764 4141 :
1803 4088 1908 4153 En,
1938 4089 2137 4158 inquit,
2164 4101 2213 4143 et
2238 4108 2356 4144 ma-

774 4182 886 4227 tum
910 4185 1113 4244 tempus
1132 4183 1249 4245 post
1273 4179 1520 4231 tredecim
1545 4195 1744 4233 menses
1766 4197 1783 4245 ;
1807 4180 2041 4235 multum
2060 4183 2357 4239 obsecrans

775 4282 838 4320 ac
868 4282 1066 4337 rogans
1094 4279 1155 4323 ut
1205 4268 1627 4326 Constantinum
1659 4273 1831 4328 ﬁlium
1876 4291 2037 4330 suum
2089 4290 2353 4334 servaret.

780 4360 1085 4428 Evenitque
1116 4362 1262 4430 quod
1314 4364 1387 4417 ita
1426 4366 1725 4434 imperator
1757 4368 1977 4424 locutus
2018 4382 2180 4431 erat:
2225 4388 2357 4427 vere

774 4451 924 4505 enim
953 4452 1044 4505 ille
1072 4463 1188 4521 post
1220 4454 1481 4510 tredecim
1509 4473 1727 4513 menses
1750 4459 1876 4515 fatis
1903 4460 2127 4518 functus
2149 4474 2250 4518 est.

919 4610 1259 4668 IMPERIUM
1298 4614 1702 4672 ALEXAND!“
1744 4620 1898 4675 FILII
1943 4620 2215 4677 BASlLll.

850 4725 898 4780 1.
940 4725 1099 4780 Anno
1138 4728 1327 4781 mundi
1363 4730 1537 4795 6412,
1571 4733 1771 4788 divinae
1812 4735 2205 4790 incarnationis
2234 4738 2356 4802 9l2,

780 4816 1075 4885 imperavit
1101 4818 1411 4875 Alexander
1436 4822 1621 4878 Basilii
1646 4825 1791 4879 ﬁlius
1815 4842 2017 4880 annum
2045 4845 2213 4882 unum
2244 4830 2362 4884 dies

776 4908 849 4963 29
874 4925 998 4963 emn
1036 4910 1400 4967 Constantino
1434 4916 1636 4972 Leonis
1674 4920 1803 4973 ﬁlio.
1845 4920 2065 4976 Mittens
2106 4939 2237 4977 vero
2268 4922 2363 4977 ad-

782 5004 939 5057 duxit
985 5005 1264 5059 Nicolaum
1318 5024 1385 5061 ex
1432 5008 1771 5078 Galacrenis,
1815 5014 2031 5084 dcjecto
2071 5015 2366 5086 Euthymio

781 5098 1091 5163 patriarcha
1114 5115 1127 5162 ;
1163 5100 1529 5170 eumdemque
1552 5104 1834 5158 Nicolaum
1861 5106 1913 5160 in
1940 5108 2363 5175 patriarchalem

783 5186 970 5239 sedem
998 5188 1180 5241 denuo
1206 5193 1463 5246 restituit.
1494 5194 1802 5265 ilabitoque
1830 5198 1883 5250 in
1916 5198 2206 5268 Magnaura
2231 5216 2366 5255 con-

684 5278 685 5281 “
781 5277 935 5333 cilio.
983 5278 1331 5350 adductoque
1389 5283 1685 5355 Euthymin
1730 5303 1795 5341 ex
1844 5288 2011 5343 Steno
2058 5290 2365 5360 Agathiqne

788 5369 1144 5433 monasterio,
1195 5372 1394 5426 sedens
1441 5374 1555 5443 ipse
1606 5377 1918 5432 Alexander
1961 5395 2086 5433 eum
2141 5380 2366 5435 Nicolao

786 5458 1093 5524 patriarcha
1144 5460 1542 5530 depositionem
1590 5466 1764 5535 ipsius
1799 5484 2082 5538 peregere,
2122 5471 2363 5540 indignis

788 5551 965 5605 modis
989 5554 1253 5608 vellentes
1276 5557 1413 5609 sacri
1445 5557 1547 5611 viri
1576 5574 1638 5613 ac
1670 5560 1856 5614 decori
1882 5561 2155 5632 digneque
2185 5564 2365 5632 suspi-

785 5641 968 5693 Clt'lldl
1000 5645 1368 5699 venerabilem
1404 5647 1647 5716 barbam,
1682 5651 1926 5721 aliasque
1970 5652 2235 5723 quasdam
2283 5655 2365 5707 in-

2528 2820 2639 2882 μγ’.
2690 2813 3004 2884 Ὀκτωϐρεῳ
3035 2813 3091 2865 δὲ
3121 2813 3251 2883 μηνὶ
3280 2812 3471 2879 γέγονε
3513 2811 3750 2875 πόλεμος
3773 2828 4040 2878 ναυμαχι-

2456 2906 2548 2968 κὸς
2588 2905 2825 2976 Ἰμερίου
2856 2904 3142 2972 λογοθέτου
3179 2903 3319 2973 μετὰ
3362 2900 3638 2970 Δαμιανοῦ
3682 2901 3781 2953 καὶ
3815 2902 4041 2961 Λέοντος

2450 2999 2546 3052 τοῦ
2590 2999 2914 3070 ’Λγαρηνοῦ,
2947 2994 3250 3068 στρατηγοῦ
3280 2994 3431 3056 ὄντος
3458 2996 3516 3045 ἐν
3538 2995 3705 3063 Σάμῳ
3753 2992 4041 3061 Ῥωμανοῦ

2449 3090 2545 3143 τοῦ
2581 3091 2718 3162 μετὰ
2739 3090 2912 3144 ταῦτα
2935 3089 3378 3160 βασιλεύσαντος.
3423 3086 3663 3155 Ἠττήθη
3685 3086 3744 3137 δὲ
3779 3086 3817 3137 ’1
3830 3087 4038 3155 μέρεος,

2454 3184 2546 3237 καὶ
2585 3184 2741 3253 μόλις
2768 3182 3025 3253 διεσώθη,
3054 3181 3239 3251 σχεδὸν
3265 3180 3487 3233 πάντων
3510 3180 3628 3231 ἐκεῖ
3658 3178 4039 3231 κινδυνευσὰν·

2454 3291 2581 3327 των.

2532 3365 2634 3435 μδ’.
2672 3365 2917 3435 Ἠρξατο
2946 3366 3002 3418 δέ
3069 3364 3457 3435 νοσηλεύεσθαι
3510 3364 3664 3418 Λέων
3707 3364 3739 3415 6
3789 3363 4044 3431 βασιλεὺς

2455 3458 2718 3527 κοιλιακῷ
2745 3459 3038 3527 νοσήματι,
3084 3456 3222 3509 ὥστε
3258 3457 3332 3527 μὴ
3380 3455 3675 3525 δυνηθῆναι
3724 3455 3969 3520 ἐξελθεῖν
3992 3455 4045 3505 ἐν

2454 3553 2521 3621 τῇ
2578 3551 2885 3621 Ὰίαγναύρᾳ
2915 3550 3013 3619 τὴν
3044 3550 3388 3621 δημηγορξαν
3422 3548 3654 3618 λαλῆσαι
3684 3550 3742 3600 ἐν
3798 3552 3871 3619 τῇ
3907 3550 4045 3618 ἀρχῇ

2455 3643 2566 3695 τῶν
2600 3644 2884 3713 νηστειῶν,
2923 3644 3119 3711 Γέγονε
3147 3644 3203 3696 δέ
3233 3645 3329 3697 καὶ
3358 3642 3690 3713 ἐμπρησμὸς
3720 3645 3804 3707 εἰς
3847 3644 3922 3697 τὰ
3954 3661 4049 3711 κη·

2458 3734 2723 3808 ρουλάρια
2776 3739 2872 3805 τῆς
2946 3736 3205 3805 Μεγάλης
3252 3735 3582 3805 ἐκκλησίας,
3641 3736 3893 3789 καέντων
3938 3736 4047 3787 τῶν

2456 3828 2769 3901 χαρτησίων
2800 3830 3016 3883 πάντων
3045 3829 3138 3881 καὶ
3164 3831 3263 3898 τῆς
3294 3827 3584 3897 σακέλλης.
3613 3828 3779 3898 Μαΐῳ
3819 3827 3883 3881 δὲ
3922 3831 4049 3897 μηνὶ

2457 3922 2683 3992 τελευτᾷ
2735 3922 2930 3985 Λέων,
2986 3920 3478 3989 προχειρισάμενος
3540 3918 3904 3990 Ἀλέξανδρον
3958 3922 4048 3973 τᾶν

2459 4013 2686 4082 ἀδελφὸν
2718 4014 2882 4067 αὐτοῦ
2926 4013 3182 4082 βασιλέα’
3216 4013 3276 4065 ὅν
3305 4014 3451 4078 ἰδὼν,
3482 4012 3561 4077 ὥς
3589 4031 3777 4083 φασιν,
3812 4015 4051 4086 ἐρχόμε-

2460 4124 2549 4159 νον
2578 4105 2711 4176 πρδς
2732 4105 2893 4158 αὑτὸν
2923 4105 3027 4174 ἐφη
3053 4121 3067 4134 ⁸
3102 4103 3225 4157 Ἴδε
3256 4106 3289 4157 d
3311 4103 3497 4169 κακὸς
3526 4105 3623 4156 καὶ
3658 4106 3888 4171 χρόνος
3907 4106 4052 4172 μετὰ

2458 4200 2600 4265 τοὺς
2649 4196 2953 4266 δεκατρεῖς
3000 4196 3223 4266 μῆνας,
3295 4197 3467 4249 πολλὰ
3522 4196 3913 4266 ἐκλιπαρῆσας
3966 4198 4054 4248 καὶ

2458 4291 2673 4361 δεηθεὶς
2704 4288 2864 4343 αὐτοῦ
2889 4289 3181 4357 φυλάττειν
3209 4288 3301 4341 τον
3335 4290 3449 4341 υἱὸν
3479 4286 3645 4341 αὑτοῦ
3694 4289 4052 4340 Κιονσταντῖο

2461 4401 2569 4436 νον.
2597 4384 2707 4435 Καὶ
2736 4384 2763 4435 6
2809 4383 2966 4450 λόγος
2997 4380 3091 4433 τοῦ
3123 4380 3387 4451 βασιλέως
3417 4380 3633 4447 ἐγένετο
3653 4396 3667 4409 ⁸
3695 4379 3924 4450 ἀληθῶς
3952 4382 4055 4448 γὰρ

2393 4483 2435 4536 D
2465 4476 2601 4546 μετὰ
2631 4476 2913 4546 δεκατρεῖς
2952 4475 3130 4545 μῆνας
3165 4473 3509 4541 ἐτελεύτησε.

2537 4610 2858 4664 ΒΑΣΙΛΕΙΔ
2897 4610 3353 4663 ΑΛΕΞΑΝΔΡοϊ
3394 4608 3559 4662 ΥιυΥ
3591 4607 3993 4663 ΒΔΣΙΛΕΙΟΥ.

2538 4725 2622 4797 [Ρ.
2648 4724 2776 4796 565]
2796 4725 2866 4780 α’.
2886 4724 2975 4793 Τῷ
3002 4723 3161 4794 ,ςυιβ’
3188 4724 3298 4777 ἐτει
3323 4722 3417 4776 τοῦ
3446 4722 3676 4792 κόσμου,
3695 4724 3793 4792 τῆς
3818 4721 3885 4776 δέ
3912 4723 4059 4785 θείας

2471 4819 2804 4888 σαρκώσεως
2857 4816 2990 4888 eis,
3050 4817 3402 4870 ἐϐασίλευσεν
3447 4817 3796 4886 Ἀλέξανδρος
3857 4817 3890 4868 6
3951 4817 4061 4879 υἱὸς

2469 4911 2777 4974 Βασιλείου,
2808 4910 2927 4973 ἐτος
2957 4910 3015 4962 ἓν
3040 4909 3254 4980 ἡμέρας
3278 4908 3380 4975 κθ’,
3411 4908 3507 4961 σὺν
3529 4908 3939 4977 Κωνσταντενῳ
3966 4907 4063 4977 υἱῷ

2468 5008 2717 5070 Λέοντος.
2763 5004 3119 5067 ’Δποστείλας
3154 5004 3213 5055 δέ
3244 5004 3453 5073 ἤγαγεν
3493 5002 3763 5055 Νικόλαον
3785 5005 3857 5054 ἐκ
3885 5002 4063 5056 Γαλα-

2469 5098 2708 5167 κρηνῶν,
2742 5096 3075 5163 καταγαγὼν
3104 5094 3380 5164 Εὐθύμιον
3403 5095 3772 5163 πατριάρχην,
3811 5097 3922 5147 καὶ
3982 5097 4064 5146 ἐν·

2471 5190 2712 5259 εθρόνισε
2729 5190 2789 5240 τὸ
2810 5188 3065 5259 δεύτερον
3087 5188 3177 5241 τὸν
3204 5187 3367 5240 αὐτὸν
3393 5188 3662 5241 Νικόλαον
3680 5189 4060 5259 πατριάρχην.

2470 5282 2725 5349 Ἐποίησε
2757 5280 2813 5333 δέ
2851 5280 3123 5333 σελέντιον
3152 5281 3247 5332 καὶ
3276 5279 3495 5332 σύνοδον
3533 5279 3893 5348 Ἀλέξανδρος
3922 5285 3981 5334 ἐν
4003 5285 4061 5349 τῇ

2474 5372 2795 5443 Μαγναύρᾳ,
2855 5372 3081 5441 ἀγαγὼν
3123 5372 3398 5440 Εὐθύμιον
3448 5374 3513 5424 ἐκ
3566 5372 3660 5423 τοῦ
3718 5373 3931 5425 Στενοῦ
3964 5374 4065 5427 ἀπὸ

2473 5466 2584 5516 τῶν
2614 5467 2659 5498 ⁸⁵
2700 5464 2931 5533 ’Δγαθοῦ
2954 5482 2967 5494 ·
2997 5466 3090 5518 καὶ
3129 5464 3463 5531 συγκαθίσας
3504 5465 3621 5532 ἅμα
3671 5465 3943 5538 Νικολάῳ
3969 5486 4062 5519 παι

2478 5558 2712 5629 τριάρχῃ
2771 5557 3098 5629 ἐποιήσαντο
3154 5557 3255 5623 τὴν
3294 5556 3415 5609 κατ’
3472 5554 3637 5609 αὑτοῦ
3709 5557 4062 5628 καθαίρεσιν,

2472 5652 2685 5720 ἀτίμως
2718 5652 3097 5717 ἀποτίλλοντες
3150 5650 3245 5705 τοῦ
3306 5650 3671 5722 ῑερσπρεποῦς
3704 5654 3806 5707 καὶ
3839 5656 4065 5721 ﬁguri-

2103 5766 2334 5821 \'.-\Rl.4".
2378 5766 2777 5822 LECTIONES.

866 5852 909 5880 "
949 5852 1075 5921 an]
1110 5851 1204 5903 τοῦ
1241 5850 1298 5906 f‘.
