4158 6438
130 383 227 443 933

1208 355 1410 420 VlT/E
1434 346 1985 413 RECENTIORUM
2025 347 2227 407 IMPP.

3276 332 3377 397 934

128 506 243 545 στου
271 481 458 552 ἀνδρὸς
503 478 600 547 τὴν
647 472 834 544 τιμίαν
876 466 1039 522 αὑτοῦ
1095 465 1369 534 γενειάδα,
1398 462 1493 515 καὶ⁸
1520 460 1684 521 ἄλλας
1714 512 1715 517 η

1818 461 1960 515 arias
1988 474 2050 513 ac
2076 472 2263 528 punias
2293 456 2366 509 illi
2398 457 2717 516 inferentes,
2754 469 2891 522 quas
2928 453 3011 506 vir
3048 449 3380 506 venerabilis

125 580 265 638 τινὰς
305 573 487 638 “pet;
522 570 616 621 καὶ
641 562 837 622 ποινὰς
858 558 1007 627 αύτῷ
1059 555 1433 625 ἐπιφέροντες,
1464 552 1527 613 a;
1560 550 1691 620 ἡσύο

126 684 225 737 χως
254 666 344 717 καὶ
376 662 568 731 πράως
613 657 908 722 ὑπέμεινεν
941 651 969 701 ὁ
1003 648 1181 717 τίμιος
1215 646 1311 698 καὶ
1343 644 1483 713 ἱερὸς
1533 643 1692 710 ἁνήρ.

128 734 231 811 lini.
261 750 610 823 ὑπερωρίσθη
669 747 832 798 πάλιν
872 745 951 804 εἰς
984 740 1053 792 τὰ
1116 734 1376 805 ’Λγαθοῦ,
1437 734 1566 787 ἔνθα
1603 740 1697 785 καὶ

126 849 447 917 τελευτήσας
477 841 827 895 κατατίθεται
858 837 915 888 ἐν
946 838 1011 905 τῇ
1039 833 1176 901 αὐτῇ
1209 831 1345 899 μονῇ
1375 830 1429 880 ἐν
1452 831 1517 896 τῇ
1545 827 1698 879 πόλει

127 949 199 1006 εἰς
224 942 292 995 τὰ
320 936 642 1007 ιΓαμαθίου.

196 1036 259 1104 β’.
289 1027 459 1092 Οὗτος
495 1026 848 1095 Ἀλέξανδρος
872 1024 958 1077 διὰ
983 1023 1081 1085 τὰς
1111 1020 1363 1081 ὑπονοίας
1401 1018 1466 1079 εις
1496 1018 1523 1069 ὁ
1550 1012 1700 1067 ἀδελ-

128 1130 218 1198 φὺς
247 1124 409 1178 αὐτοῦ
465 1123 619 1176 Λέων
674 1119 755 1171 ἔτι
787 1118 896 1181 ζῶν
946 1111 1060 1185 εἶχε
1092 1113 1213 1166 κατ’
1241 1110 1429 1172 αὐτοῦ,
1469 1108 1557 1161 ἀεὶ
1587 1108 1701 1169 τοῖς

129 1217 467 1288 κυνηγεσίοις
492 1214 587 1267 καὶ
610 1216 722 1277 τοῖς
761 1211 866 1277 ἔξω
896 1209 1163 1262 παλατίου
1199 1204 1512 1275 ἐσχόλαζεν.
1536 1201 1701 1271 μηδὲν

130 1311 391 1383 βασιλέως
420 1308 580 1377 ἔργον
614 1304 1012 1378 πραττόμενος,
1061 1299 1195 1353 ἀλλὰ
1240 1298 1443 1364 διάγων
1488 1297 1546 1345 ἐν
1577 1310 1701 1363 τρυο

129 1405 252 1471 φαῖς
283 1402 377 1453 καὶ
398 1398 709 1467 ἀσελγείαις
748 1395 845 1448 καὶ
885 1394 1097 1464 μέθαις,
1134 1392 1229 1444 καὶ
1262 1390 1392 1459 περὶ
1412 1385 1588 1439 ταῦτα
1618 1385 1703 1436 ἀεὶ

130 1492 492 1561 δίακείμενος.
534 1489 699 1541 Ὅθεν
725 1486 897 1556 ἄρξας
924 1484 1084 1546 αὐτὸς
1114 1482 1266 1534 οὐδὲν
1309 1478 1558 1546 γενναῖον
1592 1475 1707 1542 εἱρ-

130 1586 354 1652 γάσατο,
389 1578 527 1635 ἀλλὰ
559 1577 801 1647 παρευθὺ
847 1575 1052 1644 Ἰαννὴν
1083 1573 1175 1625 τὸν
1206 1570 1416 1633 παπᾶν,
1459 1564 1550 1617 τὸν
1586 1562 1704 1615 ἐπί-

131 1678 262 1745 κλην
290 1673 575 1742 Λαζάρην,
611 1671 893 1740 ῥαίκτωρα
951 1663 1269 1733 πεποίηκεν,
1305 1659 1364 1721 ὃς
1393 1658 1486 1711 καὶ
1519 1652 1705 1715 κακῶς

131 1768 187 1820 τὸ
210 1742 315 1836 ζῇν
351 1762 666 1834 ἀπέρῤηξεν
692 1760 829 1832 μετά
854 1757 1081 1810 θάνατον
1142 1751 1513 1819 Ἀλεξάνδρου,
1544 1748 1602 1797 ἐν
1631 1742 1707 1813 τῷ

141 1861 384 1931 Ἑϐδόμῳ
416 1858 743 1927 σφαιρίζων.
779 1852 1059 1915 Ὠσαύτως
1106 1850 1200 1904 καὶ
1233 1841 1703 1917 Γαϐριηλὸπουλον

133 1954 222 2007 καὶ
250 1950 577 2019 Βασιλίτζην
610 1950 656 1981 ’⁸
684 1946 793 2001 ἀπὸ
837 1943 1167 2012 Σκλαϐηνῶν
1222 1940 1411 2000 ἔθνους
1460 1934 1704 2004 σφοδρῶς

133 2040 551 2097 κατεπλούτισεν
579 2042 641 2092 ὲκ
670 2040 779 2091 τῶν
806 2036 901 2090 τοῦ
937 2034 1204 2090 παλατίου
1244 2028 1565 2099 χρημάτων.
1608 2025 1705 2085 Ὦς

134 2154 296 2206 φασιν
324 2135 406 2197 δὲ,
438 2134 528 2187 τὸν
557 2132 719 2186 αὑτὸν
758 2129 1038 2182 Βασίλειον
1070 2126 1161 2179 καὶ
1193 2123 1416 2195 βασιλέα
1448 2118 1708 2189 ἠϐούλετο

134 2227 352 2297 ποιῆσαι
382 2226 457 2288 ὡς
495 2224 662 2285 ἄπαις
688 2222 784 2283 ὢν,
819 2221 913 2273 καὶ
942 2219 1351 2273 Κωνσταντῖνον
1391 2213 1506 2265 υἱὸν
1541 2210 1705 2262 Λέον-

133 2336 218 2381 τος
243 2317 587 2387 εύνουχίσαις
626 2315 723 2367 καὶ
772 2315 799 2366 ὁ
852 2312 1114 2373 πολλάκις
1141 2306 1462 2380 βουληθεὶς,
1502 2304 1712 2355 διεσκε-

133 2409 301 2478 δάσθη
342 2408 495 2477 παρὰ
542 2406 652 2459 τῶν
684 2405 788 2459 ὑπὸ
816 2404 910 2457 τοῦ
961 2406 1188 2464 Λέοντος
1216 2396 1711 2469 εὐεργετηθέντων.

137 2500 263 2551 ποτὲ
284 2499 384 2567 μὲν
407 2499 483 2562 ὼς
512 2496 706 2568 νηπίου
734 2494 1106 2550 ὑποϐάλλοντα
1131 2495 1197 2557 ⁸⁷,
1221 2492 1349 2546 ποτὲ
1371 2491 1424 2543 δὲ
1455 2490 1529 2549 ὠς
1557 2485 1714 2539 ἀσθε-

137 2589 379 2653 νοῦντος.

1798 569 1859 606 ac
1887 567 2039 605 sacer
2064 552 2253 604 sedato
2277 566 2339 603 ac
2363 548 2583 602 silentio
2605 547 2924 615 placideque
2952 546 3182 599 ferebat.
3213 546 3378 614 872

1800 640 2118 707 Rursusque
2176 640 2242 693 ad
2290 637 2480 707 Agnthi
2528 637 2803 704 relegatus
2859 646 2983 698 est;
3038 635 3128 687 ubi
3164 645 3221 687 et
3269 636 3381 685 vita

1800 729 2023 783 functus
2075 729 2368 796 deponitur
2409 729 2464 781 in
2503 742 2606 781 suo
2638 726 2969 779 monasterio
3017 726 3070 778 in
3122 726 3257 777 urbe
3313 724 3379 775 ad

1801 820 2096 873 Psalnathii
2136 818 2300 870 a-des.

1868 1035 1921 1088 9..
1958 1032 2059 1087 Hic
2092 1032 2399 1087 Alexander
2423 1030 2549 1100 quia
2578 1032 2720 1099 apud
2750 1032 2986 1084 Leonem
3027 1030 3252 1083 fratrem
3285 1047 3379 1084 su-

1803 1126 2143 1196 spicionibus
2194 1124 2479 1179 laborabat
2530 1122 2711 1192 quoad
2756 1123 2845 1176 ille
2894 1122 3072 1185 vixit,
3116 1122 3382 1177 continuo

1802 1217 2187 1271 venationibus
2239 1217 2414 1285 iisque
2475 1231 2597 1285 qua:
2656 1214 2855 1285 privati
2907 1214 3146 1269 hominis
3197 1223 3385 1267 essent

1803 1309 1976 1363 otium
2001 1323 2333 1377 operamque
2354 1309 2613 1377 ponebat,
2637 1307 2773 1361 nihil
2798 1306 2941 1375 quod
2970 1307 3384 1374 imperatorium

1804 1406 1970 1460 esset,
1999 1414 2192 1467 gerens
2214 1407 2307 1451 aut
2345 1406 2602 1457 tractans.
2635 1398 2731 1452 sed
2766 1398 2818 1450 in
2862 1396 3074 1451 deliciis
3112 1406 3167 1450 et
3205 1398 3386 1466 impu-

1806 1484 2011 1538 dicitiis
2053 1485 2711 1552 commessationibusque
2759 1501 2822 1539 ac
2862 1486 3226 1539 ebrietatibus
3266 1495 3383 1538 tra-

1809 1576 2013 1631 ducens
2065 1578 2254 1642 vitam,
2313 1578 2478 1647 inque
2529 1578 2694 1631 rebus
2749 1578 3084 1647 ejuscemodi
3141 1577 3389 1631 animum

1808 1668 2068 1722 continue
2118 1682 2414 1736 occupans.
2473 1668 2838 1734 Quamobrem
2895 1685 3077 1723 rerum
3118 1684 3389 1722 summam

1810 1759 2043 1828 adeptus
2072 1757 2214 1825 nihil
2257 1758 2414 1813 fortis
2438 1760 2604 1812 animi
2637 1775 2701 1815 ac
2731 1775 3011 1831 generosa:
3041 1759 3242 1813 indolis
3266 1774 3387 1827 ges-

1808 1850 1881 1903 sit
1914 1866 1927 1911 ;
1964 1847 2060 1903 sed
2084 1848 2265 1902 statim
2291 1847 2519 1902 Jannem
2550 1850 2808 1903 clericum
2835 1858 3198 1920 cognomento
3222 1847 3378 1901 Laza-

1811 1956 1927 1996 rem
1952 1950 2218 1995 rectorem
2252 1940 2538 1995 constituit
2572 1942 2745 2009 quiet
2776 1942 2919 1994 malo
2959 1941 3090 2002 fato,
3123 1940 3395 1994 exstincto

1811 2031 2139 2093 Alexandro,
2177 2031 2229 2084 in
2264 2030 2545 2085 Hebdomo
2580 2032 2790 2100 sphaera
2824 2032 3023 2085 ludens
3060 2032 3184 2084 vitae
3226 2032 3391 2085 linem

1815 2122 1963 2177 fecit.
1998 2120 2175 2174 Simili
2200 2136 2417 2189 quoque
2447 2122 2658 2174 ratione
2690 2120 3138 2190 Gabrielopulum
3192 2129 3248 2173 et
3290 2120 3395 2173 Ba-

1808 2212 2041 2267 silitzem
2099 2211 2436 2265 Sclavonica:
2482 2211 2658 2280 gentis
2702 2212 2888 2280 palatii
2929 2212 3205 2266 thesauris
3241 2210 3396 2265 valde

1808 2305 2179 2375 locupletavit.
2209 2306 2410 2372 Atque,
2445 2311 2505 2356 ut
2542 2317 2734 2356 rumor
2769 2311 2872 2364 est,
2899 2305 3152 2356 eumdem
3177 2302 3399 2356 Basilit-

1810 2411 1925 2447 mm
1954 2396 2121 2447 etiam
2168 2393 2555 2461 imperatorem
2589 2406 2801 2454 creare,
2832 2392 2958 2461 quia
2993 2393 3108 2460 ipse
3150 2391 3399 2461 improlis

1810 2495 1976 2546 esset,
2021 2485 2206 2537 animo
2252 2484 2554 2537 destinarat
2609 2497 2674 2536 ac
2720 2484 3140 2537 Constantinum
3199 2484 3400 2539 Leonis

1816 2576 1989 2630 filium
2025 2585 2287 2630 castrare.
2316 2574 2639 2643 Saepiusque
2673 2576 2793 2644 ejus
2824 2576 3244 2629 rei‘institutum
3272 2590 3402 2628 cnn-

137 2686 317 2740 silium
346 2685 670 2755 dissipatum
702 2690 786 2736 est
814 2696 1007 2736 eorum
1038 2696 1203 2750 opera
1235 2694 1374 2750 quos
1404 2678 1514 2733 Leo
1546 2670 1828 2732 beneﬁciis
1857 2672 2243 2734 demeruisset,
2276 2684 2401 2724 cum
2432 2670 2470 2723 ii
2536 2669 2700 2724 modo
2761 2669 3025 2724 infantem
3092 2686 3218 2724 eum
3280 2683 3401 2723 esse

138 2779 301 2833 modo
327 2792 470 2847 egra
498 2775 813 2830 valetudine
839 2774 1218 2829 admonerent.

209 2870 293 2943 [P.
332 2867 458 2942 564]
489 2867 559 2937 γ’.
601 2870 726 2922 Ἐπὶ
750 2868 940 2922 τούτου
977 2869 1151 2937 ὶφάνη
1178 2869 1352 2937 ἀστὴρ
1376 2869 1621 2937 κομήτης
1650 2870 1711 2919 ἐκ

139 2965 352 3025 Δύσεως
383 2963 475 3014 ἐπὶ
503 2961 713 3031 ἡμέρας
740 2960 1058 3025 δεκαπέντε,
1092 2960 1151 3012 ὃν
1185 2959 1368 3027 ἔλεγον
1396 2960 1579 3027 ξιφίαν
1612 2976 1704 3012 κα·

139 3055 348 3109 λεῐσθαι
370 3054 466 3107 καὶ
500 3051 899 3123 αἰματοχυσίαν
932 3052 989 3103 ἐν
1022 3054 1085 3121 τῇ
1116 3052 1263 3103 πόλει
1288 3050 1643 3121 ἐργάσεσθαι.

209 3231 274 3286 δ’.
312 3221 484 3291 Οὗτος
517 3226 739 3288 πλάνοις
774 3226 868 3278 καὶ
915 3225 1110 3293 γόησιν
1160 3224 1353 3277 ἑαυτὸν
1403 3225 1631 3291 ἐξέδοτο,
1668 3225 1715 3275 οἳ

142 3325 236 3379 καὶ
261 3323 631 3389 πεποιήκασιν
662 3318 827 3371 αὐτοῦ
879 3319 1120 3387 συάγρου
1165 3319 1453 3385 στοιχεῖον,
1514 3318 1594 3368 σοὶ
1626 3318 1719 3368 καὶ

142 3417 206 3486 τῇ
239 3417 308 3483 σῇ
362 3411 476 3479 ζωῇ
526 3409 979 3479 προσανὼιειται,
1035 3405 1303 3477 χοιρόσιον
1354 3406 1444 3456 τὸν
1496 3405 1722 3474 ἀνόητον

143 3504 558 3574 ὑποφαίνοντες.
614 3500 672 3554 ’0
717 3499 773 3551 δὲ
830 3498 1042 3559 τούτοις
1068 3497 1370 3565 ἀπατηθεὶς
1403 3496 1579 3548 αἰδοῖα
1629 3496 1723 3547 καὶ

141 3595 364 3655 ὀδόντας
414 3591 495 3661 τῷ
543 3590 714 3661 χοίρῳ
764 3587 1213 3659 πῳσανενὲωσεν
1264 3586 1339 3648 ὼς
1369 3585 1725 3653 λειπομένους

144 3685 313 3755 αὐτῷ.
358 3685 468 3737 Καὶ
488 3686 556 3753 τῇ
588 3684 725 3753 αὐτῇ
755 3681 933 3751 πλάνῃ
964 3678 1245 3741 πεποιθὼς
1298 3676 1522 3731 ἱππικὸν
1568 3678 1726 3747 ποιή-

147 3794 264 3844 σας,
290 3776 394 3839 τὰς
430 3775 541 3827 τῶν
591 3772 903 3842 ἐκκλησιῶν
949 3770 1174 3833 haud;
1223 3769 1318 3823 καὶ
1348 3768 1725 3838 πολυκὰνδηλα

144 3870 303 3938 ἄρας,
338 3866 402 3919 τὸ
425 3864 647 3918 ἱππικὸν
680 3863 960 3916 ἑστόλισεν
989 3863 1219 3925 καὶτοῖς
1248 3859 1436 3931 ζῴδοις
1461 3876 1728 3929 φωταγω-

146 3959 271 4027 γίαν
303 3954 460 4030 [γὰρ]
494 3956 750 4025 εποίησεν
781 3956 848 4009 ⁸³.
877 3956 975 4009 Διά
996 3954 1157 4007 τοῦτο
1184 3954 1326 4024 fiqu
1362 3953 1457 4005 ἀπ’
1494 3954 1538 3987 ”
1562 3950 1727 4006 αὑτοῦ

145 4051 180 4121 ἡ
208 4048 307 4103 τοῦ
330 4046 472 4101 Θεοῦ
499 4050 621 4119 χεὶρ
638 4048 713 4112 ὼς
741 4048 840 4119 τὴν
873 4045 967 4101 τοῦ
988 4045 1126 4099 Θεοῦ
1155 4044 1322 4117 τιμὴν
1349 4047 1462 4108 τοῖς
1488 4044 1730 4107 εἰδώλοις

148 4139 560 4209 προσάψαντος.

216 4414 283 4460 ι’.
332 4406 572 4476 Ἰμερίου
597 4405 655 4459 δὲ
690 4404 977 4474 λογοθέτου
1010 4405 1077 4457 ἐκ
1109 4406 1208 4474 τῆς
1254 4402 1366 4456 τῶν
1417 4403 1734 4472 Ἀγαρηνῶν

150 4502 317 4571 ἧττης
350 4498 813 4569 ὑποστρέψαντος,
848 4497 1176 4560 ἀποστείλας
1233 4495 1580 4565 Ἀλέξανδρος
1634 4510 1733 4547 πε-

1886 2856 1939 2908 3.
1978 2849 2285 2906 Alexandro
2309 2849 2639 2917 imperatore
2664 2848 2918 2918 apparuit
2943 2856 3154 2902 cometa
3184 2862 3211 2901 a
3236 2846 3407 2917 parti‘

1814 2950 1922 3003 bus
1947 2944 2265 3001 Occidentis
2281 2943 2399 2997 dies
2414 2943 2751 3012 quindecim,
2783 2956 2945 3011 quem
2975 2956 3003 2994 a
3033 2939 3196 3009 gladii
3233 2942 3405 3009 ligura

1818 3040 2060 3111 xiphiam
2114 3036 2301 3091 vocari
2341 3036 2588 3101 aiebant,
2645 3044 2701 3090 et
2744 3035 2799 3088 in
2852 3035 2986 3089 urbe
3033 3034 3405 3102 praistiturum

1817 3129 2099 3200 sanguinis
2122 3128 2470 3182 effusionem.

1888 3223 1941 3276 4.
1970 3222 2019 3275 ls
2048 3235 2166 3273 sese
2202 3218 2590 3274 seducturibns
2619 3232 2685 3272 ac
2710 3215 3204 3287 praaStigialoribus
3250 3215 3406 3271 dedi-

1773 3306 1786 3320 ¹
1821 3312 1999 3377 derat,
2030 3310 2125 3380 qui
2153 3317 2206 3363 et
2237 3308 2358 3378 ejus
2381 3315 2618 3362 statuam
2663 3307 2990 3378 signumque
3023 3308 3139 3375 apri
3168 3307 3405 3379 eﬂigiem

1823 3406 2096 3469 fecerunt,
2129 3404 2179 3458 ei
2212 3404 2441 3473 ejusque
2469 3403 2595 3456 vita:
2623 3402 2799 3471 aptari
2831 3401 2898 3456 ad
2927 3402 3090 3472 873
3121 3418 3294 3473 eaque
3322 3420 3410 3458 re-

1824 3497 1955 3552 ferri
1996 3496 2264 3559 dicentes,
2314 3510 2378 3549 ea
2420 3509 2479 3549 re
2516 3494 2711 3549 insulsi
2760 3494 3000 3549 hominis
3042 3512 3107 3550 ac
3137 3496 3411 3552 dementis

1825 3589 2039 3644 suinam
2072 3588 2240 3642 vitam
2273 3586 2589 3640 innuentes.
2619 3584 2723 3651 Qui
2757 3593 2811 3639 et
2843 3587 2963 3641 istis
3005 3587 3290 3654 seductus,
3322 3590 3407 3643 sui

1827 3678 2083 3751 pudenda
2138 3680 2458 3747 dentesque,
2512 3685 2575 3731 ut
2631 3692 2755 3746 qua:
2804 3677 2882 3731 illi
2934 3679 3411 3746 desiderarentur,

1829 3770 2179 3825 instauravit.
2229 3768 2545 3838 Eodemque
2596 3784 2790 3825 errore
2850 3770 3057 3837 fretus,
3118 3773 3416 3828 celebratis

1827 3858 2203 3924 Circensibus,
2235 3858 2595 3913 ecclesiarum
2623 3859 2864 3927 acceptis
2908 3860 3094 3915 linteis
3126 3862 3413 3932 peplisque

1830 3967 1895 4007 ac
1921 3951 2208 4006 multiﬁdis
2237 3950 2545 4021 pensilibus
2576 3950 2925 4006 candelabris
2952 3952 3173 4008 Circum
3207 3969 3413 4010 conve-

1831 4047 1984 4101 stivit
2030 4056 2195 4115 atque
2231 4045 2468 4109 ornavit,
2515 4045 2823 4114 statuisque
2873 4062 2937 4101 ac
2986 4047 3151 4116 lignis
3206 4047 3415 4102 lumina

1832 4154 1989 4193 sacro
2039 4139 2193 4208 quasi
2242 4138 2352 4190 ritu
2400 4136 2665 4191 admovit.
2713 4138 3060 4207 Quapropter
3100 4140 3314 4193 sublata
3360 4141 3417 4194 in

1831 4244 1957 4283 eum
1984 4228 2079 4283 Dei
2111 4242 2307 4281 manus
2335 4234 2439 4291 est,
2466 4226 2673 4282 idcirco
2699 4227 2846 4297 quod
2885 4228 2980 4282 Dei
3022 4229 3289 4283 honorem
3318 4230 3417 4284 ad-

1835 4320 2105 4375 hibuisset
2134 4319 2311 4373 idolis.

1906 4413 1958 4465 5.
1989 4412 2235 4466 Himerio
2273 4411 2551 4482 logotheta
2580 4425 2648 4463 ex
2690 4411 3068 4481 Agarenorum
3101 4413 3291 4481 praelio
3329 4429 3421 4467 ac-

1837 4513 1992 4575 cepta
2026 4504 2179 4560 clade
2212 4519 2435 4558 reverso
2465 4504 2690 4559 mittens
2722 4503 3030 4559 Alexander
3057 4506 3239 4560 virum
3275 4506 3389 4560 rele

155 4592 413 4664 ριώρισεν
449 4591 507 4643 ὲν
557 4592 624 4661 τῇ
690 4592 825 4659 μονῇ
865 4587 961 4643 τοῦ
1016 4588 1277 4643 παλατίου
1334 4590 1401 4659 τῇ
1466 4586 1715 4658 λεγομένη

1838 4597 1983 4667 gavit
2007 4596 2062 4649 in
2106 4595 2292 4666 palatii
2341 4594 2757 4659 monasterium,
2786 4596 2875 4648 cui
2916 4595 3164 4666 Calupta:
3191 4612 3421 4660 nomen.

152 4680 445 4749 Καλυπτᾷ,
459 4677 839 4748 ἐπαπειλήσας
856 4677 929 4740 ὡς
952 4677 1146 4748 ἐχθρὸν
1161 4676 1327 4731 αὐτοῦ
1349 4678 1442 4730 ἐπὶ
1457 4676 1552 4731 τοῦ
1576 4676 1731 4730 ἀδελ-

153 4759 258 4838 φοΰ
290 4769 460 4823 αὑτοῦ
495 4770 744 4833 Λέοντος.
793 4770 850 4823 '0
878 4770 937 4823 δὲ
962 4772 1026 4823 ὲκ
1055 4770 1288 4839 θλίψεως
1318 4770 1521 4839 πολλῆς
1550 4771 1735 4840 septo-

156 4864 387 4933 στήσας,
426 4863 863 4933 περιωρισμένος
882 4862 961 4916 ὢν
991 4863 1085 4916 ἰπὶ
1119 4863 1295 4933 μῆνας
1325 4862 1382 4929 ἓξ
1402 4902 1417 4927 ,
1444 4861 1732 4932 ἐτελεύτη-

156 4970 270 5007 σεν.

224 5043 301 5106 ς’.
340 5045 659 5099 Ἀπέστειλε
714 5046 772 5100 δὲ
823 5045 1047 5116 Συμεὼν
1082 5047 1110 5098 ὁ
1167 5047 1351 5116 ἄρχων
1399 5046 1737 5116 Βουλγαρίας

158 5138 385 5208 μηνύων
437 5138 772 5210 Ἀλεξάνδρῳ
799 5139 868 5193 τὰ
900 5139 1036 5209 πρὸς
1064 5141 1310 5211 εἰρήνην,
1346 5140 1442 5195 καὶ
1465 5139 1558 5194 τοῦ
1586 5140 1739 5209 φιλο-

158 5230 482 5298 φρονεῖσθαι
516 5231 681 5283 αὑτὸν
736 5231 831 5285 καὶ
866 5232 1132 5302 τιμᾶσθαι
1169 5232 1466 5301 καθώσπερ
1520 5234 1613 5285 ἐπὶ
1642 5232 1738 5286 τοῦ

158 5320 413 5383 Λέοντος.
463 5322 524 5374 '0
553 5322 610 5375 δὲ
630 5322 787 5393 ἀνοίᾳ
814 5324 909 5377 καὶ
934 5325 1219 5396 ἀφροσύνῃ
1267 5324 1566 5395 κρατηθεὶς
1614 5325 1740 5388 τοὺς

161 5414 427 5482 πρέσϐεις
462 5413 674 5485 ἀτίμως
726 5414 1058 5487 ἐξέπεμψεν,
1091 5418 1345 5483 ἀπειλαῖς
1389 5420 1483 5473 τὸν
1512 5417 1740 5489 Συμεὼν

1839 4689 2016 4744 minas
2046 4687 2345 4752 intentans,
2370 4687 2524 4756 quasi
2550 4688 2643 4757 qui
2678 4687 2861 4742 Leone
2887 4687 3006 4757 ejus
3043 4686 3213 4741 fratre
3243 4688 3422 4757 impe-

1841 4790 2022 4836 ratore
2078 4779 2222 4833 haud
2272 4779 2409 4833 satis
2445 4780 2494 4833 ei
2535 4794 2726 4847 aequus
2774 4778 2990 4833 fuisset.
3040 4779 3088 4832 Is
3125 4794 3191 4832 ex
3229 4795 3421 4850 magna

1843 4871 2134 4926 aMictione
2182 4880 2348 4939 atque
2390 4886 2633 4924 :erumna
2677 4870 2871 4924 morbo
2911 4880 3221 4939 correptus,
3270 4869 3425 4925 exsul

1845 4977 2010 5032 agens
2040 4960 2333 5029 septimum
2368 4976 2633 5021 mensem,
2669 4959 2794 5013 fatis
2824 4960 3120 5012 concessit.

1912 5054 1966 5106 6.
1998 5054 2140 5107 .‘lisit
2162 5068 2292 5105 vero
2320 5052 2552 5123 Symeon
2575 5052 2837 5120 Bulgaria:
2859 5052 3133 5120 princeps,
3160 5048 3427 5105 mandans

1842 5145 2150 5201 Alexandro
2177 5161 2299 5215 quae
2330 5145 2396 5198 ad
2441 5159 2627 5214 pacem
2675 5152 2881 5206 essent,
2915 5152 2969 5197 ct
3005 5153 3062 5196 ut
3101 5142 3428 5196 muneribus

1843 5237 2119 5306 acciperet
2161 5253 2226 5291 ac.
2256 5238 2480 5293 coleret,
2524 5236 2603 5290 uti
2628 5235 2811 5289 Leone
2859 5235 3192 5305 imperatore
3222 5234 3426 5289 factum

1844 5338 2013 5383 esset.
2050 5329 2097 5381 Is
2130 5345 2261 5382 vero
2303 5328 2575 5383 dementia
2630 5336 2816 5381 tentus
2861 5328 3170 5395 mentisque
3215 5325 3428 5381 insania

1848 5421 2051 5492 probro
2077 5421 2285 5491 legatos
2312 5422 2601 5491 ablegavit,
2638 5419 2945 5475 minacibus
2976 5418 3161 5473 verbis
3201 5418 3429 5489 Symeo-

1425 5636 1659 5696 VARI/li
1701 5638 2102 5697 LECTIONES.

222 5799 271 5830 “
299 5801 646 5873 Βασιλίτςην,
670 5812 726 5856 ιιι
745 5813 793 5859 σι
821 5804 1124 5875 Logothua.
1158 5821 1345 5878 margo
1373 5805 1432 5864 P.

1544 5808 1586 5840 "
1617 5806 2027 5861 ὑποϐαλλόντων
2057 5820 2240 5877 margo
2262 5807 2317 5862 Ρ.

2436 5808 2480 5837 ’³
2511 5806 2771 5878 ἰποίησαν
2799 5806 2858 5869 P.
2962 5807 3006 5838 "
3033 5805 3121 5860 ἔπ’
3158 5818 3345 5876 margo
3370 5804 3426 5860 Ρ.
