4158 6438
758 405 867 467 935
2025 396 2343 457 omne”
2391 397 2731 459 MONACHI
3923 404 4020 467 936

754 533 880 571 nem
909 515 1179 568 territans.
1219 514 1339 570 Ouo
1384 526 1447 564 ex
1482 520 1727 579 tempore
1759 513 1992 582 Symeon
2035 510 2102 563 ad
2140 510 2341 563 bellum

2452 511 2822 581 καταπλήξας.
2883 511 3149 579 Λυοείσης
3201 505 3293 563 οὖν
3324 510 3504 564 baton
3538 514 3633 581 τῆς
3668 513 3891 583 εἰρήνης
3922 517 4019 566 Σ.-

753 610 1018 664 udversus
1047 608 1388 659 Christianos
1416 620 1535 658 sese
1560 604 1821 657 accituit.

823 810 874 863 Ἰ.
910 809 1077 861 Porro
1107 805 1412 857 Alexander
1445 818 1694 873 pransus,
1720 802 1813 855 Dei
1844 802 1919 855 ira
1947 799 2194 855 immisso
2217 800 2333 869 gia-

753 901 845 955 dio
880 900 1221 957 vulneratus,
1256 898 1425 949 multa
1460 896 1507 947 ei
1556 895 1841 961 sanguinis
1868 893 1918 947 vi
1959 909 1989 946 e
2018 892 2244 945 naribus
2270 908 2333 945 ac

754 988 1025 1056 puniendis
1066 998 1407 1054 erumpente,
1440 993 1563 1053 post
1599 985 1825 1039 biduum
1866 985 2087 1047 occidit,
2126 984 2334 1039 relictis

755 1077 1034 1129 tutoribus
1062 1077 1281 1130 Nieolao
1307 1076 1636 1144 patriarcha,
1669 1077 1950 1146 Stephano
1987 1077 2248 1147 magistro
2279 1090 2335 1132 et

751 1169 961 1225 Joanne
990 1168 1156 1238 874
1180 1168 1369 1232 Elada,
1403 1186 1615 1223 necnon
1643 1171 1852 1224 Joanne
1897 1178 2113 1224 rectore
2140 1182 2194 1225 et
2222 1171 2333 1225 Eu-

754 1262 962 1331 thymio
982 1270 1038 1313 et
1064 1260 1316 1313 Basilitze
1334 1269 1389 1314 et
1407 1261 1815 1328 Gabrielopulo,
1845 1260 2073 1316 dimisso
2103 1261 2333 1331 imperio

754 1353 1116 1411 Constantino
1146 1355 1349 1423 nepoti,
1380 1353 1578 1405 Leonis
1603 1353 1952 1421 imperatoris
1980 1354 2111 1407 filio.
2140 1354 2334 1424 Sepul-

757 1456 846 1500 tus
872 1456 950 1499 est
985 1446 1292 1499 Alexander
1320 1446 1371 1497 in
1399 1446 1666 1513 sepulcris
1696 1462 1819 1499 eum
1853 1457 2005 1515 patre
2030 1461 2149 1499 suo.

863 1780 1198 1837 IMPERIUM
1250 1778 1708 1835 CONSTANTINI
1762 1777 2006 1833 LEONIS
2046 1777 2223 1830 FILII.

828 1919 876 1969 l.
915 1918 1084 1969 Porro
1103 1913 1516 1973 Constantinus,
1539 1911 1717 1963 Leone
1738 1918 1890 1978 patre
1908 1906 2181 1960 exstincto
2208 1920 2333 1958 cum
2370 1898 2409 1950 Β

753 2024 893 2079 puer
923 2008 1104 2061 adhuc
1134 2015 1281 2059 esset
1322 2005 1545 2073 (quippe
1577 2003 1667 2071 qui
1711 2000 2005 2070 septimum
2037 1999 2213 2052 relatis
2242 2013 2337 2050 an-

756 2118 888 2157 num
919 2102 1148 2171 ageret),
1182 2100 1250 2153 ab
1278 2098 1587 2152 Alexandro
1627 2106 1823 2165 patruo
1864 2094 1916 2147 in
1952 2093 2184 2162 imperio
2214 2090 2341 2144 reli-

754 2201 878 2246 ctus
905 2192 1007 2244 sub
1051 2190 1326 2243 tutoribus
1357 2196 1497 2241 erat.
1533 2185 1824 2254 Imperavit
1855 2184 2038 2252 itaque
2067 2181 2168 2235 sub
2196 2189 2342 2234 tuto-

756 2284 913 2340 ribus
935 2299 1058 2338 cum
1097 2290 1269 2335 matre
1307 2290 1514 2349 septem
1552 2278 1688 2331 alios
1710 2292 1903 2337 annos,
1934 2290 2059 2329 cum
2094 2274 2341 2327 Romano

759 2392 893 2431 vero
950 2377 1070 2446 ejus
1120 2390 1334 2435 socero,
1388 2372 1464 2426 illi
1511 2371 1815 2437 subjectus,
1854 2369 1990 2421 alios
2029 2366 2219 2435 viginti
2249 2380 2339 2418 sex

756 2484 932 2523 annos
960 2484 974 2532 ;
1031 2468 1181 2520 solus
1212 2464 1451 2532 denique
1487 2462 1778 2531 imperium
1819 2460 1961 2514 rexit
1987 2472 2163 2513 annos
2183 2456 2345 2527 quin-

758 2559 958 2614 decim.
991 2559 1168 2628 Atque
1202 2556 1339 2610 adeo
1367 2554 1583 2624 imperii
1610 2554 1729 2623 ejus
1751 2566 1910 2607 omne
1929 2560 2147 2619 tempus
2171 2563 2345 2602 anno-

759 2669 883 2711 rum
905 2653 1148 2722 quinque
1172 2666 1335 2717 supra
1353 2648 1749 2718 quinquaginta
1774 2645 1952 2716 spatio
1969 2644 2341 2699 concluditur.

760 2745 991 2813 Arrepta
1024 2744 1207 2811 itaque
1248 2741 1506 2795 Nicolaus
1531 2737 1844 2809 patriarcha
1880 2735 2019 2790 aula:
2051 2741 2342 2806 potestate,

760 2847 825 2891 ut
846 2838 941 2906 qui
977 2835 1092 2905 ipse
1117 2842 1266 2887 tutor
1295 2848 1421 2885 cum
1452 2831 1715 2901 magistro
1740 2827 2022 2898 Stephano
2055 2835 2112 2880 et
2136 2827 2345 2881 Joanne

762 2927 952 2989 Elada,
1008 2927 1128 2995 ipso
1190 2924 1395 2993 pariter
1451 2921 1735 2992 magistro,
1794 2930 1933 2984 erat,
1986 2918 2222 2989 publica:
2266 2919 2348 2972 rei

761 3036 951 3076 curam
987 3017 1244 3081 habebat,
1286 3016 1563 3085 rebusque
1598 3013 1665 3069 ad
1714 3013 2007 3083 imperium
2049 3010 2347 3081 spectanti-

762 3113 868 3168 bus
897 3112 1090 3166 sedulo
1124 3109 1373 3180 quotidie
1410 3122 1633 3178 Operam
1665 3106 1925 3160 navabat.

2447 605 2596 668 μεὼν
2646 602 3097 675 παρεσκευάζετο
3126 605 3347 674 κινῆσαι
3386 606 3527 657 κατᾶ
3549 606 3656 656 τῶν
3681 607 4017 673 Χριστιανιῗιν

2442 708 2605 746 οπλα.

2512 804 2577 868 ζ’.
2618 806 2965 878 Ἀλέξανδρος
2990 807 3044 858 δὲ
3064 809 3369 877 ἀριστήσας
3390 810 3482 860 καὶ
3510 810 3751 879 ρομεριίᾳ
3777 809 4016 877 θεηλλτῳ

2441 899 2670 967 πληγεὶς
2696 900 2958 963 ἀνελθὼν,
2988 900 3220 967 αἵματος
3250 898 3448 952 πολλοῦ
3483 901 3546 951 ἐκ
3578 901 3687 951 τῶν
3715 901 3882 970 ῥινῶν
3926 903 4012 951 καὶ

2440 990 2545 1041 τῶν
2571 989 2787 1041 αἰδοίων
2814 990 3190 1059 ἐκφερομένου
3224 990 3364 1058 μετὰ
3418 989 3509 1042 δύο
3552 988 3771 1066 ᾑμέρας
3803 990 4013 1041 ἐτελεύ-

2439 1098 2594 1149 τησε,
2621 1080 2937 1134 καταλιπὼν
2968 1080 3298 1150 ἐπιτρόπους
3344 1081 3614 1133 Νικόλαον
3649 1081 4014 1152 πατριάρκτινι

2442 1172 2713 1239 Στέφανον
2740 1172 3043 1242 μάγιστρον
3069 1174 3163 1226 καὶ
3202 1172 3457 1243 Ἰωάννην
3497 1171 3693 1226 Ἐλαδᾶ
3714 1175 3809 1225 καὶ
3840 1174 4018 1227 Ἰωάν-

2439 1280 2539 1330 νην
2580 1263 2844 1333 ραίκτορα
2887 1265 2985 1317 καὶ
3014 1264 3285 1335 Ιείὑθύμιον
3313 1265 3408 1317 καὶ
3446 1264 3537 1316 τὸν
3573 1263 3895 1331 Βασιλίτζην
3926 1265 4017 1315 καὶ

2438 1352 2529 1405 τὸν
2552 1353 3045 1424 Γαϐριηλόπουλον,
3083 1356 3254 1419 ἐάσας
3280 1355 3379 1426 τὴν
3403 1354 3682 1424 βασιλείαν
3724 1357 4016 1408 Κωνσταν-

2437 1445 2570 1515 τίνῳ
2598 1445 2802 1515 ἀνεψιῷ
2824 1446 3011 1509 αὑτοῦ,
3046 1447 3147 1516 υίῷ
3175 1448 3403 1511 Λέοντος
3431 1448 3526 1501 τοῦ
3560 1448 3844 1517 βασιλέως.
3891 1449 4017 1499 ’Ᾱπο

2441 1535 2625 1587 έοεντο
2651 1536 2706 1589 δὲ
2746 1536 3093 1607 Ἀλέξανδρον
3126 1539 3183 1590 ἐν
3215 1541 3328 1601 τοῖς
3360 1542 3551 1607 τάφοις
3604 1540 3741 1607 μετὰ
3787 1537 3882 1590 τοῦ
3916 1556 4019 1591 ιτα-

2440 1627 2566 1695 τρὺς
2601 1627 2794 1681 αὑτοῦ.

2478 1780 2791 1833 ΒΑΣΙΛΕΙΔ
2840 1782 3388 1835 ΚΩΝΣΤΔΝΤΙΝΟΥ
3439 1784 3606 1835 ΥΙΟΥ
3648 1784 3987 1837 ΛΕΟΝΤΟΣ.

2511 1915 2591 1986 [Ρ.
2789 1916 2857 1971 α’.
2886 1919 3294 1983 Κωνσταντῖνος
3350 1921 3407 1973 δὲ
3456 1919 3553 1973 τοῦ
3613 1921 3818 1990 πατρὸς
3852 1920 4016 1973 αὑτοῦ

2441 2006 2864 2076 τελευτήσαντος
2892 2011 3019 2072 παῖς
3052 2009 3134 2061 ἔτι
3163 2009 3447 2077 τυγχάνων
3472 2008 3719 2079 (ἕϐδομον
3770 2010 3881 2079 γὰρ
3908 2006 4019 2079 εἶχε

2442 2100 2540 2165 τῆς
2568 2099 2785 2167 ἡλικίας
2820 2099 2961 2170 ἔτος)
2998 2103 3089 2153 ὑπ’
3132 2099 3483 2170 Ἀλεξάνδρου
3523 2100 3616 2152 τοῦ
3665 2101 3808 2152 Θειου
3860 2101 4021 2152 αὑτοῦ

2444 2190 2502 2240 ἐν
2527 2192 2592 2259 τῇ
2622 2190 2871 2262 βασιλείᾳ
2898 2193 3315 2256 καταλέλειπτο,
3352 2193 3457 2245 ὑπὸ
3484 2193 3798 2263 ὲπιτρῦπων
3828 2194 4019 2245 τελῶν.

2458 2279 2838 2335 Ἐϐασίλευσεν
2898 2280 2989 2334 οὖν
3015 2283 3107 2334 ἐπὶ
3137 2282 3244 2335 τῶν
3275 2282 3440 2335 αὑτοῦ
3478 2283 3794 2352 ἐπιτρόπων
3825 2287 3923 2336 σὺν
3956 2286 4023 2351 τῇ

2450 2371 2620 2442 μητρὶ
2650 2372 2813 2439 ἕτερα
2861 2372 2954 2443 ἔτη
2986 2374 3144 2437 ἑπτα,
3177 2374 3296 2442 ἅμα
3343 2374 3402 2427 δὲ
3448 2374 3715 2443 Ῥωμανῷ
3777 2375 4027 2443 πενθερῷ

2446 2463 2612 2516 αὑτοῦ
2638 2468 2695 2516 ἐν
2727 2464 2972 2535 ὑποταγῇ
3005 2465 3080 2518 ὢν
3098 2465 3261 2536 ἔτερα
3288 2466 3381 2534 ἔτη
3432 2465 3607 2519 εἴκοσι
3634 2466 3715 2530 ἒξ,
3754 2469 4026 2535 μονοκρὰ-

2446 2574 2558 2627 τωρ
2588 2556 2642 2607 δὲ
2683 2555 2775 2627 ἔτη
2800 2557 3121 2621 δεκαπέντε,
3153 2557 3230 2622 ὡς
3290 2554 3429 2611 εἶναι
3480 2558 3573 2612 τὸν
3605 2559 3783 2611 πάντα
3836 2560 4028 2628 χρόνον

2447 2647 2543 2715 τῆς
2571 2646 2846 2716 βασιλείας
2884 2648 3049 2701 αὑτοῦ
3082 2648 3178 2721 ἐτη
3204 2658 3299 2704 νε’.
3341 2650 3650 2719 Λαϐόμενος
3679 2645 3775 2702 οὖν
3800 2651 3901 2719 τῆς
3932 2651 4026 2703 τοῦ

2449 2740 2714 2793 παλατίου
2746 2741 2993 2805 ἐξουσίας
3016 2742 3043 2794 ὁ
3070 2744 3424 2813 πατριάρχης
3454 2742 3745 2805 Νικόλαος,
3778 2742 3876 2795 au
3906 2745 4000 2795 ἐπί

2448 2849 2647 2901 τροπος
2682 2835 2775 2887 καὶ
2804 2834 2965 2897 αὑτὸς
2994 2833 3071 2887 ὣν
3097 2835 3193 2886 σὺν
3217 2833 3295 2904 τῷ
3327 2836 3615 2905 μαγίστρῳ
3646 2835 3908 2905 Στεφάνῳ
3934 2836 4029 2887 καὶ

2449 2922 2526 2995 τῷ
2568 2925 2759 2995 Ἐλαδᾷ
2805 2925 3051 2999 Ἰωάννῃ,
3114 2928 3211 2979 καὶ
3240 2926 3391 2996 αὑτῷ
3442 2928 3747 2997 μαγίστρῳ,
3798 2930 3899 2991 τὴν
3930 2928 4028 2981 τοῦ

2451 3016 2631 3069 κοινοῦ
2662 3017 2921 3087 πρόνοιαν
2942 3018 3179 3072 ἐποιεῖτο
3212 3018 3308 3071 καὶ
3331 3018 3433 3087 τὴν
3465 3019 3725 3088 φροντίδα.
3748 3018 3897 3089 εἶχεν
3920 3020 4031 3073 τῶν

2451 3110 2516 3176 τῇ
2559 3106 2805 3178 βασιλείᾳ
2833 3109 3142 3179 ἀνηκόντων
3172 3110 3515 3179 πραγμάτων
3541 3110 3839 3180 ὁσημέραι.

834 3228 889 3279 9..
918 3225 1009 3280 Sic
1043 3224 1209 3294 igitur
1241 3221 1455 3292 imperii
1488 3219 1654 3274 rebus
1683 3219 2019 3283 constitutis,
2054 3233 2343 3287 procerum

2522 3219 2587 3289 β’.
2638 3221 2726 3274 Ἐν
2755 3221 2967 3285 τούτοις
2999 3217 3092 3276 οὖν
3121 3224 3219 3293 τῆς
3244 3222 3522 3292 βασιλείας
3552 3223 3719 3292 οὔσης
3769 3224 4032 3293 δηλοῦται

765 3316 990 3387 quidam
1020 3316 1087 3369 ab
1132 3314 1267 3367 urbe
1307 3312 1454 3383 regia
1491 3310 1852 3366 Constantino
1890 3310 2024 3365 Duei
2066 3311 2343 3379 legionum

766 3410 1090 3473 domestico,
1116 3417 1174 3461 ut
1210 3405 1305 3475 qui
1332 3421 1457 3460 eum
1498 3420 1597 3458 ceu
1634 3404 1815 3457 virum
1846 3402 2041 3457 fortem
2068 3413 2125 3457 et
2163 3412 2345 3458 catum

764 3502 1047 3574 probeque
1092 3498 1333 3569 gerendo
1368 3497 1600 3567 imperio
1627 3512 1814 3566 parem
1843 3512 2185 3567 gnavumquc
2216 3495 2345 3551 dili-

766 3603 978 3667 gerent.
998 3594 1161 3664 875
1182 3602 1240 3646 ut
1262 3591 1604 3661 ingrediatur
1620 3591 1971 3655 denuntiant,
1992 3591 2142 3645 nullo
2159 3591 2346 3646 labore

768 3687 924 3741 urbis
953 3701 1177 3754 compos
1223 3684 1441 3737 futurus
1469 3694 1524 3736 et
1559 3683 1612 3736 in
1654 3699 1712 3737 se
1752 3698 1934 3736 rerum
1981 3683 2348 3736 translaturus

767 3794 1058 3835 summam.
1104 3778 1153 3831 Is
1214 3784 1419 3836 autem.
1476 3784 1536 3827 ut
1586 3775 1678 3843 qui
1722 3776 1833 3844 jam
1882 3785 2007 3827 ante
2058 3774 2346 3843 imperium

768 3870 1068 3924 somniarct
1114 3868 1356 3936 sertique
1397 3865 1675 3919 desiderio
1726 3880 1789 3918 ac
1838 3863 2166 3918 diadematis
2205 3879 2349 3917 nun-

768 3977 931 4032 quam
978 3974 1084 4012 non
1134 3966 1413 4019 :estuaret,
1466 3967 1669 4025 quanta
1719 3956 1876 4009 licuit
1935 3956 2243 4019 celeritate,
2294 3956 2349 4010 in

769 4053 962 4106 urbem
1004 4051 1208 4103 involat
1253 4065 1378 4101 cum
1410 4049 1549 4101 lecta
1592 4064 1814 4102 suorum
1857 4064 2045 4107 manu,
2087 4063 2189 4101 nec
2235 4046 2350 4116 ipsa

770 4142 1079 4213 spernenda
1100 4140 1473 4202 multitudine,
1505 4148 1779 4208 noctuque
1806 4155 1902 4209 per
1923 4139 2203 4192 Michaelis
2222 4153 2352 4209 pro-

773 4234 1073 4288 tovestiarii
1103 4232 1246 4285 haud
1287 4233 1475 4300 procul
1511 4232 1579 4283 ab
1606 4246 1731 4285 arce
1779 4231 1978 4283 minori
2004 4230 2353 4301 obscureque

772 4328 914 4383 ostio
950 4326 1247 4393 ingressus,
1292 4323 1344 4376 in
1381 4322 1556 4376 soceri
1590 4322 1675 4375 sui
1718 4321 1970 4391 Gregora:
2017 4322 2227 4376 aedibus
2274 4323 2356 4377 in-

773 4420 980 4475 somnis
1011 4433 1135 4471 cum
1161 4416 1327 4471 sociis
1356 4415 1675 4484 permansit.
1706 4414 1927 4468 Nicetas
1954 4429 2084 4467 vero
2108 4429 2138 4468 a
2170 4428 2354 4469 secre-

775 4512 880 4574 tis,
935 4510 1029 4579 qui
1092 4520 1277 4578 postea
1334 4508 1750 4576 protonotarius
1808 4506 1958 4570 fuit,
2011 4505 2355 4561 Constantini

2449 3314 2845 3381 Κωνσταντινῳ
2873 3313 2953 3383 τῷ
2990 3315 3177 3378 Δουκὶ,
3225 3315 3531 3383 δομεστίκῳ
3587 3316 3896 3385 ὑπάρχοντι
3925 3317 4034 3369 τῶν

2450 3406 2679 3475 σχολῶν,
2707 3406 2857 3477 παρά
2903 3423 3067 3460 τινων
3120 3406 3231 3459 τῶν
3260 3407 3319 3458 ἐν
3352 3410 3418 3475 τῇ
3455 3406 3607 3459 πόλει
3660 3409 4033 3476 μεγιστάνων,

2450 3499 2748 3567 φιλούντων
2778 3498 2945 3552 αὑτὸν
2974 3499 3050 3561 ὡς
3073 3497 3321 3568 ἀνδρεῖον
3350 3499 3446 3551 καί⁵
3468 3500 3690 3568 νουνεχῆ
3722 3501 3821 3552 καὶ
3849 3501 4035 3562 καλεῖς

2449 3589 2743 3659 δυνάμενον
2774 3590 2873 3659 τὴν
2904 3588 3182 3658 βασιλείαν
3216 3589 3602 3659 διακυϐερνᾷν,
3632 3590 3901 3644 εἰσελθεῖν
3941 3594 4035 3642 καὶ

2450 3679 2654 3748 ταύτης
2714 3680 2962 3751 ἐγκρατῆ
3021 3680 3273 3748 γενέσθαι
3323 3680 3574 3747 ἀπονητί.
3622 3679 3680 3733 '0
3727 3682 3782 3733 δὲ
3812 3681 3911 3734 ἆτε
3944 3684 4035 3732 καὶ

2452 3773 2719 3841 πρότερον
2766 3771 2933 3842 αὐτὴν
2983 3773 3343 3841 ὀνειροπολῶν
3397 3773 3492 3825 καὶ
3536 3772 3631 3825 τοῦ
3664 3774 3904 3840 στίφους
3953 3777 4036 3826 ἀεὶ

2453 3864 2763 3932 ἐφιέμενος,
2791 3863 2865 3925 ὡς
2896 3860 3010 3931 εἶχε
3039 3864 3258 3932 τάχους,
3306 3864 3405 3933 τὴν
3457 3864 3858 3933 βασιλεύουσαν
3902 3883 4037 3917 κιτο

2454 3955 2647 4009 ἐλαϐεν
2680 3955 2795 4025 ἅμα
2822 3957 2933 4018 τοῖς
2989 3956 3087 4007 σὺν
3122 3954 3273 4024 αύτῷ
3316 3955 3591 4023 ἐγκρίτοις
3649 3956 3861 4017 ἱκανοῖς
3894 3956 4034 4009 οὖσι.

2454 4050 2563 4101 Καὶ
2586 4048 2777 4110 νυκτὸς
2804 4047 2891 4100 διὰ
2918 4047 3292 4117 παραπυλίδος
3317 4046 3577 4100 είσελοὼν
3617 4046 3712 4099 τοῦ
3749 4048 4038 4116 πρωτοϐε-

2456 4140 2703 4211 στιαρίου
2730 4139 2972 4209 Μιχαὴλ,
2999 4137 3166 4207 οὔσης
3196 4139 3423 4209 πλησίον
3462 4138 3837 4207 ἀκροπόλεως,
3880 4145 3940 4192 ὲν
3965 4142 4040 4207 τῷ

2456 4233 2589 4301 οἴκῳ
2615 4230 2709 4283 τοῦ
2735 4228 2999 4299 πενθεροῦ
3025 4227 3190 4281 αὑτοῦ
3220 4229 3477 4299 Γρηγορᾶ
3519 4230 3724 4291 ἇῦπνος
3754 4232 3904 4299 μετὰ
3935 4234 4043 4283 τῶν

2459 4323 2727 4376 συνόντων
2757 4320 2906 4391 αὑτῷ
2956 4320 3279 4374 διετέλεσεν.
3321 4321 3568 4389 Νικήτας
3604 4321 3662 4374 δέ
3704 4323 4040 4391 ἀσηκρῆτις,

2458 4417 2488 4468 ὀ
2522 4414 2661 4484 μετὰ
2710 4416 2883 4467 ταῦτα
2923 4412 3361 4483 πρωτονοτάριος
3416 4412 3680 4481 γεγονὼς,
3719 4413 3827 4482 τὴν
3883 4417 4041 4469 Κωνο

2463 4506 2742 4559 σταντίνου
2790 4504 2975 4572 ἄφιξιν
3028 4504 3105 4572 τῷ
3152 4504 3428 4574 πατρικίῳ
3487 4505 3897 4575 Κωνσταντίνῳ
3952 4508 4048 4559 καὶ

776 4576 1070 4655 adventum
1092 4576 1463 4651 Constantino
1492 4595 1724 4665 patricio
1751 4604 1808 4649 et
1835 4596 2106 4650 monacho
2130 4596 2349 4652 Eladico

2462 4598 2682 4667 μοναχῷ
2717 4595 2796 4665 τῷ
2859 4594 3122 4664 Ἐλαδικῷ
3173 4594 3587 4664 κατεμήνυσεν·
3614 4595 3710 4647 καὶ
3755 4596 3936 4664 ἄμφω
3981 4602 4045 4665 τῇ

777 4691 1055 4745 nuntiavit
1081 4707 1093 4749 ;
1124 4690 1396 4758 amboque
1424 4688 1616 4741 eadem
1646 4696 1805 4743 nocte
1838 4688 1903 4742 ad
1934 4687 2353 4743 Constantinum

778 4780 980 4834 Ducem
1032 4794 1232 4831 venere
1271 4794 1285 4841 ;
1339 4777 1583 4845 initoque
1627 4778 1856 4831 consilio
1885 4816 1899 4839 ,
1943 4794 2067 4832 cum
2123 4778 2356 4834 necdum

780 4869 1089 4931 diluxisset,
1116 4868 1208 4919 sed
1245 4867 1424 4920 adhuc
1464 4867 1703 4919 tcnebraz
1735 4877 1940 4930 essent,
1981 4883 2105 4921 cum
2147 4867 2361 4923 facibus

782 4939 1129 5027 militumque
1182 4974 1291 5011 non
1336 4958 1441 5011 levi
1493 4967 1701 5011 armata
1750 4974 1912 5011 manu
1953 4957 2095 5012 Circi
2142 4968 2357 5028 portam

784 5050 1071 5113 invadunt,
1095 5050 1395 5118 faustisque
1430 5049 1918 5103 acclamationibus
1938 5048 2356 5104 Constantinum

788 5154 846 5196 ut
876 5143 1259 5211 imperatorem
1300 5144 1560 5195 salutant.
1603 5140 1680 5194 lbi
1717 5142 1834 5210 ejus
1872 5142 2064 5210 equiso
2106 5158 2135 5195 a
2170 5142 2359 5210 praesi-

786 5235 997 5297 diariis,
1038 5235 1211 5303 iisque
1240 5234 1333 5302 qui
1364 5236 1505 5287 intra
1547 5242 1729 5303 portas
1754 5242 1930 5297 erant,
1960 5234 2145 5287 lancea
2186 5243 2359 5286 trans-

789 5326 927 5378 fixus
953 5326 1232 5379 ot-eubuit.

859 5440 909 5491 5.
961 5438 1079 5492 Non
1130 5438 1405 5493 admissus
1458 5438 1641 5505 itaque
1672 5436 2067 5491 Constantinus
2099 5436 2193 5491 scd
2224 5439 2356 5491 sub-

790 5537 991 5588 motus,
1021 5528 1168 5581 velut
1194 5528 1455 5581 ἀιιιιιιυηίε
1479 5527 1759 5595 cujusdam
1790 5526 1967 5579 amatu
1994 5526 2153 5581 furiis
2184 5539 2356 5590 actus,

790 5632 909 5674 nec.
948 5635 1056 5686 Quo
1095 5618 1309 5686 imperii
1336 5633 1521 5671 amore
1548 5617 1828 5686 agebatur.
1880 5617 2025 5671 sanis
2056 5617 2190 5670 satis
2212 5635 2360 5671 meu-

790 5715 857 5766 iis
911 5713 1215 5765 rationibus
1270 5712 1323 5765 in
1356 5712 1574 5766 Circum
1636 5727 1693 5765 se
1738 5711 1912 5764 tristis
1962 5711 2225 5779 vultuque.
2269 5710 2363 5763 de-

793 5806 956 5857 tui~su
988 5804 1241 5856 subducit
1270 5847 1281 5865 ,
1338 5804 1540 5858 malum
1592 5820 1751 5857 omen
1788 5813 2048 5871 reputans
2085 5803 2361 5855 sublatum

2458 4690 2594 4758 αὐτῇ
2622 4686 2782 4740 νυκτὶ
2812 4687 2951 4755 πρὸς
2998 4686 3089 4737 τὸν
3124 4686 3303 4739 Δοῦκα
3352 4686 3765 4739 Κωνσταντῖνον
3801 4691 4046 4757 παρεγέ-

2458 4797 2645 4834 νοντο·
2678 4778 2771 4833 καὶ
2800 4777 2997 4848 βουλὴν
3047 4779 3427 4845 ποιησᾶμενοι,
3471 4776 3625 4831 οὔπω
3671 4782 3770 4847 τῆς
3826 4781 4050 4849 ἡμέρας

2459 4870 2895 4939 καταλαϐούσης,
2919 4869 3029 4923 ἀλλ’
3066 4868 3147 4922 ἔτι
3189 4869 3409 4930 σκοτίας
3437 4867 3792 4937 οὓσης.ξμετὰ
3822 4869 4049 4939 λαμπά-

2462 4960 2565 5013 ὃων
2595 4966 2688 5014 καὶ
2713 4961 2805 5012 τοῦ
2830 4960 2959 5013 λαοῦ
2981 4959 3177 5012 πολλοῦ
3204 4960 3295 5012 καὶ
3320 4960 3499 5013 ὃπλων
3530 4960 3629 5027 τὴν
3650 4959 3743 5011 τοῦ
3773 4962 4051 5029 ἱπποδρόε

2470 5072 2571 5124 μου
2617 5054 2794 5122 πύλην
2847 5053 3353 5122 καταλαμϐάνουσι,
3408 5054 3824 5105 Κωνσταντῖνον
3879 5056 4052 5123 εὐφη-

2470 5144 2696 5213 μοῦντες
2728 5144 2804 5207 ὡς
2851 5145 3094 5214 βασιλέα.
3152 5144 3321 5198 Ἔνθα
3359 5144 3424 5211 δὴ
3457 5147 3485 5196 ὀ
3510 5144 3699 5196 τούτου
3731 5146 4052 5213 ίπποκόμκ

2465 5238 2781 5305 λογχευοεὶς
2823 5237 2973 5305 παρὰ
2992 5237 3099 5287 τῶν
3130 5236 3282 5297 ἐντὸς
3311 5236 3418 5288 τῶν
3451 5235 3544 5288 τοῦ
3573 5235 3923 5304 ἱπποδρόμου
3953 5255 4055 5290 πυ-

2467 5327 2573 5381 λῶν
2599 5327 2860 5399 ἀνῃρέθη.

2536 5440 2605 5507 γ’.
2628 5442 2717 5509 Μὴ
2732 5441 2938 5509 δεχθεὶς
2958 5436 3049 5493 οὖν
3068 5442 3490 5502 Κωνσταντῖνος,
3511 5441 3623 5491 ἀλλ’
3652 5442 4049 5513 ἀποσοϐηϐεὶς,

2468 5531 2655 5601 ὥσπερ
2686 5532 2789 5582 ὑπό
2841 5548 2987 5593 τινος
3036 5529 3502 5599 ἐκϐακχευὸμενος
3532 5530 3783 5597 δαίμονος
3842 5537 3939 5584 καὶ
3981 5538 4051 5601 μὴ

2468 5621 2810 5689 ἐφεστηκότα
2846 5620 2983 5689 ἔχων
3042 5620 3131 5671 τὶν
3182 5618 3441 5687 λογισμὸν
3491 5618 3567 5688 τῷ
3616 5620 3713 5686 τῆς
3764 5620 4053 5689 Satrici};

2471 5713 2650 5783 ἔρωτι,
2688 5716 2743 5764 ἐν
2774 5714 2848 5782 τῷ
2883 5714 3205 5781 ίπποδρῦμῳ
3227 5713 3581 5780 ὑπεχώρησεν
3615 5717 3853 5780 στυγνῦς
3883 5734 3941 5768 τε
3968 5726 4051 5767 zz",

2474 5804 2722 5859 κατττῆε

2538 5847 2744 5875 "urna.

2802 5806 2968 5858 κακὸν
3003 5804 3191 5857 οἰωνὸν
3236 5804 3331 5873 τὴν
3364 5804 3454 5856 τοῦ
3491 5807 3805 5873 ἱπποκόμου
3866 5814 3957 5860 κεί
4000 5828 4053 5870 ας
