4158 6438
123 450 221 510 937

1218 449 1414 509 VITIE
1446 441 1997 507 RECENTIORUM
2033 449 2237 512 lMPP.

3265 456 3371 516 933

125 560 366 628 σξαγήν.
416 559 656 612 Ἐκεῖθεν
721 558 812 612 οὖν
877 557 1295 626 εὐφημούμενος
1353 554 1484 627 ἦλθε
1543 557 1703 627 μέχρι

1808 572 1942 615 nece
1973 562 2313 631 equisonem.
2344 563 2496 619 Illinc
2533 565 2717 633 itaque
2748 565 2942 621 faustis
2972 565 3385 621 acclamationi-

118 652 215 718 τῆς
235 650 542 718 λεγομένης
560 648 799 717 Χαλκῆς,
818 649 911 699 καὶ
936 647 980 678 ³⁰
1000 648 1086 699 διὰ
1112 648 1211 716 τῆς
1239 648 1471 716 Σιδηρᾶς
1494 649 1702 717 πόρτης

116 742 215 808 τῆς
234 743 405 805 αὐτῆς
432 741 650 809 Χαλκῆς
670 738 1032 809 είσεληλυθὼς
1057 740 1219 809 μέχρι
1244 739 1353 791 τῶν
1376 740 1702 803 ὲξκουδίτων

117 833 471 899 παρεγένετο.
519 832 576 879 ’0
610 829 703 882 οὖν
740 832 1043 899 μαγιστρος
1098 832 1352 901 Ἰωάννης
1382 834 1410 883 6
1475 833 1703 895 Ἐλαδᾶς

117 926 353 994 ἐκλογὴν
388 924 474 996 [Ρ.
501 923 629 994 566]
663 924 773 974 τῶν
801 942 858 974 τε
882 925 980 992 τῆς
1010 924 1283 992 ἑταιρείας
1316 926 1409 975 καὶ
1436 924 1545 976 τῶν
1578 925 1703 975 ἐλα-

115 1017 225 1068 τῶν
254 1017 624 1084 ποιησάμενος
649 1017 766 1085 μεθ’
792 1017 973 1067 ὃπλων
996 1015 1222 1078 τούτους
1253 1015 1538 1067 ἀπέστειλε
1562 1015 1704 1067 κατὰ

115 1108 209 1158 τοῦ
256 1107 484 1168 Δουκός.
540 1106 837 1158 Ἐλθόντων
892 1102 983 1158 οὖν
1036 1107 1196 1175 μέχρι
1227 1107 1326 1175 τῆς
1358 1106 1573 1174 Χαλκῆς
1610 1109 1705 1157 καὶ

118 1200 364 1267 πολέμου
384 1216 445 1250 τ.)
457 1200 677 1260 στάντος
706 1197 893 1251 πολλοὶ
920 1198 977 1261 ἐξ
1002 1198 1332 1266 ἀμφοτέρων
1371 1198 1565 1248 ἔπεσον
1594 1196 1703 1248 τῶν

119 1292 334 1362 μερῶν,
371 1294 463 1343 καὶ
491 1291 744 1343 τοσοῦτον
773 1290 916 1344 ὥστε
951 1290 1041 1340 τὸν
1073 1290 1236 1342 τόπον
1267 1288 1703 1362 ὲκλιμνασθῆναι

112 1361 200 1451 τῷ
225 1384 425 1451 αἵματι
458 1383 771 1451 ποταμηδὸν
806 1380 1188 1451 καταρῤέοντι.
1230 1380 1494 1450 Ἀνῃρέθη
1514 1361 1579 1431 ’δὲ
1610 1380 1705 1432 καὶ

112 1475 408 1543 Γρηγορᾶς
442 1476 467 1525 ὁ
503 1475 616 1536 υίὸς
647 1473 741 1525 τοῦ
793 1474 993 1533 Δουκδς
1019 1473 1111 1524 καὶ
1143 1472 1366 1540 Μιχαὴλ
1415 1471 1703 1538 ἐξάδελφος

115 1567 285 1620 αὐτοῦ
319 1570 413 1619 καὶ
440 1565 748 1637 Κουρτίκης
778 1566 983 1627 ἐκεῖνος
1012 1568 1040 1618 6
1064 1568 1119 1630 ἐξ
1154 1567 1473 1634 Ἀρμενίων.

189 1663 253 1713 δ’.
284 1660 471 1713 Ταῦτα
495 1662 522 1711 6
546 1658 682 1722 Δοὺξ
702 1660 1107 1720 Κωνσταντῖνος
1135 1658 1341 1725 μαθὼν,
1364 1658 1608 1727 ταραχῆς
1627 1659 1706 1710 ὅτι

113 1752 386 1819 πλείστης
408 1747 725 1821 γενομένης,
745 1753 837 1802 τὸν
867 1750 1034 1802 ἵππον
1064 1750 1377 1819 ἐξήλαυνεν.
1418 1750 1478 1802 '0
1494 1751 1551 1802 δὲ
1586 1748 1709 1812 ταῖς

112 1848 300 1897 ἐκεῖσε
327 1844 777 1914 ύπεστρωμέναις
796 1843 1149 1921 ξνολισθὴσας
1181 1843 1377 1905 πλαξὶν
1394 1844 1473 1905 εἰς
1497 1842 1603 1911 γῆν
1618 1843 1707 1894 τὸν

114 1940 395 2008 ἐπιϐάτην
422 1938 739 1991 κατέὸαλεν.
775 1937 928 1989 Ἐπεὶ
945 1938 1001 1990 δέ
1038 1953 1121 1999 τις
1139 1937 1299 1990 αὑτὸν
1319 1937 1459 1990 κατά
1485 1938 1588 2006 γῆς
1617 1938 1706 2007 te-

116 2032 397 2101 ριμμένον
429 2029 731 2082 κατέλαϐεν
798 2030 866 2095 (οἱ
902 2029 1009 2098 γὰρ
1043 2028 1191 2082 ἄλλοι
1244 2029 1706 2099 διεσκεδάσθησαν

113 2124 407 2195 ἅπαντες),
437 2122 584 2192 ξίφει
611 2124 710 2193 τὴν
738 2122 930 2175 τούτου
956 2121 1201 2193 ἀπέτεμε
1226 2123 1487 2193 κεφαλήν.

187 2314 253 2361 ε’.
305 2308 524 2359 Τούτων
586 2306 757 2369 οὕτως
808 2305 1167 2359 τελεσθέντων
1213 2305 1497 2375 Γρηγορᾶς
1540 2305 1702 2372 psi-5..-

115 2406 285 2468 στρος
323 2403 352 2452 6
382 2400 573 2451 τούτου
622 2397 880 2469 πενθερὸς
904 2440 918 2462 ,
980 2399 1124 2468 μετὰ
1156 2398 1382 2458 Λέοντος
1410 2397 1467 2448 ὃν
1508 2397 1705 2464 Χοιρο-

120 2492 387 2559 σξάκτην
412 2490 693 2559 ὠνόμαζον
714 2492 779 2555 ²¹,
820 2495 883 2560 τῇ
912 2491 1042 2559 ἁγίᾳ
1074 2489 1166 2541 τοῦ
1197 2488 1331 2541 Θεοῦ
1359 2488 1588 2557 Μεγάλῃ
1618 2489 1703 2539 ἐκ·

125 2584 337 2651 κλησία
373 2582 740 2651 προσέφυγον,
776 2580 871 2643 οὒς
906 2582 1001 2634 καὶ
1053 2580 1141 2652 βίᾳ
1188 2579 1398 2632 ἐκεῖθεν
1453 2580 1704 2633 ἀποσπά-

116 2688 320 2732 σαντες
350 2671 650 2737 ἀπέκειραν
682 2671 947 2739 μοναχοὺς
974 2671 1030 2721 ἐν
1047 2672 1111 2740 τῇ
1136 2669 1244 2721 τῶν
1270 2670 1517 2721 Στονδίου
1546 2672 1703 2739 μονῇ.

116 2765 544 2816 Κωνσταντϊνον
571 2763 625 2815 δὲ
645 2763 734 2815 τὸν
774 2763 1049 2815 Ἐλαδικδν
1075 2762 1388 2832 βουνεύροις
1410 2760 1700 2828 τύψαντες,

116 2856 265 2924 ῥάκη
328 2870 383 2906 τε
422 2853 807 2923 περιϐαλόντες
839 2856 933 2906 καὶ
987 2854 1094 2922 δνῳ
1128 2852 1574 2915 ὲπικαθίπαντες,
1617 2852 1705 2905 διὰ

116 2949 297 3018 μέσης
349 2948 449 3017 τῆς
501 2946 710 3009 πόλεως
765 2945 1192 3018 ὲθριάμὸευσαν,
1240 2945 1334 2998 καὶ
1392 2947 1450 2999 ὲν
1490 2949 1557 3017 τῇ
1610 2946 1704 2998 τοῦ

109 3040 413 3109 Δαλμάτου
466 3038 842 3107 ἀπαγαγόντες
877 3039 1010 3107 μονῇ
1043 3036 1501 3104 ἐγκατάκλειστον
1526 3040 1591 3108 τῇ
1622 3038 1707 3089 λε-

110 3130 335 3201 γεμένῃ
369 3129 647 3198 Καταδίκη
678 3128 1034 3197 πεποιήκασι.
1085 3128 1291 3179 Λέοντα
1313 3126 1369 3179 δὲ
1393 3128 1484 3180 τὸν
1519 3130 1705 3181 Κατα-

110 3220 392 3287 καλίτξην
422 3218 517 3269 καὶ
549 3218 858 3270 Ἀϐεσαλὼν
888 3218 979 3270 τὸν
1008 3217 1101 3269 τοῦ
1142 3219 1397 3289 Ἀρωτρᾶ
1430 3220 1706 3288 ἐκτυφλώ-

112 3331 320 3375 σα-ιτες
350 3311 536 3382 ἐξορία
570 3311 963 3381 παρέπεμψαν.
998 3312 1410 3366 Κωνσταντῖνον
1441 3313 1498 3366 δὲ
1532 3313 1626 3366 τοῦ
1660 3314 1704 3344 ³⁸

113 3406 455 3475 Εύλαμπίου
509 3406 625 3456 υίὸν
673 3405 769 3455 καὶ
802 3404 1023 3474 ἐτέρους
1053 3405 1150 3456 σὺν
1202 3404 1351 3473 αὐτῷ
1391 3405 1647 3473 Θεόφιλος
1679 3408 1707 3458 6

112 3500 378 3569 ὕπαρχος
427 3500 454 3549 6
493 3495 587 3549 τοῦ
618 3496 913 3566 Λαμπύδου
949 3497 1007 3548 ἐν
1060 3498 1126 3566 τῇ
1152 3496 1243 3548 τοῦ
1281 3496 1508 3549 ἱππικοῦ
1543 3514 1705 3565 σφεν-

106 3594 247 3664 δὸνῃ
279 3593 426 3659 ξίφει
466 3592 761 3660 ἀπέτεμεν,
798 3592 873 3643 Οὐ
910 3590 1120 3660 μικρῶς
1143 3590 1197 3642 δὲ
1219 3589 1702 3660 διερευνησάμενοι

107 3687 249 3755 περὶ
272 3683 491 3753 Νικήτα
521 3683 836 3752 ἀσηκρήτου
866 3684 962 3735 καὶ
987 3683 1400 3735 Κωνσταντίνου
1428 3680 1706 3749 τοῦιΛιϐὸς

105 3780 213 3845 οὐχ
277 3770 440 3844 εὗρον
489 3777 685 3837 αὐτοὺς
740 3774 817 3836 ὡς
876 3773 1261 3844 χρησαμένους
1298 3776 1465 3843 φυγῇ.
1514 3772 1618 3826 Τὸν
1648 3773 1704 3824 δὲ

104 3868 353 3936 Αἰγίδην
381 3868 587 3918 ἐκεῖνον
609 3866 705 3918 καὶ
725 3867 850 3928 τοὺς
876 3866 973 3917 σὺν
1004 3864 1175 3933 αὐτῷ.
1210 3858 1488 3934 ἀνδρείους
1545 3864 1705 3927 ὄντας

105 3962 212 4013 καὶ
252 3958 508 4020 πολλοὺς,
544 3958 650 4010 ἀπό
698 3974 756 4009 τε
810 3959 909 4027 τῆς
943 3957 1000 4008 ὲν
1038 3956 1379 4026 Χρυσοπόλει
1422 3956 1704 4025 δαμάλεως

104 4055 211 4106 καὶ
280 4052 445 4120 μέχρι
482 4050 576 4103 τοῦ
631 4050 916 4104 Λευκάτου
970 4049 1215 4119 διδύμοις
1278 4050 1455 4115 ξύλοις
1499 4049 1703 4109 πάντας

104 4144 567 4198 ἑνεσκολόπισαν.
608 4144 715 4195 Καὶ
770 4142 999 4204 πολλοὺς
1053 4141 1120 4194 ἂν
1170 4142 1278 4195 τῶν
1305 4143 1362 4194 ὲν
1410 4141 1550 4193 τέλει
1584 4141 1703 4191 τότε

102 4236 369 4305 ἀνηλεῶς
402 4235 495 4288 καὶ
524 4235 782 4296 ἀναιτίως
812 4236 861 4286 ot
893 4235 1177 4303 λεγόμενοι
1238 4226 1383 4285 οὗτοι
1418 4234 1703 4302 ἐπίτροποι

104 4331 481 4392 ἀπέκτειναν,
522 4330 569 4380 εἰ
620 4328 693 4398 μή
744 4343 885 4389 τινες
928 4326 1037 4378 τῶν
1057 4325 1327 4378 δικαστῶν
1357 4326 1582 4388 τούτους
1604 4326 1703 4393 τῆς

108 4425 313 4477 ἔδίκου
340 4422 519 4490 ὁρμῆς
548 4420 919 4490 ἀνεχαίτισαν,
948 4419 1192 4481 εἰπόντες
1221 4419 1425 4482 αὐτοῖς,
1464 4418 1538 4479 ὡς
1566 4420 1704 4470 llat-

104 4518 221 4581 δὸς
260 4514 445 4578 ὄντος
482 4511 590 4565 τοῦ
625 4512 958 4577 βασιλέως,
991 4511 1117 4577 πῶς
1145 4512 1292 4565 ἄνευ
1347 4509 1457 4578 τῆς
1495 4510 1705 4563 κελεύ-

1806 651 1910 707 bus
1936 658 2418 726 prosequentibus,
2451 660 2518 713 ad
2542 658 2797 715 Chalcem
2827 677 2999 730 usque
3032 664 3133 730 (sic
3160 661 3385 724 dictam)

1805 747 1977 809 venit,
2018 763 2082 801 ac
2113 764 2211 817 per
2238 749 2467 806 Chalces
2497 753 2749 824 ejusdem
2795 754 3028 807 ferream
3058 766 3269 823 portam
3302 755 3380 806 in-

1806 853 2027 905 gressus
2052 841 2116 893 ad
2145 842 2528 897 excubitorum
2583 861 2757 915 usque
2804 846 3092 899 stationem
3122 848 3382 913 pervasit.

1805 930 2065 997 Magister
2094 934 2277 1001 itaque
2297 935 2537 988 Joannes
2558 937 2778 1000 Eladas,
2823 952 2888 990 ex
2918 936 3197 990 fmderatis
3220 936 3385 1007 876

1806 1022 2219 1091 classiariisque
2267 1026 2485 1080 delectu
2526 1028 2733 1091 habito,
2766 1032 2933 1082 armis
2965 1029 3265 1082 instructos
3287 1030 3387 1081 ad-

1805 1129 2000 1168 versus
2036 1115 2230 1169 ducem
2273 1119 2476 1173 emisit.
2526 1119 2774 1184 Cumque
2810 1119 2877 1173 ad
2912 1118 3170 1172 Chalcem
3215 1135 3354 1187 usqu

1806 1204 2110 1268 venissent,
2142 1218 2508 1277 consertoque
2538 1210 2752 1278 praelio,
2798 1210 2957 1263 multi
3009 1210 3269 1278 utrinque
3296 1225 3356 1260 re

1809 1296 2024 1355 cidere:
2065 1306 2327 1367 tantaque
2355 1301 2479 1355 data
2515 1311 2853 1370 acceptaque
2874 1308 3088 1367 strages
3116 1310 3218 1361 est,
3256 1311 3389 1355 utet

1808 1391 2089 1459 sanguinis
2131 1393 2235 1446 rivi
2281 1392 2524 1449 ﬂuminis
2550 1396 2949 1464 instagnarent.
2995 1394 3224 1448 Occisus
3262 1409 3389 1449 vero

1808 1492 1891 1536 est
1932 1484 2203 1553 Gregoras
2236 1486 2405 1540 Ducis
2437 1486 2582 1540 [ilius
2606 1498 2663 1541 et
2692 1488 2920 1542 Michael
2949 1487 3071 1557 ejus
3100 1486 3390 1540 consobri-

1811 1591 1933 1638 nus,
1974 1591 2076 1629 nec
2111 1593 2220 1630 non
2255 1578 2510 1632 Curticcs
2538 1569 2855 1632 Armenius.

1878 1666 1929 1717 4.
1962 1666 2083 1731 Quo
2102 1669 2323 1736 cognito
2341 1668 2739 1723 Constantinus
2767 1668 2905 1729 Dux,
2925 1683 2989 1720 ac
3006 1682 3129 1721 cum
3152 1665 3388 1721 maxima

1811 1762 1927 1807 orta
1971 1768 2121 1810 esset
2168 1757 2430 1820 turbatio,
2487 1774 2690 1827 equum
2728 1758 2966 1827 impulit.
3010 1757 3181 1811 Porro
3213 1772 3390 1825 equus

1812 1845 1866 1898 in
1899 1847 2197 1910 asseribus,
2258 1847 2463 1916 quibus
2512 1850 2667 1903 locus
2695 1857 3009 1903 constratus
3049 1857 3188 1912 erat,
3226 1849 3393 1902 colla-

1810 1955 1942 2011 psus
1974 1957 2242 1996 sessorem
2274 1942 2538 1997 excussit.
2569 1941 2742 2009 Quem
2775 1944 2892 1998 solo
2931 1943 3147 1997 allisum
3177 1953 3233 1997 et
3262 1957 3391 2011 pro-

1800 2035 2007 2103 jectum
2044 2036 2317 2104 quispiam
2368 2034 2657 2089 otl'endens
2714 2036 2829 2105 (alii
2874 2035 3021 2089 enim
3070 2050 3262 2088 omnes
3304 2035 3414 2089 di-'

1806 2124 1981 2194 spersi
2032 2139 2095 2178 ae
2138 2126 2389 2193 palantes
2421 2122 2620 2196 erant)
2667 2125 2788 2195 ejus
2847 2133 3013 2193 caput
3055 2124 3237 2194 gladio
3292 2125 3387 2178 ab-

1808 2218 1992 2273 scidit.

1879 2309 1930 2364 5.
1957 2309 2052 2364 His
2082 2310 2155 2363 ita
2190 2310 2430 2380 peractis
2453 2309 2723 2379 Gregoras
2745 2308 3181 2379 magistchucis
3207 2322 3386 2371 socer,

1806 2416 1931 2454 cum
1963 2401 2145 2453 Leone
2178 2401 2266 2454 cui
2305 2399 2766 2470 Chmrosphactes
2795 2414 3015 2463 nomen,
3055 2399 3109 2451 in
3143 2406 3389 2452 sanctam

1807 2490 1903 2544 Dei
1943 2490 2188 2559 Magnam
2224 2490 2512 2544 ecclesiam
2552 2488 2892 2559 confugere;
2927 2505 3067 2558 quos
3100 2496 3157 2543 et
3179 2488 3231 2541 vi
3262 2488 3391 2542 abs-

1807 2590 2011 2637 tractos
2062 2582 2317 2637 monachi
2357 2582 2470 2636 ritu
2498 2582 2554 2636 in
2584 2581 2765 2636 Studii
2819 2582 3158 2635 monasterio
3192 2580 3391 2633 deton-

1806 2677 2043 2731 derunt:
2079 2677 2506 2732 Constantinam
2539 2691 2672 2730 vero
2701 2676 2987 2730 Eladicum
3008 2675 3197 2729 nervis
3212 2674 3394 2727 bubu-

1807 2768 1874 2823 lis
1903 2783 2127 2832 ctcsum,
2168 2768 2481 2837 vilibusque
2517 2784 2581 2822 ac
2619 2767 2819 2822 laceris
2856 2767 3103 2820 vestibus
3136 2765 3391 2819 indutum

1808 2860 2074 2928 asinoque
2108 2860 2427 2929 impositum
2458 2873 2557 2928 per
2598 2858 2837 2912 mediam
2868 2857 3063 2911 urbem
3093 2856 3391 2911 traducen-

1810 2961 1911 3015 tes,
1948 2955 2001 3006 in
2044 2952 2303 3006 Dalmatte
2348 2952 2707 3014 monasterio,
2756 2950 2955 3005 inclusi
2992 2950 3128 3014 ritu,
3175 2945 3392 3002 carceri

1810 3060 1965 3099 reum
1990 3044 2338 3097 addixerunt.
2375 3044 2615 3097 Leonem
2638 3058 2770 3097 vero
2784 3041 3173 3096 Catacalitzem
3194 3048 3250 3094 et
3280 3039 3394 3095 Ab-

1810 3129 2300 3240 saloner‘Arotra:
2336 3135 2510 3189 tilium
2535 3135 2840 3189 luminibus
2865 3134 3111 3203 privatos
3153 3133 3211 3186 in
3249 3132 3395 3189 exsio

1740 3257 1781 3313 ε
1813 3230 1948 3284 lium
1976 3224 2268 3283 miserunt.
2294 3226 2718 3282 Constantinum
2737 3225 3011 3296 Eulampii
3034 3224 3206 3280 ﬁlium
3233 3225 3397 3281 alios-

1817 3337 1920 3392 que
1951 3336 2074 3375 cum
2114 3321 2207 3375 illo
2236 3319 2579 3389 Theophilus
2603 3317 2895 3389 praefectus
2923 3319 2989 3373 ad
3018 3318 3163 3373 Circi
3188 3324 3396 3373 metam

1813 3412 1993 3481 gladio
2022 3411 2320 3466 truncavit.
2379 3409 2537 3465 Haud
2568 3411 2767 3481 exigua
2796 3409 2962 3480 877
2992 3409 3397 3479 perquisitione

1813 3508 1953 3559 facta
1978 3506 2045 3560 de
2083 3506 2273 3559 Niceta
2300 3520 2330 3558 a
2358 3504 2587 3560 secretis
2630 3512 2687 3559 et
2718 3503 2785 3558 de
2826 3502 3190 3557 Constantino
3234 3501 3394 3568 Libe,

1813 3599 1961 3653 haud
1989 3599 2195 3655 inventi
2229 3606 2377 3661 sunt,
2406 3606 2466 3650 ut
2491 3597 2585 3667 qui
2612 3596 2737 3666 fuga
2764 3596 2929 3651 saluti
2954 3596 3393 3650 consuluissent.

1813 3690 2058 3760 /Egidam
2109 3703 2241 3741 vero
2276 3688 2457 3741 virum
2509 3686 2871 3756 spectabilem
2924 3687 3240 3756 sociosque,
3297 3682 3395 3753 qui

1813 3784 2001 3851 plures
2042 3796 2104 3834 ac
2159 3779 2261 3832 viri
2309 3778 2481 3831 fortes
2519 3785 2748 3841 essent,
2798 3791 2828 3829 a
2864 3775 3111 3836 Damali,
3160 3788 3283 3841 qua:
3310 3778 3396 3826 est

1810 3870 2157 3942 ChrySOpoli,
2192 3869 2259 3923 ad
2300 3869 2599 3922 Leueatum
2637 3880 2811 3935 usque
2847 3864 3019 3919 furcis
3041 3878 3234 3917 omnes
3266 3876 3393 3916 sus-

1812 3965 2141 4035 penderunt.
2180 3963 2589 4030 Procerumque
2631 3961 2819 4029 plures
2856 3974 2920 4013 ac
2947 3955 3211 4011 senatorii
3238 3954 3392 4008 ordi-

1812 4058 1898 4111 nis
1930 4056 2079 4109 viros
2116 4063 2246 4108 tunc
2300 4053 2565 4122 temporis
2610 4060 2822 4105 tutores
2863 4051 2953 4105 isti
2991 4049 3291 4104 crudeliter
3330 4063 3394 4102 ac

1813 4150 2031 4202 innoxie
2066 4148 2402 4217 perempturi
2431 4155 2608 4209 erant,
2658 4146 2764 4199 nisi
2787 4145 3036 4215 judicum
3068 4142 3291 4212 quidam
3322 4141 3392 4195 ab

1812 4239 2011 4311 injusta
2044 4253 2139 4292 eos
2170 4238 2508 4307 grassatione
2537 4251 2600 4289 ac
2628 4236 2835 4305 impetu
2868 4234 3264 4298 retraxissent,
3297 4232 3395 4303 qui

1812 4332 2099 4386 dicerent:
2156 4327 2293 4392 Quid
2333 4344 2454 4381 vero
2507 4344 2616 4393 vos,
2655 4329 2977 4397 imperatore
3006 4326 3179 4379 adhuc
3203 4341 3390 4395 puero,

1811 4426 2028 4495 ejusque
2058 4424 2283 4493 injussu.
2317 4420 2633 4491 ejuscemodi
2665 4428 2882 4490 patrare
2904 4418 3107 4471 audetis
3138 4419 3161 4470 ?
3204 4418 3394 4486 Itaque

1811 4517 1978 4571 Ducis
2033 4530 2256 4569 uxorem
2320 4513 2684 4567 detondentes
2735 4512 2801 4565 ad
2855 4525 2986 4565 suas
3016 4510 3161 4564 :edes
3199 4509 3253 4562 in
3292 4509 3395 4563 Pa-

102 4624 275 4671 σεως
302 4602 771 4671 αὑτοῦητολμᾶτε
792 4603 1035 4656 τοιαῦτα
1065 4602 1531 4670 διαπράττεσθαι
1556 4619 1573 4665 ;
1596 4602 1703 4671 Τὴν

1811 4606 2099 4676 phlagonia
2128 4605 2471 4674 ablegarunt,
2497 4602 2653 4672 cujus
2675 4609 2732 4657 et
2755 4602 2867 4656 lilio
2898 4600 3179 4670 Stephano
3206 4597 3392 4653 virilia

100 4699 203 4750 τοῦ
243 4697 454 4758 Δουκὸς
480 4691 572 4747 οὖν
598 4698 829 4763 γυναῖκα
861 4696 1247 4763 ἀποκείροντες
1282 4696 1358 4755 είς
1380 4697 1469 4744 τὸν
1506 4696 1562 4744 ἐν
1599 4695 1702 4744 ﬂx—

103 4790 395 4859 φλαγονίᾳ
433 4785 579 4841 οἷκον
612 4789 810 4857 ἑαυτῆς
846 4787 1255 4853 ἐξαπέστειλαν,
1295 4785 1702 4851 εύνουχίσχντςς

103 4887 207 4939 καὶ
234 4884 333 4936 τὸν
364 4882 476 4935 υἱὸν
510 4883 677 4949 αὐτῆς
706 4881 999 4949 Στέφανον.

194 4992 239 5038 ς
280 4971 353 5036 ζ’.
414 4972 709 5041 Αὐγούστῳ
746 4971 799 5024 δὲ
838 4971 969 5041 μηνὶ
998 4967 1223 5038 Συμεὼν
1265 4969 1294 5020 6
1324 4966 1630 5036 Βούλγαρος
1659 4967 1705 4998 ³³

101 5071 331 5139 ἄρχων,
379 5063 789 5134 ἐκστρατεύσας
864 5061 1001 5115 κατὰ
1062 5059 1355 5131 Ῥωμαίων
1411 5061 1506 5112 σὺν
1565 5059 1706 5128 ὄχλῳ

102 5157 305 5227 πολ)ίῇ
338 5156 433 5209 καὶ
467 5155 640 5226 βαρεῖ,
674 5154 976 5208 κατέλαϐεν
1036 5153 1138 5222 τὴν
1183 5152 1706 5205 Κωνσταντινούπο-

100 5260 221 5320 λιν,
255 5255 355 5307 καὶ
387 5251 451 5322 δὴ
492 5251 852 5320 περικαθίσας
884 5250 1052 5318 αὐτὴν
1106 5248 1322 5317 χάρακα
1384 5246 1705 5317 περιὲδαλεν

100 5350 222 5405 ἀπὸ
280 5344 608 5414 Βλαχερνῶν
637 5343 928 5412 καὶμέχρι
977 5343 1073 5409 τῆς
1129 5339 1430 5409 λεγομένης
1480 5340 1702 5409 Χρυσῆς

101 5444 361 5511 πόρτης,
391 5438 568 5490 ἐλπίσι
599 5436 873 5506 μετέωρος
902 5433 979 5487 ὣν
999 5434 1232 5503 ἀπονητὶ
1257 5432 1462 5503 ταύτην
1488 5433 1703 5495 πάντως

101 5536 283 5587 ἑλεῖν,
333 5528 489 5582 Ἐπεὶ
522 5528 574 5580 δὲ
600 5529 699 5597 τήν
732 5544 788 5578 τε
822 5526 929 5577 τῶν
966 5527 1160 5596 τοίχων
1192 5525 1275 5597 [Ρ.
1313 5524 1436 5595 567]
1464 5525 1705 5592 κατέμα-

102 5627 203 5679 θεν
239 5620 553 5690 ὀχυρότητα
580 5621 676 5688 τήν
732 5636 790 5669 τε
837 5620 899 5669 ἐκ
932 5617 1023 5669 τοῦ
1057 5616 1295 5685 πλήθους
1323 5617 1416 5669 καὶ
1459 5616 1567 5667 τῶν
1602 5632 1701 5668 na-

102 5716 405 5784 τριϐόλων
459 5713 781 5779 ἀσφάλειαν,
819 5710 927 5762 τῶν
985 5709 1215 5762 ἐλπίδων
1265 5708 1491 5777 σφαλεὶς
1542 5710 1599 5760 ἐν
1628 5708 1706 5777 τῷ

1812 4700 2146 4752 ademerunt.

1884 4966 2002 5017 6-7.
2044 4964 2226 5017 Mense
2253 4964 2498 5031 Augusto
2540 4960 2776 5031 Symcon
2806 4959 3074 5029 Bulgaria:
3109 4959 3387 5028 princeps,

1816 5057 2169 5127 expeditione
2193 5054 2461 5108 adversus
2498 5055 2773 5107 Romanos
2805 5067 2929 5106 cum
2954 5066 3252 5106 numeroso
3283 5050 3393 5103 for-

1817 5152 1966 5220 tique
2001 5150 2247 5204 cxercitu
2284 5158 2533 5216 suscepta
2564 5190 2574 5209 ,
2627 5146 2943 5217 Byzantium
2977 5145 3153 5213 petit;
3195 5142 3392 5195 obses-

1815 5260 1981 5311 saque
2017 5242 2173 5300 urbe,
2214 5241 2489 5308 ductoque
2520 5255 2548 5291 a
2578 5237 2894 5291 Biachcrnis
2929 5237 2994 5289 ad
3047 5244 3258 5304 portam
3301 5250 3390 5286 us-

1813 5352 1941 5404 que,
1985 5335 2071 5387 cui
2118 5333 2311 5387 Aurere
2356 5348 2581 5393 nomen,
2621 5332 2784 5392 vallo,
2831 5331 2951 5399 ejus
2989 5327 3212 5382 omnino
3243 5325 3386 5379 facili

1813 5429 2031 5489 negotio
2074 5427 2319 5495 potiundi
2357 5442 2450 5495 spe
2497 5428 2673 5480 cintus
2720 5434 2856 5479 erat.
2926 5423 3219 5477 Enimvero
3260 5435 3388 5489 per-

1816 5530 1997 5590 specta
2028 5536 2306 5573 murorum
2342 5520 2597 5573 firmitate
2632 5519 2927 5589 populique
2963 5532 3026 5571 ac
3053 5522 3386 5568 armatorum

1814 5610 2187 5674 multitudine,
2222 5626 2320 5665 nec
2343 5625 2450 5664 non
2478 5610 2799 5663 balistarum
2828 5608 3006 5677 copia,
3030 5621 3125 5675 spe
3156 5603 3388 5658 frustra-

1817 5716 1940 5767 tus,
1983 5702 2049 5757 ad
2107 5702 2450 5758 Hebdomum
2504 5702 2647 5771 quod
2698 5711 2891 5754 vocant
2939 5712 3192 5753 reversus
3236 5695 3385 5765 pacis

1415 5800 1643 5853 VARH‘:
1686 5797 2087 5853 LECTHWES.

176 5905 219 5921 τ’
255 5896 379 5969 κειίῇ
414 5894 577 5965 ἦλθεν
605 5895 697 5951 καὶ
725 5896 779 5949 Ρ.
849 5896 884 5924 ³⁸
928 5895 1209 5962 ὠνόμαζεν
1248 5895 1298 5945 Ρ.
1404 5895 1438 5920 τί
1480 5892 1600 5945 τὸντ

456 5994 725 6050 Parant.
764 5991 879 6048 Gn.
918 5989 1069 6048 CIX.

1692 5894 1726 5915 “
1765 5890 1963 5949 itm-1v;
1984 5892 2096 5955 pia:
2120 5892 2138 5913 "
