4158 6438
796 422 900 482 939

2052 412 2367 472 GEORGII
2428 411 2763 473 MONACHI

3939 411 4037 469 9-30

786 538 997 592 laxiora
1052 530 1335 600 expetivit.
1390 529 1514 583 Fuit
1564 543 1653 582 res
1694 527 1973 582 tutoribus
2019 528 2365 599 gratissima:

2474 527 2752 598 λεγομένῳ
2795 525 3036 593 Ἑϐδόμῳ
3083 520 3440 593 ὑπέστρεψεν,
3496 520 3779 589 εἰρηνικὰς
3814 520 4040 583 σπονδάς

796 627 995 681 missus
1035 638 1062 675 a
1112 620 1418 692 Symeone,
1478 621 1570 688 qui
1626 618 1692 673 de
1742 632 1877 689 pace
1934 619 2366 687 colloqueretur,

792 713 1115 769 Theodorus
1162 710 1441 779 magister.
1513 711 1810 777 Assumpto
1863 718 2051 763 autem
2109 707 2369 762 Nicolaus

792 804 1104 875 patriarcha
1134 809 1190 856 et
1228 802 1542 870 Stephanus
1567 815 1629 853 ac
1651 800 1889 854 Joannes
1914 800 2159 869 magistri
2199 800 2371 869 impe-

790 906 996 957 ratore,
1034 893 1100 947 ad
1126 894 1295 962 878
1318 893 1647 945 Blachcrnas
1680 907 1853 960 usque
1885 891 2140 960 profecti,
2177 891 2368 945 ambos

790 988 1080 1060 Symeonis
1108 987 1249 1040 filios
1288 985 1645 1039 introduxere
1680 999 1743 1038 ac
1772 999 1896 1037 eum
1940 983 2272 1051 imperatore
2310 982 2366 1035 in

790 1079 992 1149 palatio
1039 1077 1217 1146 epulis
1259 1090 1547 1143 excepere.
1598 1074 1821 1128 Nicolao
1873 1087 2004 1127 vero
2053 1072 2366 1142 patriarcha

788 1170 855 1225 ad
886 1169 1212 1240 Symeonem
1252 1182 1496 1237 egresso,
1532 1166 1622 1220 ille
1661 1164 1713 1219 ei
1745 1173 1907 1233 caput
1930 1164 2174 1218 modeste
2200 1162 2361 1217 incli-

788 1264 981 1326 navit;
1009 1261 1238 1330 fusaque
1272 1276 1441 1329 super
1471 1273 1595 1312 eum
1632 1271 1814 1326 prece,
1843 1257 2155 1327 patriarcha
2200 1265 2365 1310 stem-

789 1356 953 1409 matis
998 1354 1119 1407 loco
1163 1352 1247 1406 sui
1280 1351 1476 1420 capitis
1496 1349 1897 1418 operimentum
1935 1350 2054 1417 ejus
2080 1346 2269 1416 capiti,
2305 1354 2364 1399 ut

788 1450 966 1509 aiunt,
996 1446 1202 1515 injecit.
1243 1442 1607 1512 Amplissimis
1646 1442 1827 1511 itaque
1851 1440 2243 1510 immensisque
2271 1456 2361 1494 ac-

788 1541 932 1607 cepti
964 1538 1287 1592 muneribus
1310 1536 1547 1607 Symeon
1584 1550 1647 1590 ac
1676 1535 1858 1594 liberi,
1899 1549 2024 1588 cum
2064 1533 2133 1588 de
2166 1533 2363 1603 praedi-

787 1646 872 1685 cta
902 1646 1030 1701 pace
1066 1632 1209 1684 inter
1253 1645 1348 1684 eos
1374 1644 1481 1683 non
1507 1628 1638 1683 satis
1685 1627 2049 1688 convenisset,
2096 1627 2147 1679 in
2182 1626 2359 1695 regio-

786 1741 910 1779 nem
947 1738 1099 1778 suam
1131 1722 1364 1776 rediere.

857 1902 907 1953 8.
955 1900 1317 1953 Constantino
1347 1898 1516 1969 igitur
1545 1898 1894 1968 imperatore,
1926 1896 2075 1948 velut
2109 1894 2199 1963 qui
2229 1908 2363 1962 puer

790 2000 970 2055 esset,
1028 2000 1256 2044 matrem
1315 2006 1469 2044 suam
1525 1989 1824 2044 identidem
1872 1989 2189 2057 requirente
2236 1989 2363 2058 (jam

787 2083 934 2137 enim
985 2080 1295 2135 Alexander
1336 2080 1658 2148 imperator,
1704 2078 1781 2131 uti
1823 2078 2034 2132 dictum
2081 2087 2187 2140 est,
2238 2077 2361 2130 aula

787 2170 1044 2241 eiecerat)
1083 2184 1205 2223 eam
1247 2183 1439 2222 rursus
1475 2168 1528 2219 in
1555 2168 1817 2237 palatium
1843 2176 2122 2221 revocant.
2160 2167 2362 2220 Rerum

790 2265 973 2332 itaque
1026 2262 1196 2330 potita
1228 2274 1292 2312 ac
1328 2259 1574 2313 civilium
1610 2258 2141 2313 administrationem
2184 2266 2361 2321 nacta,

785 2352 1207 2410 Constantinum
1253 2350 1623 2405 accubitorem
1659 2358 1716 2403 et
1760 2348 2180 2404 Constantinum
2225 2348 2365 2403 Ana-

788 2448 1124 2515 stasiumque
1153 2442 1473 2515 Gongulios,
1511 2444 1591 2498 sic
1615 2452 1988 2513 nuncupatos,
2016 2442 2069 2496 in
2105 2441 2362 2511 palatium

789 2540 1053 2603 assumit;
1075 2538 1411 2606 Joannisque
1423 2536 1607 2591 Eladae
1628 2536 1859 2590 consilio
1875 2534 2166 2590 Alexandri
2188 2535 2364 2601 impc-

790 2633 986 2687 ratoris
1024 2631 1285 2693 asseelas,
1332 2630 1595 2685 Joannem
1632 2637 1927 2693 rectorem,
1965 2635 2022 2682 et
2052 2642 2217 2697 quem
2260 2627 2365 2681 Ga-

789 2725 1158 2793 brielopulum
1192 2731 1412 2783 vocant,
1446 2729 1502 2773 et
1528 2720 1837 2774 Basilitzem
1871 2734 1935 2773 ac
1958 2719 2225 2788 reliquos,
2270 2719 2364 2772 illo

788 2814 997 2885 dejicit.
1054 2812 1289 2869 Praeficit
1328 2826 1460 2865 vero
1488 2810 1596 2864 Zoe
1620 2812 1864 2879 Augusta
1893 2808 2362 2879 Theophylactum

788 2906 1144 2960 Domenicum
1175 2904 1569 2960 foederatorum
1606 2904 1887 2958 comitem.
1927 2902 2168 2959 Joannes
2198 2917 2365 2972 porro

794 2999 1051 3067 magister
1084 2996 1283 3051 Eladas
1307 2996 1501 3050 morbo
1529 3006 1842 3065 correptus,
1868 3010 1900 3049 a
1936 2994 2165 3050 medicis
2188 2994 2364 3049 salute

794 3092 1100 3155 desperata,
1155 3103 1186 3141 e
1214 3087 1418 3156 palatio
1452 3086 1746 3150 excedens,
1784 3101 1909 3141 cum
1937 3086 2003 3140 ad
2033 3086 2365 3156 Blmhernas

2472 619 2855 689 αἰτησάμενος.
2890 614 3013 668 Τῶν
3040 613 3098 666 δὲ
3121 613 3432 681 ἐπιτρόπων
3459 610 3555 679 τὴν
3593 612 3819 679 εἰρήνην
3868 610 4041 676 άσμευ

2472 709 2703 762 νέστατα
2733 704 3171 775 ἀποδεξαμένων,
3213 700 3533 756 ἀποστέλλει
3569 698 3799 769 Συμεὼν
3832 698 4037 752 Θεόδω-

2472 815 2564 867 ρον
2588 798 2890 867 μάγιστρον
2917 793 3012 848 τοῦ
3035 792 3367 861 συλλαλῆσαι
3397 790 3466 843 τά
3481 789 3578 858 τῆς
3600 789 3848 859 εἰρήνης.
3890 789 4042 840 Ἀνα-

2470 889 2757 958 λαϐόμενοι
2776 888 2834 941 δὲ
2862 888 2890 939 ὃ
2912 903 2971 938 τε
2993 885 3338 954 πατριάρχης
3362 881 3631 941 Νικόλαος
3648 878 3745 933 καὶ
3768 878 4041 946 Στέφανος

2470 982 2565 1033 καὶ
2608 981 2861 1047 Ἰωάννης
2897 981 2945 1031 οἱ
2977 977 3270 1048 μάγιστροι
3305 974 3398 1027 τὸν
3433 972 3659 1042 βασιλέα
3688 966 3856 1040 ἦλθον
3883 970 4043 1038 μέχρι

2469 1072 2577 1124 τῶν
2638 1070 2981 1141 Βλαχερνῶν,
3013 1071 3107 1122 καὶ
3149 1068 3443 1137 εἰσήγαγον
3480 1064 3608 1125 τοὺς
3633 1062 3726 1114 δύο
3756 1062 3912 1122 υἰοὺς
3942 1060 4042 1111 Eu-

2472 1162 2639 1230 μεὼν,
2668 1164 2765 1216 καὶ
2792 1160 3224 1231 συνεστιάθησαν
3257 1155 3337 1226 τῷ
3372 1155 3584 1227 βασιλεῖ
3612 1155 3672 1207 tv
3720 1155 3837 1216 τοίς
3867 1152 4045 1203 παλα-

2467 1256 2623 1318 τίοις.
2644 1254 2909 1316 Νικόλαος
2927 1253 2983 1306 δὲ
3001 1253 3030 1305 ὁ
3051 1249 3398 1320 πατριάρχης
3422 1245 3613 1315 ἐξῆλθε
3642 1243 3779 1314 πρὸς
3796 1238 4042 1310 Συμεώψ

2466 1339 2618 1413 ᾧτινι
2655 1329 2768 1415 ’τὴν
2803 1342 3042 1411 κεφαλὴν
3087 1339 3342 1393 ὺπέκλινε
3396 1334 3642 1406 Συμεών.
3682 1333 3863 1402 Εὑχὴν
3902 1330 3998 1383 οὖν
4022 1332 4047 1383 ό

2469 1435 2815 1507 πατριάρχης
2831 1434 3063 1502 ποιήσας
3080 1431 3202 1485 ἀντὶ
3214 1429 3547 1498 στέμματος,
3565 1424 3639 1485 ὦς
3663 1440 3820 1492 φασι,
3838 1422 3900 1474 τὸ
3920 1421 4049 1474 ἴδιον

2469 1529 2890 1601 ὲπιρριπτάριον
2910 1529 2978 1597 τῇ
3003 1523 3166 1579 αὐτοῦ
3208 1522 3443 1591 ἐπέθηκε
3463 1520 3696 1588 κεφαλῇ.
3722 1516 3931 1584 Δώροις
3954 1512 4045 1567 οὖν

2465 1624 2725 1693 ἀμέτροις
2744 1639 2805 1675 τε
2841 1622 2935 1674 καὶ
2981 1620 3256 1689 μεγίστοις
3286 1612 3769 1685 φιλοφρονηθέντες
3805 1611 3833 1662 ὅ
3858 1626 3919 1661 τε
3949 1608 4048 1659 Συ-

2468 1714 2615 1783 μεὼν
2635 1712 2729 1766 καὶ
2754 1714 2803 1765 οἰ
2834 1709 3021 1764 τούτου
3049 1709 3152 1761 υἱοί
3173 1708 3251 1770 εἰς
3279 1707 3379 1776 τὴν
3409 1705 3543 1757 ἰδίαν
3564 1703 3746 1771 χώραν
3778 1700 4047 1767 ὑπέστρε-

2469 1806 2598 1874 ψαν,
2628 1804 2946 1873 ἀσύμφωνοι
2972 1800 3065 1853 ἐπὶ
3090 1802 3155 1869 τῇ
3185 1798 3451 1868 εἰρημένῃ
3476 1796 3665 1865 εἰρήνῃ
3680 1791 4043 1847 διαλυθέντες.

2542 1905 2612 1969 η’.
2646 1894 2755 1949 Τοῦ
2793 1893 3055 1965 βασιλέως
3095 1887 3190 1943 οὖν
3222 1886 3657 1950 Κωνσταντίνυυ,
3714 1885 3813 1937 ὅτε
3860 1880 4047 1941 παιδὸς

2466 1995 2619 2056 δντυς
2650 1992 2741 2046 καὶ
2770 1990 2870 2061 τὴν
2902 1986 3037 2041 ἰδίαν
3069 1986 3282 2056 μητέρα
3335 1980 3747 2052 ἐπιζητοῦντος·
3799 1976 3904 2047 ἢδη
3942 1976 4048 2042 γάρ

2465 2083 2633 2152 αὐτὴν
2658 2082 2940 2148 κατήγαγε
2961 2074 3058 2129 τοῦ
3095 2074 3384 2137 παλατίου,
3419 2070 3493 2132 ὡς
3520 2071 3754 2140 εἴρηται,
3795 2064 4048 2127 Ἀλέξαν-

2463 2177 2586 2247 δρος
2617 2178 2644 2228 ό
2666 2172 2914 2245 βασιλεύς
2935 2187 2949 2202 ο
2978 2169 3046 2240 ἦν
3083 2170 3178 2221 καὶ
3216 2165 3636 2228 ἀναϐιϐάζουσιν
3666 2161 3854 2214 πάλιν.
3902 2157 4048 2226 Αὕτη

2464 2262 2557 2320 οὖν
2579 2260 2912 2334 περικρατὴς
2928 2260 2974 2291 ³⁸
2994 2256 3264 2327 γενομένη
3292 2255 3391 2324 τῆς
3427 2252 3703 2323 βασιλείας
3723 2247 4049 2312 ἀναϐιϐάζει

2465 2354 2544 2417 εἰς
2572 2352 2633 2405 τὸ
2663 2350 2922 2404 παλάτιον
2960 2346 3379 2400 Κωνσταντίνον
3410 2342 3502 2396 τὸν
3546 2338 4049 2412 παρακοιμὼμενον

2465 2446 2560 2498 καὶ
2594 2443 2999 2497 Κωνσταντῖνον
3034 2439 3128 2491 καί
3165 2436 3526 2489 Ἀναστάσιον
3551 2434 3676 2495 τοὺς
3713 2431 4049 2499 Γογγυλίους

2464 2537 2809 2606 λεγομένους,
2838 2536 2932 2585 καὶ
2965 2534 3031 2603 τῇ
3069 2529 3236 2599 βουλῇ
3278 2529 3529 2581 Ἰωάννου
3565 2525 3763 2578 Ἐλαδᾶ
3818 2522 4051 2577 καταϐι-

2466 2631 2620 2692 ϐάξει
2636 2629 2762 2691 τοὺς
2787 2625 3020 2687 οἰκείους
3057 2621 3409 2691 Ἀλεξάνδρου
3436 2619 3530 2672 τοῦ
3558 2614 3849 2688 βασιλέως,
3864 2615 4050 2668 Ἰωάνα

2465 2741 2561 2794 νην
2594 2723 2684 2775 τὸν
2726 2720 3007 2792 ῥαίκτωρα
3042 2716 3139 2768 καὶ
3190 2715 3282 2768 τὸν
3314 2712 3605 2781 λεγόμενον
3634 2706 4051 2777 Γαϐριηλὸπουο

2465 2816 2554 2868 λον
2594 2814 2690 2868 καὶ
2716 2810 3041 2878 Βασιλίτζην
3073 2806 3314 2868 καὶτοὺς
3352 2802 3594 2866 λοιπούς.
3626 2798 4052 2871 Προχειρίζεται

2464 2906 2520 2959 δὲ
2542 2903 2665 2974 Ζωὴ
2692 2902 2981 2971 Δὺγούστα
3005 2898 3387 2968 Θεοφύλακτον
3410 2894 3713 2965 Δομήνικον
3742 2889 4055 2959 ἑταιρειάρ-

2466 3014 2591 3067 χην.
2627 2994 2883 3062 Ἰωάννης
2903 2992 2960 3045 δὲ
2993 2991 3193 3060 μάγιστ
3206 3006 3297 3059 ρος
3321 2988 3348 3040 ό
3387 2986 3609 3047 Ἐλαδᾶς
3645 2984 3788 3052 νόσῳ
3821 2998 4054 3051 περιπε-

2469 3088 2579 3141 σὼν
2607 3086 2699 3141 καὶ
2734 3081 3136 3152 άπαγορευθεὶς
3176 3078 3331 3151 παρά
3359 3078 3468 3131 τῶν
3510 3074 3736 3145 ἰατρῶν,
3772 3072 4054 3125 κατελθὼν

791 3180 1054 3243 venisset,
1092 3178 1507 3247 ingravescente
1535 3178 1728 3231 morbo
1759 3177 1885 3232 fatis
1911 3164 2208 3233 concelait.
2256 3178 2363 3232 Do-

2469 3180 2533 3233 ὲκ
2565 3177 2658 3232 τοῦ
2686 3177 2952 3231 παλατίου
2982 3175 3077 3228 καὶ
3108 3174 3165 3226 ἐν
3206 3174 3324 3234 ταῖς
3355 3170 3685 3239 Βλαχέρναις
3736 3164 4052 3235 παραγενὸ-

792 3269 990 3324 mcnici
1024 3269 1397 3324 betteriarcha:
1444 3268 1615 3339 879
1649 3268 1879 3323 consilio
1926 3268 2035 3324 Zoe
2080 3269 2365 3323 Nicolaum

791 3362 1157 3430 patriarcham
1207 3376 1333 3417 cum
1389 3361 1633 3426 asseclis,
1696 3378 1819 3416 cum
1868 3362 1970 3423 ira,
2020 3363 2143 3416 aula
2193 3362 2365 3429 ejicit,

791 3470 943 3505 suam
983 3454 1155 3522 ipsius
1176 3453 1376 3522 jnbens
1399 3468 1595 3507 curare
1625 3454 1940 3507 ecclesiam.

864 3715 914 3767 9.
949 3716 1057 3768 f‘s'ec
1088 3717 1262 3769 multo
1290 3723 1415 3785 post
1441 3716 1837 3773 Constantinus
1866 3719 2148 3774 accubitor
2173 3720 2368 3775 Dome-

791 3809 975 3862 nicum
1032 3807 1452 3861 hetzeriarcbam
1504 3809 1649 3878 apud
1710 3808 2008 3879 Augustam
2062 3811 2365 3877 insimulat,

792 3900 942 3967 quasi
990 3900 1084 3968 qui
1130 3914 1312 3951 rerum
1364 3914 1635 3954 summam
1685 3900 1739 3954 in
1789 3901 2014 3956 fratrem
2071 3902 2368 3959 transferre

791 3990 1077 4055 cogitaret.
1111 3989 1379 4045 Simulate
1411 3990 1592 4061 itaque
1620 3994 1835 4062 patricii
1871 3993 2137 4064 dignitate
2165 4011 2367 4051 ornan-

794 4092 892 4142 tes.
941 4096 1065 4135 cum
1100 4081 1153 4134 in
1200 4081 1488 4137 ecclesiam
1531 4084 1748 4139 solenni
1782 4086 1891 4139 ritu
1932 4086 2189 4155 precibus
2220 4103 2365 4142 com-

794 4175 1124 4229 muniendus
1156 4174 1553 4241 descendisset,
1593 4176 1770 4246 ipsum
1818 4177 1967 4232 domi
2000 4194 2224 4233 manere
2247 4180 2368 4250 jus-

790 4273 1002 4318 serunt.
1046 4264 1173 4333 Ejus
1195 4266 1313 4318 loco
1339 4264 1581 4335 praefecit
1605 4266 1712 4321 Zoe
1742 4266 2138 4324 fmderatorum
2174 4271 2371 4325 turmis

790 4354 1055 4408 Joannem
1076 4355 1352 4422 Garidam,
1377 4356 1702 4412 Damianum
1720 4374 1851 4413 vero
1871 4360 2185 4415 eunuchum
2218 4378 2371 4417 crea-

790 4449 867 4502 vit
918 4448 1298 4503 excubitorum
1342 4450 1719 4523 drungarium.
1778 4454 2110 4511 Domenicus
2165 4456 2367 4511 frustra

790 4542 983 4610 lugens
1012 4557 1076 4594 ac
1102 4542 1373 4611 quiritans
1404 4558 1463 4599 se
1492 4544 1718 4600 domum
1742 4546 1970 4616 recepit.

865 4633 949 4684 10.
981 4632 1248 4687 Czeterum
1278 4634 1547 4706 Symeone
1578 4636 1814 4706 Bulgaro
1839 4638 2038 4691 iterum
2074 4637 2365 4696 Thraciam

792 4726 1118 4789 infestante,
1170 4728 1414 4797 Augusta
1452 4729 1893 4799 proceribusque
1939 4731 2109 4785 animi
2163 4735 2363 4796 anxiis,

791 4832 900 4884 quo
928 4817 1147 4870 tandem
1171 4819 1587 4875 modohominis
1616 4822 1989 4892 arrogantiam
2016 4840 2366 4894 compescere

794 4909 1005 4970 liceret,
1054 4910 1264 4979 rogavit
1302 4910 1541 4966 Joannes
1581 4913 1783 4984 Bosgas
1818 4923 1877 4967 ut
1898 4915 2159 4983 patricius
2188 4917 2365 4982 fieret,

790 5000 1109 5055 l'atzinacas
1149 5001 1413 5057 adversus
1448 5020 1575 5059 eum
1629 5020 1688 5060 se
1722 5006 2122 5063 conducturum
2155 5012 2368 5079 pollici-

792 5100 898 5145 tus.
950 5092 1071 5146 Voti
1105 5094 1289 5162 itaque
1319 5109 1544 5165 compos
1572 5095 1825 5160 effectus,
1859 5099 2210 5169 acceptisque
2248 5118 2367 5156 mu-

792 5185 1037 5248 neribus,
1063 5185 1130 5240 ad
1168 5202 1263 5240 eos
1285 5186 1391 5240 iter
1413 5188 1721 5243 contendit.
1761 5188 1840 5244 Ae
1872 5205 2001 5245 vero
2031 5192 2142 5246 icto
2160 5192 2367 5248 fmdere

790 5274 1031 5342 Indeque
1079 5276 1319 5345 acceptis
1359 5278 1647 5333 obsidibus
1678 5295 1773 5335 eos
1800 5280 1855 5334 in
1893 5280 2085 5335 urbem
2116 5283 2366 5350 adduxit,

790 5379 914 5418 cum
937 5366 1165 5435 polliciti
1191 5378 1378 5423 essent
1403 5368 1721 5427 Patzinaccs
1748 5373 2071 5429 transmisso
2100 5376 2240 5431 lstro
2270 5377 2369 5449 Sy-

790 5471 1042 5511 meonem
1071 5474 1128 5512 se
1161 5460 1535 5517 debellaturos
1566 5477 1709 5518 esse.

867 5549 949 5602 ll.
999 5550 1160 5605 Venit
1196 5566 1327 5607 vero
1354 5553 1521 5608 etiam
1553 5554 1606 5607 in
1659 5554 1850 5610 urbem
1883 5556 2124 5623 Asotius,
2154 5559 2238 5612 νὴ
2276 5576 2365 5615 ro-

792 5636 942 5694 boris
983 5640 1125 5696 fama
1173 5644 1682 5712 nominatissimus,
1742 5648 2008 5719 principis
2054 5649 2363 5721 principum

2471 3289 2633 3342 μενος
2655 3270 2750 3325 καί
2773 3269 2879 3322 ὑπὸ
2903 3267 3003 3337 τῆς
3027 3267 3185 3319 νόσου
3210 3262 3468 3334 βαρηθεὶς
3487 3258 3740 3329 τελευτᾷ.
3762 3257 3837 3309 Συ
3849 3255 4054 3325 μϐουλῇ

2467 3364 2774 3435 Δομηνίκου
2800 3360 3182 3432 ὲταιρειάρχου
3218 3352 3578 3417 καταϐιϐάζει
3607 3349 3731 3420 Ζωὴ
3779 3348 4053 3401 Νικόλαον

2472 3456 2819 3527 πατριάρχην
2854 3454 2971 3523 ἅμα
3031 3456 3143 3513 τοῖς
3204 3449 3300 3502 σὺν
3367 3444 3517 3516 αὐτῷ
3581 3442 3699 3514 μετ’
3741 3440 3944 3511 ὀργῆς,
3991 3437 4055 3489 τά

2471 3553 2570 3621 τῆς
2596 3550 2727 3613 ἰδίας
2749 3546 3049 3617 ἐκκλησίας
3074 3540 3529 3614 περιποιούμενον
3552 3538 3598 3569 ³⁵
3619 3536 3715 3591 καὶ
3742 3532 4057 3607 φροκηίζειν

2471 3642 2722 3696 εἰποῦσα.

2544 3734 2611 3791 0'.
2644 3732 2769 3807 [03]
2808 3731 2925 3802 μετ’
2951 3732 3013 3784 οὐ
3046 3730 3182 3782 πολὺ
3213 3728 3270 3781 δὲ
3305 3726 3714 3785 Κωνσταντῐνος
3773 3737 4052 3789 παρακοι-

2475 3827 2725 3897 μώμενος
2748 3822 3022 3875 διαϐάλλει
3037 3824 3104 3891 τῇ
3121 3815 3408 3889 Αὐγοῦστῃ
3429 3815 3727 3886 Δομήνικον
3740 3813 4055 3883 ἐταιρειάρ-

2472 3935 2573 3989 χην
2602 3916 2676 3978 ὡς
2712 3916 2810 3984 τὴν
2850 3911 3128 3982 βασιλείαν
3160 3908 3617 3978 σφετεριζόμενον
3647 3904 3728 3967 εἰς
3756 3903 3855 3956 τὸν
3888 3901 4053 3956 αὖτοῦ

2472 4008 2720 4076 ἀδελφόν.
2777 4005 2979 4059 Τοῦτον
3028 4002 3299 4074 προφάσει
3354 3999 3643 4069 πατρίκιον
3698 3997 4053 4065 ποιήσαντες,

2475 4096 2825 4159 κατελθὸντος
2855 4096 2912 4145 ἐν
2940 4095 3009 4163 τῇ
3043 4088 3311 4161 ἐκκλησίᾳ
3350 4088 3425 4150 ὡς
3463 4086 3587 4148 ἔθος
3634 4084 3807 4155 εὐχὴν
3845 4084 4053 4144 λαϐεῖν,

2472 4194 2609 4244 οἶκοι
2662 4189 2845 4258 μένειν
2894 4184 3386 4255 παρεκελεύσαντο.
3423 4178 3766 4250 Προεϐάλετο
3824 4177 3886 4231 δὲ
3936 4176 4054 4245 Zur}:

2487 4283 2733 4349 Ἰωάννην
2762 4277 2995 4347 Γαριδᾶν
3022 4273 3409 4346 ἑταιρειάρχην
3434 4272 3529 4324 καὶ
3566 4268 3846 4340 Δάμιανὺν
3867 4268 4054 4320 εὖνοῦς

2476 4392 2566 4444 χον
2595 4374 2694 4440 τῆς
2720 4369 2910 4442 βίγλης
2944 4366 3329 4439 δρουγγάριον.
3357 4364 3656 4433 Δομήνικος
3690 4349 3752 4414 δὲ
3805 4360 4055 4431 ἀπῆλθεν

2473 4469 2533 4520 ἐν
2549 4467 2626 4538 τῷ
2645 4466 2781 4535 οἴκῳ
2817 4461 2982 4517 αὺτοῦ
3014 4460 3246 4529 ἀνόνητα
3277 4458 3705 4527 ὀλοφυρόμενος.

2550 4646 2636 4716 [Ρ.
2668 4643 2796 4717 568]
2831 4652 2881 4698 ι’.
2906 4642 3013 4697 Τοῦ
3034 4642 3092 4695 δὲ
3120 4638 3429 4708 Βουλγάρου
3452 4635 3678 4707 Συμεὼν
3699 4637 3798 4705 τὴν
3832 4637 4055 4707 Θρᾴκη.

2477 4736 2641 4790 πάλιν
2672 4734 3014 4803 ληϊζομένου,
3044 4733 3101 4784 ὲν
3132 4728 3373 4801 φροντίδι
3408 4726 3575 4797 οὔσης
3601 4724 3701 4794 τῆς
3735 4724 4060 4792 Αὖγοὺστης

2475 4829 2570 4883 καὶ
2596 4828 2703 4879 τῶν
2732 4828 2790 4880 tv
2809 4826 2955 4879 τέλει
2980 4826 3124 4886 ὃπως
3154 4821 3318 4875 αὑτὸν
3349 4819 3447 4889 τῆς
3476 4814 3797 4880 ἀλαζονείας
3832 4815 4059 4868 παύσωο

2474 4938 2581 4987 σιν,
2607 4920 2848 4990 ᾐτήσατο
2883 4918 3137 4986 Ἰωάννης
3171 4917 3198 4968 ό
3234 4914 3409 4981 Βογᾶς
3443 4909 3699 4979 γενέσθαι
3737 4908 4057 4979 πατρίκιος.

2476 5012 2845 5081 ὑποσχόμενος
2887 5010 3115 5077 ἀγαγεῖν
3148 5005 3268 5060 κατ’
3300 5002 3467 5059 αὑτοῦ
3520 5001 3895 5066 Ιιατζίνακας.
3945 5001 4060 5070 Τῆς

2472 5105 2740 5173 αἰτήσεως
2774 5101 2831 5154 δὲ
2860 5099 3039 5168 τυχὼν
3090 5097 3241 5167 δῶρά
3274 5114 3330 5149 τε
3356 5093 3539 5148 λαϐὼν
3569 5095 3647 5155 εἰς
3668 5092 3769 5162 τὴν
3793 5091 3905 5144 τῶν
3946 5094 4054 5145 Ila-

2472 5196 2740 5260 τζινάκων
2760 5194 2943 5264 χώραν
2976 5191 3165 5263 ἀπῄει,
3198 5192 3292 5244 καὶ
3318 5188 3385 5262 δὴ
3412 5187 3782 5256 σπεισάμενος
3807 5185 3922 5255 όμή
3935 5203 4060 5253 ρους

2474 5285 2684 5340 ἐκεῖθεν
2741 5283 2921 5338 λαϐὼν
2975 5285 3186 5355 ἡγαγεν
3223 5283 3282 5337 tv
3336 5283 3406 5353 τῇ
3467 5280 3646 5344 πόλει,
3703 5277 4060 5347 συνθεμένων

2471 5380 2581 5433 τῶν
2608 5377 2968 5444 Πατζινάκων
3003 5378 3333 5448 διαπερᾶσαι
3372 5374 3469 5428 καὶ
3495 5374 3587 5427 τὸν
3624 5371 3859 5442 Συμεὼν
3882 5389 4057 5425 κειτα-

2470 5473 2799 5545 πολεμῆσαι.

2543 5563 2630 5619 ια’.
2656 5565 2996 5637 ΙΙαρεγένιτο
3024 5565 3081 5619 δὲ
3108 5566 3167 5619 ἐν
3192 5566 3253 5635 τῇ
3288 5563 3439 5617 πόλει
3461 5561 3556 5616 καὶ
3596 5559 3885 5626 ’Δσὼτιος,
3917 5557 4059 5626 ἀνὴρ

2470 5658 2563 5711 ἐπὶ
2593 5658 2785 5729 ῥώμης
2817 5658 3267 5730 ὀνομαστότατος,
3297 5656 3409 5712 υἱὸς
3433 5654 3506 5709 ὢν
3529 5654 3622 5708 τοῦ
3651 5655 3918 5725 ἄρχοντος
3946 5652 4052 5705 τῶν

2059 5740 2297 5797 νΑιυΑῑ
2349 5748 2756 5806 LECTIONES.

876 5826 919 5856 Η
949 5832 1299 5899 περικραϐεὶς
1345 5833 1398 5883 ιο.
1487 5836 1527 5865 ³⁵
1564 5836 1964 5904 περιποιεῖσθαι
2001 5851 2188 5905 margo
2218 5837 2274 5891 Γ.
