4158 6438
155 419 252 482 9H

1260 425 1300 482 γ
1316 425 1458 482 ΙΤίΕ
1497 423 2047 485 RECENTIORUM
2095 427 2294 490 lMi‘P.

3325 439 3428 502 942

154 539 471 608 ἁρχὶντων·
509 538 565 591 ὃν
605 556 732 607 φασι
771 540 991 608 σιδηρᾶ-ι
1025 539 1223 608 ῥάϐδον
1285 542 1347 592 ἐκ
1385 541 1494 592 τῶν
1551 541 1722 611 ἄκρως

1843 543 2006 597 lilius.
2073 543 2341 597 l-‘erebant
2395 548 2599 614 virgam
2646 548 2920 608 ferream,
2973 551 3131 620 cujus
3183 564 3425 606 extrema

158 632 453 700 ἑκατέραις
488 633 644 700 χερσὶ
701 631 1016 700 κρατοῦντα
1047 634 1110 700 τῇ
1147 632 1562 702 ὑπερϐαλλούσῃ
1604 634 1742 702 ἀλκῇ

155 726 526 792 διακάμπτειν
567 725 658 777 καὶ
688 724 824 794 προς
857 723 918 777 τὸ
949 725 1208 777 κυκλικὸν
1233 726 1424 795 σχῆμα
1461 727 1738 795 μετάγειν,

153 820 251 883 τῆς
277 817 573 869 ἀντιτύπου
602 816 696 868 τοῦ
719 817 937 886 σιδήρου
963 817 1179 884 φύσεως
1199 819 1264 887 τῇ
1301 817 1392 889 βίᾳ
1413 817 1522 870 τῶν
1543 818 1742 886 χειρῶν

153 909 517 978 ὑπεικούσης.
605 911 703 960 Ὃν
763 910 1212 978 παραγενόμενον
1304 912 1444 978 μετὰ
1539 911 1741 979 πολλῆς

149 1003 322 1070 τιμῆς
347 1001 672 1069 ὑπεδέξαντο
696 1003 792 1054 καὶ
826 1003 986 1054 πάλιν
1009 1004 1088 1066 εἰς
1120 1003 1220 1072 τὴν
1269 1004 1406 1057 ἰδίαν
1432 1003 1618 1074 χώραν
1651 1002 1738 1067 ἐξ·

151 1096 440 1165 ἐπεμψεν.

225 1188 318 1256 ιβ’.
382 1188 745 1258 Σεπτεμβρίῳ
785 1186 936 1256 μηνὶ,
985 1185 1316 1248 ἰνδικτιῶνος
1370 1185 1442 1254 γ’,
1482 1188 1742 1254 Παγκραο

147 1281 357 1341 τούκας
384 1282 411 1330 6
462 1279 746 1347 ’Λρμένιος
776 1279 877 1349 τὴν
929 1277 1372 1346 ’Λδριανούπολιν
1404 1277 1482 1346 τῷ
1512 1276 1740 1344 Συμεὼν

150 1371 474 1439 περέδωκεν
510 1371 575 1423 ³⁸.
616 1369 748 1423 Μετ’
795 1371 856 1421 οὐ
895 1369 1030 1422 πολὺ
1065 1370 1121 1422 δὲ
1154 1369 1434 1438 ἀπεστάλη
1463 1368 1739 1430 Βασίλειος

146 1464 446 1534 πατρίκιος
472 1463 565 1514 καὶ
592 1460 902 1523 κανίκλειος
937 1462 1032 1513 καὶ
1063 1461 1310 1529 Νικήτας
1338 1458 1739 1529 πρωτοσπαθά-

147 1569 268 1622 ριος
313 1553 593 1611 Ἐλαὸικὸς
623 1553 774 1622 παρὰ
807 1552 961 1622 Ζωῆς
995 1551 1134 1623 μετὰ
1163 1552 1353 1621 δώρων
1376 1549 1608 1612 πολλῶν,
1638 1549 1734 1602 καὶ

141 1631 588 1713 ἁντιπᾶρέλαῦεν
622 1643 790 1713 αὐτὴν
816 1642 998 1695 πάλιν.

217 1743 310 1804 ιγ’.
331 1733 504 1789 *Ηλθε
534 1737 588 1788 Ξὲ
614 1739 707 1788 καὶ
733 1737 945 1806 άμερᾶς
973 1737 1001 1787 6
1036 1736 1312 1805 Δαμιανὸς
1337 1735 1416 1796 εἰς
1447 1734 1734 1804 Στρόϐιλον

145 1830 288 1898 μετὰ
321 1829 523 1883 πλοίων
555 1829 646 1881 τοῦ
684 1829 991 1898 πολεμῆσαι
1015 1829 1186 1898 αὐτὴν
1223 1828 1366 1897 μετὰ
1398 1827 1599 1896 πολλῆς
1633 1828 1731 1896 τῆς

137 1919 453 1989 δυνάμεως,
500 1920 592 1972 καὶ
636 1918 845 1988 ταύτην
899 1920 1205 1991 παρέλαϐεν
1252 1919 1339 1981 ἂν,
1375 1920 1422 1969 εἰ
1476 1919 1549 1987 μὴ
1578 1919 1731 1986 νοσή·

137 2029 245 2073 σας
263 2010 638 2080 ἐτελεύτησεν,
670 2011 1132 2081 ὑποστρεψάντων
1153 2009 1408 2079 διακενῆς
1438 2009 1548 2060 τῶν
1564 2009 1727 2077 ’Λγα-

139 2102 351 2172 me”.

211 2281 298 2339 ιδ’.
323 2285 387 2335 Οἱ
419 2285 474 2336 δὲ
496 2284 592 2353 τῆς
627 2285 876 2347 Ἑλλάδος
901 2285 997 2338 καὶ
1027 2286 1137 2337 τῶν
1172 2285 1414 2354 Ἀθηνῶν
1444 2287 1725 2354 οἰκήτορες

133 2375 390 2444 συνεχῶς
419 2375 852 2446 ἐπηρεαζόμενοι
885 2376 1036 2447 παρά
1066 2377 1216 2430 Χασὲ
1244 2377 1363 2429 υἱοῦ
1392 2377 1487 2430 τοῦ
1525 2377 1723 2448 Ἰούδη,

127 2468 235 2539 τὴν
267 2468 440 2521 αὑτοῦ
497 2470 764 2523 ἀσωτείαν
832 2471 905 2540 μὴ
970 2471 1308 2538 ἐνεγκόντες,
1337 2470 1505 2534 λίθοις
1536 2471 1727 2524 τοῦτον

127 2561 356 2612 ἀνεῖλον
425 2563 614 2623 κακῶς
653 2561 866 2614 ἔνδοθεν
915 2562 1009 2614 τοῦ
1067 2561 1463 2633 θυσιαστηρίου
1520 2562 1618 2615 τοῦ
1666 2565 1725 2615 ἐν

140 2652 412 2722 Ἀθήναις
446 2655 598 2705 ναοῦ.

205 2761 293 2799 ιε.
345 2746 627 2800 Βλὲπουσα
659 2747 715 2798 δὲ
773 2749 808 2817 ή
845 2747 1136 2815 Αὐγούστα
1181 2748 1303 2816 Ζωὴ
1334 2747 1433 2816 τὴν
1492 2747 1725 2817 ἔπαρσιν

125 2836 368 2908 Συμεὼν
402 2841 496 2891 καὶ
537 2839 636 2908 τὴν
666 2839 807 2892 κατὰ
862 2839 973 2892 τῶν
1012 2840 1358 2911 Χριστιανῶν
1401 2839 1568 2892 αὐτοῦ
1598 2841 1720 2891 ἐπί-

123 2930 307 2994 θεσιν,
343 2931 536 3000 βουλὴν
561 2931 700 3000 μετὰ
727 2933 837 2984 τῶν
867 2935 926 2985 ὲν
953 2933 1098 2984 τέλει
1125 2931 1442 3002 βουλεύεται
1467 2933 1723 3001 ἁλλάγιον

121 3025 224 3075 καὶ
260 3024 489 3094 εἰρήνην
547 3024 686 3094 μετὰ
741 3024 852 3077 τῶν
914 3025 1237 3096 Ἀγαρηνῶν
1291 3024 1717 3094 διαπράξασθαι,

120 3115 472 3184 διαπερᾶσαι
495 3115 550 3168 δὲ
575 3117 753 3169 πάντα
775 3116 868 3170 τὸν
898 3117 996 3188 τῆς
1030 3117 1298 3186 ἀνατολῆς
1321 3118 1557 3187 στρατὸν
1582 3117 1719 3184 πρὸς

1849 637 2103 688 manibus
2143 645 2376 694 teneret.
2407 653 2514 705 qua
2542 639 2784 706 pollebat
2805 640 3007 695 eximia
3035 643 3109 705 vi,
3143 642 3425 698 innectere

1848 726 2014 793 inque
2044 727 2233 778 circuli
2265 727 2433 796 880
2460 727 2690 782 formam
2717 729 3056 797 intorquere,
3093 732 3225 786 ferri
3259 735 3427 788 nimi—

1847 832 1968 868 rum
1999 815 2202 869 duritie
2249 817 2397 869 illius
2446 833 2707 872 manuum
2751 819 2938 872 robori
2978 822 3232 878 cedente.
3267 825 3426 878 Hunc

1843 908 2156 960 venientem
2202 908 2376 961 multo
2410 908 2618 963 honore
2658 925 2953 978 suscepere
3001 927 3066 966 ac
3106 928 3327 968 rursum
3371 916 3423 968 iu

1844 997 2076 1065 patriam
2109 1000 2394 1052 remisere.

1913 1181 2000 1233 12.
2056 1180 2239 1234 Mense
2275 1182 2606 1252 Septembri,
2644 1183 2948 1239 indictione
2983 1185 3144 1240 tertia
3177 1184 3418 1240 Pancra-

1843 1280 1995 1326 tucas
2038 1273 2329 1327 Armenius
2379 1275 2792 1344 Adrianopolim
2845 1276 3102 1346 Symconi
3141 1277 3416 1345 prodidit;

1839 1379 1940 1420 nec
1973 1365 2147 1418 multo
2182 1375 2305 1433 post
2355 1369 2556 1422 missus
2601 1368 2836 1423 Basilius
2864 1370 3128 1438 patricius
3159 1385 3230 1424 ac
3260 1371 3416 1424 cani-

1839 1458 1946 1510 clio
1975 1459 2260 1526 praefectus
2288 1460 2620 1528 Nicctasque
2647 1462 3130 1530 protospatharius
3161 1462 3419 1518 Eladicus

1839 1563 1867 1601 a
1884 1548 1992 1602 Zoe
2021 1551 2260 1619 Augusta
2283 1565 2408 1604 cum
2437 1552 2624 1607 multis
2651 1554 2976 1608 niuneribus
3000 1554 3196 1608 urbem
3219 1569 3417 1610 rursus

1839 1642 2073 1709 recepit.
2313 1699 2320 1704 _

1909 1734 1995 1787 15.
2052 1735 2214 1788 Venit
2242 1748 2376 1787 vero
2423 1734 2720 1788 Damianus
2769 1749 2983 1790 ameras
3016 1736 3073 1790 in
3111 1734 3414 1792 Strobilum

1835 1839 1958 1878 cum
2016 1826 2191 1879 classe
2243 1826 2527 1895 multaque
2585 1833 2796 1880 armata
2843 1843 3009 1881 manu
3057 1844 3122 1882 ac
3147 1830 3322 1898 copiis
3345 1831 3414 1883 ad

1831 1931 1950 1970 eam
1982 1919 2399 1986 expugnandam
2429 1918 2714 1972 instructis
2734 1961 2749 1984 ,
2775 1927 2977 1973 etvero
3006 1935 3127 1974 eam
3150 1931 3412 1989 capturus

1829 2017 1990 2070 erat,
2048 2009 2152 2062 nisi
2211 2011 2403 2064 morbo
2473 2021 2764 2079 correptus
2817 2010 2944 2066 fatis
3010 2015 3410 2081 concessisset;

1830 2100 1986 2168 cujus
2029 2102 2252 2155 interitu
2311 2101 2515 2156 factum
2576 2111 2635 2155 ut
2691 2101 2954 2157 Saraceni
3003 2103 3166 2158 irrito
3209 2114 3411 2161 conatu

1831 2192 2095 2245 redirent.

1905 2284 1988 2337 14.
2022 2284 2244 2339 Graecia:
2277 2295 2458 2339 autem
2488 2295 2544 2340 et
2571 2285 2909 2341 Athenarum
2935 2287 3127 2356 populi
3153 2287 3411 2356 civesque

1829 2379 2108 2434 continuis
2130 2378 2294 2435 Chasi
2326 2381 2423 2434 lilii
2445 2381 2602 2436 Juba:
2629 2381 2848 2451 injuriis
2873 2381 3076 2448 vexati,
3108 2383 3229 2452 ejus
3248 2381 3412 2436 luxu-

1829 2472 1963 2524 riam
1994 2471 2495 2542 inexplebilemque
2525 2473 2883 2542 cupiditatem
2913 2473 3057 2528 terre
3080 2488 3193 2528 nou
3225 2474 3412 2530 valen-

1828 2570 1925 2621 tes.
1980 2563 2257 2631 lapidibus
2321 2564 2583 2618 obrutum
2629 2565 2773 2620 intra
2828 2565 3005 2634 ipsum
3069 2565 3408 2622 Athenarum

1829 2655 2013 2722 templi
2046 2657 2326 2723 penetrale
2360 2657 2499 2711 male
2539 2658 2953 2712 interemerunt.

1898 2749 1984 2800 1:5.
2040 2747 2245 2802 Videns
2287 2764 2454 2818 porro
2494 2749 2604 2804 Zoc
2647 2751 2892 2820 Augusta
2917 2750 3207 2821 Symeonis
3231 2751 3406 2806 elatos

1824 2841 2034 2894 animos
2055 2856 2117 2894 ac
2143 2842 2477 2910 superbiam,
2508 2843 2738 2912 ejusque
2777 2842 3041 2897 adversus
3062 2842 3407 2899 Christianos

1824 2931 2220 2999 grassationem
2253 2949 2364 2986 non
2397 2933 2605 2994 ferens,
2649 2949 2706 2988 re
2731 2949 2854 2988 cum
2877 2935 3234 3004 optimatibus
3265 2936 3405 2990 deli-

1826 3023 2012 3076 berata
2045 3023 2226 3079 fiedus
2249 3025 2392 3079 icere
2419 3040 2720 3094 pacemque
2748 3041 3081 3095 componere
3111 3041 3236 3081 cum
3263 3028 3407 3096 Aga-

1827 3113 1972 3165 rcnis
2016 3115 2227 3176 statuit,
2275 3130 2578 3184 omnesque
2619 3115 2758 3169 Asia:
2791 3115 2979 3184 copias
3015 3114 3082 3170 ad
3117 3115 3403 3170 debellan-

116 3207 183 3257 τδ
215 3205 535 3275 πολεμῆσαι
566 3207 660 3259 καὶ
681 3207 943 3277 ἀφανίσαι
988 3209 1081 3260 τὸν
1120 3209 1367 3277 Συμεών.
1411 3208 1717 3276 ’Λπεστάλη

1828 3203 1956 3256 dum
2000 3207 2514 3275 prolligandumque
2569 3205 2896 3276 Symeonem
2946 3206 3221 3276 trajicere.
3254 3207 3404 3260 Missi

117 3294 220 3350 οὖν
263 3301 324 3350 ὲν
358 3299 528 3368 Συρία
583 3299 718 3370 πρὸς
774 3299 835 3352 τὸ
894 3301 1118 3370 ποιῆσαι
1170 3300 1423 3366 ἁλλάγιον
1461 3299 1718 3367 Ἰωάννης

120 3390 437 3458 πατρίκιος
463 3393 490 3443 6
533 3391 771 3456 Ῥαδινδς
802 3392 898 3446 καὶ
931 3391 1145 3462 Μιχαὴλ
1165 3395 1192 3444 ὁ
1227 3392 1495 3462 Τοξαρᾶς.
1522 3387 1597 3445 υἷι
1625 3409 1705 3459 γεο

115 3480 359 3548 γονότος
385 3481 483 3552 τὴν
516 3483 720 3552 συνήθη
745 3483 845 3553 τῆς
875 3485 1042 3554 ῥόγας
1063 3485 1328 3554 διανομὴν
1354 3485 1717 3554 ποιησάμενοι

113 3579 177 3629 ιν
203 3578 328 3639 τοῖς
352 3577 620 3644 τάγμασι.
641 3577 812 3630 ταῦτα
838 3577 1236 3649 ἀναλαϐόμενοι
1260 3583 1356 3631 σὺν
1378 3580 1492 3640 τοῖς
1519 3577 1718 3646 θέμασι

114 3668 270 3736 πρὸς
307 3666 382 3719 τά
414 3665 654 3736 Θρᾳκῷα
693 3668 836 3738 μέρη
881 3669 1234 3740 διεπέρασαν,
1272 3669 1499 3732 Λέοντος
1552 3669 1718 3736 μαγί-

114 3775 296 3829 στρου
324 3756 422 3810 τοῦ
445 3759 609 3812 Φωκᾶ
629 3760 951 3828 δομεστίκου
970 3761 1078 3815 τῶν
1101 3753 1309 3830 σχολῶν
1329 3761 1714 3829 τυγχάνοντος,

111 3841 160 3914 ᾦ
198 3848 410 3917 ἀνδρία
457 3847 723 3918 μᾶλλονῆ
777 3851 1102 3921 ὲπιστατικὴ
1167 3851 1424 3920 φρόνησις
1481 3868 1718 3920 προσαν-

111 3939 332 3992 έκειτο.
385 3938 797 4007 Ἑξαγαγόντων
830 3937 924 3994 οὖν
953 3943 1020 3994 τὰ
1053 3942 1323 4012 σεὸάσμια
1351 3942 1448 3995 καὶ
1477 3942 1716 4007 ζωοποιὰ

113 4033 263 4096 ξύλα
291 4032 710 4085 Κωντταντίνου
744 4033 830 4105 [Ρ.
871 4033 998 4107 569]
1048 4037 1397 4104 πρωτοπαπᾶ
1416 4035 1510 4090 τοῦ
1541 4036 1716 4088 παλα-

109 4129 266 4188 τίου,
302 4126 403 4178 τοῦ
433 4128 663 4195 Κεφαλᾶ
691 4129 1011 4198 λεγομένου,
1051 4131 1148 4182 καὶ
1175 4129 1590 4182 Κωνσταντίνου
1617 4129 1714 4182 τοῦ

109 4218 381 4273 Μαλελία
417 4221 476 4271 ἐν
497 4223 562 4290 τῇ
599 4219 810 4291 θρᾴκῃ,
841 4221 1081 4284 ἅπαντες
1108 4222 1587 4292 προσκυνήσαντες
1622 4225 1712 4274 καὶ

107 4312 544 4380 ὲπομοσάμενοι
595 4314 1061 4385 συναποθνήσκειν
1105 4315 1355 4382 ἀλλήλοις
1407 4316 1713 4384 πανστρατὶ

107 4407 266 4458 κατὰ
308 4405 637 4474 Βουλγάρων
699 4405 1051 4477 ἐξώρμησαν.
1087 4402 1304 4478 Ἶιρχον
1359 4407 1418 4459 δὲ
1471 4408 1562 4460 τοῦ
1613 4407 1712 4474 μὲν

105 4497 412 4564 τάγματος
451 4495 559 4548 τῶν
608 4496 937 4560 ὲξκουϐίτων
979 4498 1232 4568 Ἰωάννης
1260 4499 1288 4548 6
1316 4498 1568 4568 Γράψων,
1618 4500 1711 4550 τοῦ

1827 3296 2058 3363 proinde
2134 3298 2188 3350 in
2252 3297 2466 3367 Syriam
2511 3299 2606 3368 qui
2657 3299 3090 3367 paciscerentur,
3165 3299 3403 3353 Joannes

1831 3384 2114 3439 llhadinus
2137 3386 2299 3455 881
2336 3386 2600 3455 patricius
2629 3396 2684 3440 et
2709 3387 2942 3442 Michael
2972 3389 3233 3442 Toxaras.
3283 3388 3402 3452 Quo

1826 3485 2070 3544 peracto,
2100 3487 2362 3530 consueta
2407 3477 2726 3547 erogatione
2759 3478 2965 3533 donato
3010 3480 3278 3540 exercitu,
3318 3495 3401 3532 as-

1825 3567 2062 3637 sumptis
2077 3568 2400 3623 cohortibus
2417 3583 2478 3623 ac
2499 3569 2810 3638 legionibus
2841 3570 2893 3623 in
2910 3569 3198 3625 Thraciam
3221 3581 3400 3624 trans-

1826 3659 2048 3725 misere,
2091 3661 2354 3731 magistro
2401 3661 2583 3716 Leone
2628 3662 2808 3717 Phoca
2849 3663 3164 3717 scholarum
3207 3663 3402 3716 domu-

1823 3750 1982 3814 stico,
2004 3752 2123 3806 viro
2150 3753 2362 3807 scilicet
2378 3753 2678 3822 majoribus
2697 3752 2896 3809 animis
2916 3769 3079 3824 quam
3103 3754 3399 3824 imperato-

1825 3843 1903 3896 ria
1927 3844 2149 3898 solertia
2178 3845 2429 3913 prmdito.
2458 3845 2746 3901 Productis
2774 3846 2942 3916 igitur
2985 3846 3401 3901 venerabilibus

1823 3946 1884 3984 ac
1922 3931 2154 3986 vivilicis
2185 3933 2343 4002 lignis
2379 3933 2727 3987 Constantini
2763 3933 2990 4002 palatini
3032 3934 3166 3988 cleri
3213 3949 3399 3988 sacer~

1821 4023 2010 4078 dotum
2036 4024 2218 4092 primi,
2249 4034 2614 4094 cognomento
2642 4024 2918 4095 Cephalae,
2943 4026 3400 4096 Constantinique

1822 4116 2046 4171 Malclia:
2098 4133 2292 4184 Opera,
2329 4118 2382 4171 in
2432 4118 2703 4182 Thracia,
2756 4133 2883 4172 cum
2930 4133 3123 4172 omnes
3147 4119 3398 4172 venerati

1820 4221 2003 4266 esseut
2029 4228 2092 4265 ac
2113 4227 2172 4265 se
2199 4227 2303 4264 una
2327 4211 2755 4266 commorituros
2789 4211 3154 4281 jurejurando
3181 4213 3397 4264 lirmas-

1821 4315 1961 4366 seut,
2005 4304 2061 4357 in
2099 4302 2405 4372 Bulgariam
2441 4303 2616 4372 c0piis
2653 4303 2913 4358 omnibus
2947 4301 3199 4358 conferto
3233 4314 3395 4356 excr-

1820 4397 1931 4450 citu
1967 4397 2194 4464 profecti
2226 4406 2373 4450 sunt.
2420 4397 2699 4450 Praeeraut
2732 4395 2972 4450 excubiti
3004 4403 3196 4450 turmae
3228 4395 3363 4450 Joan

1821 4503 1916 4539 nes
1947 4487 2176 4554 Grapso,
2204 4485 2450 4540 llicauati
2483 4501 2614 4540 vero
2644 4485 2866 4539 Marulis
2895 4485 3058 4539 ﬁlius.
3118 4487 3396 4539 Romanus

105 4593 166 4644 ῖὲ
206 4588 482 4642 ἱκανά-ιον
543 4591 570 4641 6
601 4589 695 4641 τοῦ
745 4588 1012 4660 Μαρούλη
1066 4590 1202 4652 υἱός.
1249 4591 1530 4660 Ῥωμανὸς
1584 4591 1641 4642 δὲ
1692 4594 1719 4642 ὁ

1828 4578 1956 4648 Arg}
1972 4594 2065 4632 rus
2085 4577 2243 4631 ducis
2290 4585 2558 4645 potestate
2586 4585 2837 4645 przeerat,
2873 4578 3101 4646 ejusque
3134 4577 3246 4630 Lco
3283 4578 3398 4631 fra-

121 4681 410 4752 Ἀργυρδς
443 4683 769 4750 ἐστρατήγει
799 4682 896 4734 καὶ
925 4683 1082 4735 Λέων
1103 4684 1130 4734 ὁ
1155 4682 1380 4748 ἀδελφὸς
1408 4683 1574 4736 αὑτοῦ
1624 4686 1718 4736 καὶ

112 4771 346 4840 Βάρεις
373 4770 402 4820 6
428 4771 621 4833 Φωκᾶς
639 4787 652 4801 ·
688 4765 772 4834 οἷς
812 4772 978 4840 συνῆν
1002 4772 1097 4823 καὶ
1125 4773 1153 4823 6
1185 4771 1393 4833 Μελίας
1439 4772 1578 4840 μετὰ
1612 4773 1720 4824 τῶν

122 4865 452 4936 Ἀρμενίων
478 4867 570 4918 καὶ
600 4868 649 4918 οἱ
674 4866 825 4919 ἄλλοι
858 4867 1059 4928 πάντες
1089 4868 1388 4936 στρατηγοὶ
1416 4867 1524 4918 τῶν
1549 4867 1718 4935 θεμά-

107 4979 255 5012 των.
305 4959 484 5028 Συνῆν
517 4960 570 5011 δὲ
615 4961 751 5032 πρὸς
800 4963 914 5025 τοῖς
941 4961 1123 5023 ἄλλοις
1177 4961 1272 5014 καὶ
1310 4963 1718 5024 Κωνσταντῖνος

111 5049 430 5118 πατρίκιος
459 5051 488 5100 ὁ
531 5050 664 5119 Λὶψ,
719 5051 909 5104 Λέοντι
939 5051 1247 5122 δομεσπίκῳ
1297 5052 1600 5120 σύμϐουλος
1646 5054 1719 5106 ὢν

109 5140 281 5209 αὐτῷ
312 5142 379 5191 ἐν
407 5141 542 5191 πᾶσι
574 5143 686 5204 τοῖς
714 5142 997 5212 ἀνήκουσι.

191 5228 292 5294 ιζ’.
332 5231 485 5297 Μηνὶ
509 5230 567 5282 δὲ
594 5231 889 5302 Αὐγούστῳ
922 5239 992 5295 κ’,
1029 5233 1360 5294 Ξνδικτιῶνος
1393 5232 1454 5297 ε’,
1486 5235 1514 5287 6
1563 5235 1716 5288 πόλε-

110 5339 223 5388 μος
276 5319 490 5386 μεταξὺ
520 5320 842 5389 Βουλγάρων
887 5339 946 5374 τε
993 5326 1082 5375 καὶ
1126 5324 1416 5394 Ῥωμαίων
1457 5328 1590 5396 προς
1641 5326 1717 5396 τῷ

122 5407 406 5479 Ἀχελῴῳ
449 5413 859 5480 σνγκεκρὸτητο
905 5413 1167 5483 ποταμῷο
1229 5414 1324 5467 καὶ
1360 5411 1472 5481 (οἷα
1519 5415 1587 5466 τὰ
1623 5417 1715 5468 τοῦ

107 5505 266 5557 Θεοῦ
324 5503 608 5574 κρέμαται
659 5505 736 5568 ὡς
764 5507 1102 5578 ἀνερεύνητα
1142 5509 1236 5562 καὶ
1267 5507 1714 5578 ὰνεξιχνίασταε)

105 5598 430 5663 τρέπονται
468 5598 516 5649 oi
567 5599 826 5669 Ῥωμαῖοι
859 5603 1188 5672 πανστρατὶ,
1225 5603 1318 5656 καὶ
1353 5603 1543 5671 γέγονε
1568 5603 1712 5672 φυγὴ

107 5687 412 5755 παντελὴς
449 5689 542 5741 καὶ
567 5692 846 5760 φρικώδης
871 5693 1122 5764 ὀλολυγή,
1162 5694 1271 5747 τῶν
1300 5695 1398 5763 μὲν
1423 5694 1518 5748 ὑπ’
1550 5694 1711 5762 ἀλλή-

1824 4681 1907 4724 ter
1961 4681 2016 4724 et
2058 4671 2262 4724 Bardas
2305 4671 2551 4732 Phocas;
2591 4669 2922 4738 quibuscum
2959 4677 3079 4722 erat
3124 4678 3182 4722 ct
3210 4668 3399 4722 Melias

1817 4761 1946 4816 cum
1973 4762 2267 4824 Armeniis,
2293 4761 2496 4830 aliique
2527 4774 2716 4814 omnes
2738 4759 3013 4828 legionum
3036 4759 3223 4813 duces.
3251 4760 3396 4813 Prm-

1825 4867 1909 4912 ter
1942 4857 2080 4911 alios
2113 4871 2246 4910 vero
2282 4856 2478 4910 aderat
2517 4856 2683 4910 etiam
2710 4854 3106 4910 Constantinus
3132 4853 3398 4922 patricius

1823 4951 1972 5014 Afer,
2031 4949 2125 5018 qui
2164 4948 2337 5003 Leoni
2381 4949 2686 5003 domestico
2741 4948 2796 5001 in
2845 4947 3106 5001 omnibus
3152 4947 3217 5000 ad
3267 4961 3395 5001 eum

1822 5043 2187 5098 attinentibus
2210 5041 2442 5096 cousilio
2475 5039 2748 5094 aﬂuturus
2781 5053 3119 5108 operamque
3168 5048 3396 5092 navatu-

1824 5153 1918 5191 I‘US
1951 5144 2116 5190 CSSCI.

1901 5230 1982 5284 l6.
2020 5228 2226 5282 Mensis
2254 5244 2382 5282 vero
2405 5227 2634 5296 Augusti
2665 5226 2754 5280 die
2776 5227 3060 5295 vigesima,
3097 5225 3395 5279 indictione

1825 5324 2036 5392 quinta,
2073 5322 2334 5392 Bulgaros
2354 5321 2495 5374 inter
2526 5321 2914 5388 Romanosque
2937 5327 3190 5372 conserta
3216 5333 3393 5388 pugna

1824 5417 1891 5471 ad
1952 5415 2254 5470 Acheloum
2303 5413 2507 5468 ﬂumen
2571 5422 2694 5476 est;
2751 5427 2815 5467 ac
2843 5412 2986 5480 (qua:
3031 5410 3124 5465 Dei
3166 5409 3394 5478 judicia,

1821 5525 1987 5580 quam
2015 5506 2391 5565 inscrutabilia
2429 5521 2495 5561 ac
2536 5503 3116 5576 impervestigabilial)
3163 5502 3394 5556 Romani

1822 5615 2015 5654 omnes
2057 5598 2314 5652 omnibus
2375 5595 2549 5666 copiis
2615 5595 2722 5650 l'usi
2774 5604 2906 5650 sunt
2946 5609 3010 5649 ac
3051 5591 3244 5658 fugati.
3271 5591 3398 5646 bor-

1823 5693 1996 5747 rendo
2028 5707 2126 5761 per
2167 5705 2384 5745 omnem
2411 5689 2714 5745 exercitum
2757 5689 2965 5743 ululatu
2989 5727 3001 5749 .
3037 5701 3157 5740 cum
3201 5701 3257 5738 se.
3305 5683 3396 5740 alii

1433 5784 1668 5839 ΫΛῘΗᾹΞ
1714 5780 2113 5838 LECTIONES.

189 5877 237 5905 ³’
279 5872 564 5937 προέδωκε
599 5889 784 5944 margo
809 5874 868 5929 Ρ.
