4158 6438
766 375 872 435 91.3

2030 363 2347 424 GEORGII
2392 361 2734 423 MONACHI

3927 362 4020 425 945.

763 490 900 541 alios
934 486 1339 547 eonculcarent,
1383 484 1519 537 alios
1566 484 1750 537 hostes
1788 480 2145 552 perimerent,
2191 490 2339 534 tanta

2452 474 2549 525 λων
2578 474 3071 543 συμπατουμένων,
3100 473 3204 524 τῶν
3233 473 3288 525 δὲ
3310 473 3415 525 ὑπὸ
3444 472 3550 523 τῶν
3576 474 3853 542 πολεμίων
3878 473 4020 526 ἀναι-

768 581 1050 633 hominum
1092 589 1269 649 strage
1307 588 1510 646 quanta
1562 592 1661 629 nec
1704 593 1734 629 a
1784 576 1983 629 saeculo
2018 574 2205 629 audita
2233 585 2335 628 est.

769 673 875 723 Leo
924 671 1257 725 domesticus
1310 670 1363 723 in
1423 668 1799 721 Mesembriam
1856 681 2047 735 sospes
2088 675 2341 735 receptus

764 772 869 816 rst.
907 765 1109 818 Praeter
1123 762 1290 833 882
1308 762 1446 815 alios
1475 775 1604 813 vero
1638 760 1692 812 in
1726 775 1921 828 pugna:
1954 758 2340 827 congressione

766 864 995 909 necatus
1029 864 1112 907 est
1141 853 1534 908 Constantinus
1571 851 1701 905 Afer
1732 861 1788 905 et
1825 852 2066 905 Joannes
2108 848 2336 918 Grapso,

767 946 967 1013 επηορ
1006 946 1315 1000 oliicialium
1351 960 1751 1014 procerumque
1779 944 2082 1013 perplures.

842 1040 925 1090 ιῗ.
979 1039 1170 1091 Missus
1218 1038 1395 1091 fuerat
1446 1049 1500 1093 et
1550 1039 1827 1091 Romanus
1856 1037 2118 1104 patricius
2151 1037 2340 1105 reique

771 1128 973 1180 navalis
1032 1129 1363 1198 drungarius
1406 1143 1530 1181 eum
1584 1126 1731 1180 omni
1775 1128 1969 1189 classe,
2016 1133 2075 1179 ut
2103 1125 2336 1179 Danubii

769 1221 953 1272 littora
984 1221 1185 1288 legeret
1212 1219 1451 1274 acLeoni
1476 1219 1668 1272 Pauca:
1694 1218 1973 1290 suppetias
2007 1217 2108 1271 iret
2134 1233 2144 1265 :
2182 1217 2342 1271 Joan-

772 1326 869 1363 nes
907 1311 1034 1363 item
1064 1310 1256 1379 Bogas,
1300 1310 1377 1362 uti
1410 1308 1617 1361 dictum
1648 1318 1752 1370 est,
1780 1310 1874 1378 qui
1898 1309 2216 1362 Patzinacas
2245 1307 2341 1361 ad-

770 1404 1015 1456 duceret.
1074 1402 1352 1456 Romanus
1386 1401 1721 1471 drungarius
1748 1400 1798 1453 in
1823 1400 2091 1453 mandatis
2119 1414 2344 1469 accepe-

772 1503 854 1547 rat
884 1502 940 1546 ut
970 1508 1065 1547 eos
1087 1493 1379 1547 adversum
1416 1494 1678 1562 Bulgaros
1702 1491 1907 1544 auxilio
1929 1490 2147 1544 futurus
2173 1489 2341 1543 Leoni

773 1587 967 1641 l‘hocze
1011 1586 1303 1655 trajicerct.
1346 1584 1636 1651 \‘ersisque
1687 1584 1765 1636 eis
1809 1583 1861 1635 in
1894 1582 2118 1636 dissidia
2149 1581 2344 1636 verbo-

773 1693 1003 1746 rumque
1027 1676 1409 1732 contentiones
1429 1715 1442 1740 ,
1477 1675 1728 1729 videntes
1758 1676 2076 1730 Patzinaces
2097 1674 2172 1728 sic
2202 1674 2343 1726 inter

774 1785 831 1823 se
865 1771 1146 1826 discordes
1180 1777 1342 1837 atque
1379 1767 1638 1823 rixantes.
1674 1766 1895 1819 domum
1936 1765 2167 1819 rediere.

846 2038 930 2089 18.
978 2038 1094 2089 .lam
1124 2050 1254 2091 vero
1288 2036 1441 2088 ﬁnito
1478 2036 1641 2094 bello,
1691 2048 1755 2086 ac
1794 2043 1907 2085 tum
1940 2034 2185 2086 Romano
2230 2040 2342 2082 tum

776 2130 915 2198 Baga
972 2128 1027 2182 in
1085 2127 1276 2181 urbem
1333 2128 1592 2187 reversis,
1634 2140 1823 2178 eorum
1865 2135 2011 2177 mota
2046 2137 2209 2178 causa
2238 2130 2340 2175 est.

773 2221 1035 2291 Adeoque
1088 2220 1142 2274 in
1198 2228 1409 2273 tantum
1453 2219 1681 2273 Romani
1716 2216 2001 2286 drungarii
2039 2216 2343 2285 perieulum

776 2313 1025 2368 adductae
1057 2327 1165 2377 res,
1205 2320 1262 2365 ut
1285 2310 1596 2365 amissionls
1617 2310 1884 2363 luminum
1922 2323 2082 2378 poena
2109 2309 2185 2362 illi
2232 2318 2344 2362 sta-

779 2420 891 2463 tuta
913 2409 1004 2473 sit,
1027 2407 1179 2461 velut
1205 2407 1297 2475 qui
1323 2405 1651 2475 negligentia
1680 2420 1777 2458 seu
1802 2405 1987 2474 potius
2017 2403 2184 2458 animi
2218 2418 2347 2472 pra-

776 2501 943 2554 vitate
984 2514 1049 2553 ac
1087 2498 1333 2567 nequitia
1376 2498 1696 2552 Patzinaeas
1735 2510 1842 2548 non
1893 2494 2219 2565 traiecisset,
2251 2493 2344 2548 sed

777 2608 834 2647 se
869 2590 1033 2645 citius
1066 2590 1454 2649 subduxisset,
1489 2604 1550 2641 ac
1579 2604 1645 2640 ne
1681 2586 1952 2657 fugientes
1978 2586 2199 2655 quidem
2236 2586 2344 2639 Ro-

779 2698 972 2737 manos
1024 2683 1075 2736 in
1124 2682 1357 2735 navibus
1409 2681 1729 2748 recepisset.
1781 2681 1857 2732 Ac
1904 2678 1976 2733 ita
2017 2687 2166 2733 certe
2214 2680 2351 2733 luis-

777 2786 882 2840 set,
927 2775 1031 2828 nisi
1092 2773 1450 2827 Constantino
1502 2772 1749 2842 Gongulo
1801 2780 1859 2826 et
1905 2771 2184 2840 Stephano
2238 2787 2352 2825 ma-

778 2870 953 2937 gistro
983 2908 996 2927 ,
1048 2882 1154 2936 qua
1202 2865 1345 2934 apud
1412 2866 1709 2934 Augustam
1765 2879 1977 2918 summa
2026 2864 2352 2919 auctoritate

779 2960 1076 3029 pollebant,
1114 2957 1525 3011 connitentibus
1550 2958 1601 3011 in
1628 2956 1966 3011 contrarium
1990 2956 2095 3011 lata
2128 2966 2353 3013 senten-

781 3053 851 3105 tia
880 3053 953 3105 illi
980 3067 1131 3103 te:.~ta
1160 3060 1324 3104 esset.

852 3144 916 3195 19
992 3142 1234 3211 Bnlgaris
1260 3151 1444 3196 autem
1477 3157 1574 3211 per
1601 3141 1655 3195 id
1690 3153 1905 3211 tempus
1935 3142 2163 3197 victoria
2194 3142 2355 3197 elatis

2454 567 2750 636 ρουμένων,
2779 568 3010 635 αἵματός
3047 584 3105 619 τε
3141 566 3296 635 χύσις
3333 567 3419 618 οἶα
3441 566 3501 630 ἐξ
3535 567 3731 629 αἰῶνος
3757 566 3861 620 οὐκ
3908 568 4022 633 ἐγέ-

2451 675 2587 711 νετο.
2640 658 2792 711 Λέων
2838 662 2864 711 ὁ
2916 658 3235 729 δομέστικος
3299 660 3357 711 ὲν
3408 658 3745 728 Μεσημϐρίᾳ
3795 658 4021 725 διεσώθη

2451 749 2655 817 φυγών.
2706 749 2951 819 Ἐσφάγη
2984 750 3041 802 δὲ
3089 750 3225 821 πρὸς
3266 752 3377 812 τοῖς
3409 748 3592 811 ἄλλοις
3622 748 3679 802 ὲν
3704 752 3771 819 τῇ
3806 748 3904 800 τοῦ
3934 766 4022 800 πο-

2450 842 2616 912 λέμου
2659 842 2902 914 συμϐολῇ
2934 844 3029 896 καὶ
3063 844 3473 904 Κωνσταντῖνος
3506 843 3535 893 ὁ
3573 840 3682 909 Λὶψ
3716 842 3813 893 καὶ
3854 841 4023 892 Ἰωάϊ

2451 952 2547 1003 νης
2578 936 2604 987 ό
2636 935 2865 1005 Γράψων
2890 935 2982 988 καὶ
3003 935 3154 988 ἄλλοι
3176 934 3283 988 τῶν
3310 934 3589 1004 ἀρχόντων
3620 933 3819 986 ἱκανοί.

2523 1026 2612 1091 ιζ’.
2653 1027 2956 1096 Ἀπεστάλη
2984 1029 3040 1080 δὲ
3094 1027 3215 1080 τότε
3266 1025 3362 1078 καὶ⁵
3403 1024 3686 1095 Ῥωμανὸς
3741 1022 4025 1091 πατρίκιος

2453 1120 2545 1169 καὶ
2581 1118 2945 1188 δρουγγάριος
2983 1117 3058 1171 ὢν
3085 1117 3195 1170 τῶν
3222 1117 3488 1187 πλωῖμων
3533 1118 3670 1185 μετά
3698 1115 3902 1176 παντὸς
3938 1112 4022 1164 τοῦ

2453 1206 2639 1258 στόλου
2665 1208 2721 1258 ἐν
2743 1207 2818 1276 τῷ
2846 1207 3126 1277 Δανουϐἱῳ
3158 1206 3388 1277 ποταμῷ
3421 1206 3708 1276 βοηθήσων
3738 1203 3933 1257 Λέοντι
3954 1200 4023 1269 τῷ

2444 1298 2612 1367 Φωκᾷ
2640 1314 2651 1326 ·
2694 1298 2830 1351 ἀλλὰ
2854 1299 2949 1351 καὶ
2992 1300 3247 1368 Ἰωάννης
3277 1298 3304 1350 ὁ
3340 1299 3517 1366 Βογᾶς
3549 1299 3887 1364 καταγαγεῖν
3916 1294 4021 1346 [Ια-

2451 1389 2732 1454 τζίνακας,
2784 1390 2857 1453 ὡς
2903 1390 3252 1461 προείρηται,
3284 1370 3671 1450 κελευᾶθέντος
3710 1387 3806 1439 τοῦ
3843 1386 4028 1455 ὅρου-ί-

2451 1480 2645 1550 γαρίου
2686 1480 2968 1550 Ῥωμανοῦ
3002 1480 3334 1552 διαπερᾶσαι
3360 1482 3583 1543 τούτους
3627 1478 3771 1531 κατά
3806 1476 4029 1543 Book-{i-

2454 1588 2583 1640 ρων,
2621 1571 2762 1624 ὥστε
2803 1573 3167 1643 συμμαχῆσαι
3195 1574 3384 1627 Λέοντι
3406 1575 3591 1643 Φωκᾷ.
3640 1569 3927 1641 Ῥωμανοῦ
3978 1567 4029 1618 δὲ

2452 1663 2546 1714 καὶ
2591 1663 2838 1716 Ἰωάννου
2877 1664 2970 1716 τοῦ
3001 1665 3146 1731 Βογᾶ
3187 1668 3266 1726 εἰς
3321 1665 3505 1737 ἔριδας
3556 1666 3649 1716 καὶ
3697 1660 4027 1729 λογομαχίας

2456 1753 2722 1819 ἐλθόντες,
2753 1755 2987 1824 ὁρῶντες
3017 1758 3215 1819 αὐτοὺς
3238 1760 3288 1810 οἱ
3331 1756 3666 1819 Πατζίνακοι
3701 1754 3842 1824 πρὸς
3875 1752 4031 1817 ἀλλή-

2379 1887 2418 1943 B
2454 1847 2575 1910 λους
2608 1849 3039 1921 διαμαχομένους
3084 1852 3179 1903 καὶ
3215 1851 3607 1915 στασιάζοντας
3663 1846 4030 1917 ὑπεχώρησαν

2449 1942 2526 2002 εἰς
2552 1941 2618 1992 τά
2654 1941 2780 1993 ἴδια.

2522 2031 2612 2097 ιη’.
2661 2033 2766 2086 Τοῦ
2799 2034 3039 2103 πολέμου
3067 2034 3125 2087 δὲ
3174 2033 3278 2104 ήδη
3307 2034 3460 2097 τέλος
3488 2032 3749 2094 λαὸόντος
3772 2031 3869 2082 καὶ
3907 2031 4031 2081 6:0-

2450 2124 2797 2195 στρεψάντων
2830 2126 2885 2176 ὲν
2936 2129 3002 2194 τῇ
3044 2125 3195 2179 πόλει
3236 2125 3328 2178 τοῦ
3381 2143 3439 2177 τε
3483 2123 3764 2195 Ῥωμανοῦ
3818 2121 3917 2174 καὶ
3944 2119 4031 2170 τοῦ

2451 2216 2613 2283 Βογᾶ,
2646 2217 2713 2268 τὰ
2759 2217 2875 2269 κατ’
2924 2219 3104 2270 αὐτῶν
3134 2219 3494 2289 ἐκινήθησαν,
3528 2220 3622 2270 καὶ
3669 2218 3749 2278 εἰς
3781 2214 4033 2269 τοσοίτον

2450 2309 2692 2362 κίνδυνον
2743 2310 2834 2362 τὸν
2902 2311 3269 2383 δρουγγάριον
3313 2312 3600 2382 Ῥωμανδν
3665 2310 4035 2380 περιέστησαν

2450 2403 2589 2457 ὥστε
2622 2404 3099 2469 καταδικάζουσαν
3128 2405 3312 2476 ψῆφον
3345 2407 3675 2476 ἀνήνεγκαν,
3704 2403 3818 2456 τῶν
3839 2401 4036 2470 ὀφθαλ-

2454 2498 2569 2565 μῶν
2600 2497 2935 2567 στερηθῆναι
2982 2498 3058 2561 ὼς
3092 2499 3344 2569 ἀμελείᾳ,
3386 2500 3586 2569 μᾶλλον
3634 2498 3689 2550 δὲ
3727 2494 4037 2566 κακουργίᾳ

2455 2586 2529 2655 μή
2558 2586 2963 2656 διαπεράσαντα
3004 2590 3128 2651 τοὺς
3163 2589 3533 2653 Πατζίνακας,
3569 2588 3686 2641 ἀλλ’
3746 2589 4039 2657 ὑποχωρή-

2455 2696 2622 2731 σαντα
2656 2680 2844 2749 τάχιον
2866 2686 2958 2732 καὶ
2995 2680 3133 2751 μηδὲ
3158 2681 3284 2743 τοὺς
3317 2682 3617 2750 φεύγοντας
3661 2681 3957 2749 Ῥωμαίων
3982 2681 4037 2730 ἐν

2453 2775 2564 2833 τοῖς
2600 2770 2804 2833 πλοίοις
2832 2772 3251 2841 ὑποδεξάμενον.
3291 2774 3399 2825 Καὶ
3436 2773 3593 2824 τοῦτο
3627 2774 3692 2824 ἂν
3726 2771 3769 2801 ³⁷
3805 2772 4041 2823 ἐπεπόν-

2454 2864 2557 2931 θει,
2589 2867 2637 2917 εἰ
2665 2866 2741 2936 μὴ
2778 2867 2927 2935 παρὰ
2958 2866 3373 2920 Κωνσταντίνου
3404 2867 3676 2934 Γογγύλου
3706 2866 3806 2918 καὶ
3829 2865 4041 2933 Στεφά-

2455 2973 2545 3011 νου
2580 2956 2674 3009 τοῦ
2710 2958 3036 3026 μαγίστρου,
3078 2958 3153 3021 ὡς
3186 2958 3504 3029 δυναμένων
3532 2958 3681 3029 παρά
3718 2960 3785 3028 τῇ
3826 2958 4042 3025 Αὐγού-

2458 3066 2556 3119 στῃ
2588 3049 2777 3114 πολλὰ,
2809 3052 2876 3103 τὰ
2909 3053 3011 3118 τῆς
3037 3050 3335 3121 καταδίκης
3361 3052 3665 3122 ἀνετράπη.

2532 3140 2618 3211 [Ρ.
2647 3141 2775 3213 570]
2804 3141 2889 3194 ιθ’.
2928 3142 3051 3196 Τῶν
3078 3143 3137 3195 δὲ
3170 3142 3498 3212 Βουλγάρων
3525 3142 3785 3213 τηνικάδε
3820 3145 3891 3212 τῇ
3921 3143 4047 3213 νίκῃ

780 3236 844 3288 ςηΙ
878 3236 1156 3303 ipsamque
1184 3234 1375 3287 urbem
1414 3233 1858 3296 excurrentibus,
1894 3249 2149 3304 egressus
2175 3234 2228 3287 in
2258 3249 2346 3288 eos

2457 3235 2912 3305 κατεπαρθέντων
2947 3238 3040 3290 καὶ
3071 3236 3590 3307 ἐκστρατευσάντων
3618 3235 3784 3305 μέχρι
3819 3236 3925 3302 τῆς
3955 3236 4047 3286 πὸ-

778 3336 859 3380 est
878 3327 987 3381 Leo
1018 3327 1290 3395 legionum
1309 3324 1645 3380 domesticus
1664 3334 1718 3379 et
1737 3326 1977 3380 Joannes
1997 3327 2162 3397 883
2183 3327 2351 3382 hetae-

780 3421 1015 3481 riarclia,
1048 3419 1322 3486 Duc-isque
1357 3417 1502 3473 ﬁlius
1533 3417 1808 3481 Nieolaus,
1852 3419 1907 3473 in
1960 3420 2141 3473 locum
2188 3436 2348 3488 quem

778 3512 1088 3579 Catasyrtas
1130 3518 1347 3572 vocant,
1397 3524 1522 3564 cum
1573 3510 1889 3579 ingentibus
1918 3509 2125 3579 copiis;
2158 3519 2352 3565 noctu-

779 3619 885 3671 que
931 3618 995 3657 cx
1041 3601 1339 3671 improviso
1395 3600 1738 3655 irruentibus
1788 3600 1845 3654 in
1882 3616 1980 3657 eos
2014 3602 2263 3671 Bulgaris
2288 3618 2352 3657 ac

780 3693 1081 3748 domestico
1099 3693 1152 3745 in
1181 3691 1359 3761 fugam
1385 3706 1565 3753 verso,
1591 3691 1844 3746 Nicolans
1870 3693 2030 3745 Ducis
2054 3694 2199 3746 filius
2224 3708 2348 3746 enin

779 3786 899 3839 aliis
930 3785 1119 3839 multis
1145 3787 1361 3840 occisus
1392 3795 1493 3839 est.

846 3969 934 4022 ΞΟ.
991 3969 1316 4024 Theodorus
1358 3971 1540 4040 itaque
1600 3971 1949 4028 Constantini
1999 3974 2352 4044 imperatoris

780 4060 1124 4130 paedagogus,
1148 4060 1568 4117 Constantinum
1596 4066 1969 4120 accubitorem
1994 4067 2099 4122 hoc
2116 4068 2351 4124 molien-

779 4161 888 4205 tem
924 4152 1366 4209 animadvertetis
1408 4164 1467 4208 ut
1501 4157 1791 4225 imperium
1827 4159 1879 4212 in
1922 4159 2161 4215 Leonem
2189 4178 2350 4217 suum

778 4259 841 4295 ex
871 4259 1057 4295 sorore
1108 4245 1320 4299 allinem
1354 4248 1693 4311 transferret,
1721 4250 2079 4307 Constantino
2116 4255 2353 4323 impera-

783 4336 884 4386 tori
917 4345 1112 4389 auctor
1154 4346 1237 4390 est
1281 4349 1340 4391 ut
1375 4338 1679 4395 Romanum
1717 4341 2077 4413 drnngarium
2107 4359 2353 4401 assnmat

778 4426 925 4479 \‘elnt
957 4425 1088 4480 olim
1123 4427 1297 4495 patris
1333 4444 1552 4483 servum
1585 4430 1881 4500 ingenuum
1939 4434 2198 4505 illiusque
2226 4453 2352 4505 pro-

773 4531 941 4585 pensa
976 4519 1255 4573 voluntate
1277 4521 1513 4577 amicum
1544 4538 1606 4576 ac
1634 4525 1961 4589 studiosum,
1992 4536 2051 4582 ut
2079 4543 2203 4582 cum
2234 4531 2352 4599 ipso

776 4617 1013 4665 maneat.
1068 4617 1364 4679 custosque
1409 4621 1465 4666 et
1513 4614 1714 4669 vindex
1774 4625 1939 4685 atque
1982 4617 2266 4681 defensor,
2298 4622 2350 4673 in

773 4699 977 4766 quibus
994 4717 1215 4757 necesse
1237 4702 1513 4767 habuerit,
1549 4706 1625 4761 illi
1660 4708 1907 4763 exsistat.
1940 4710 2016 4765 De
2047 4711 2133 4767 his
2164 4712 2348 4783 itaque

773 4792 920 4845 haud
967 4809 1091 4847 raro
1141 4794 1520 4865 interpellatus
1555 4800 1833 4855 Romanus
1866 4803 2153 4860 abnuerat.
2201 4807 2345 4872 Qua-

776 4892 999 4950 propter
1036 4884 1429 4942 Constantinus
1472 4889 1589 4958 ipse
1642 4892 1943 4960 imperator
1984 4896 2195 4952 litteras
2231 4914 2349 4968 pro-

774 4972 890 5039 pria
920 4988 1084 5027 manu
1122 4985 1374 5031 exaratas
1434 4980 1947 5053 snbscriptioneque
1973 4987 2237 5051 ﬁrmatas,
2277 4991 2343 5045 ad

774 5078 901 5116 eum
934 5064 1141 5127 mittit;
1198 5068 1401 5135 quibus
1436 5070 1527 5125 ille
1572 5072 1625 5124 in
1680 5090 1879 5129 manus
1904 5078 2165 5148 acceptis,
2203 5080 2348 5134 Con-

773 5157 1073 5211 stantinum
1097 5160 1466 5217 accubitorem
1494 5165 1723 5234 ejusque
1756 5167 1945 5223 aﬂines
1964 5185 2028 5224 ea
2054 5186 2111 5225 se
2139 5188 2350 5242 aggres-

774 5263 963 5301 surum
998 5251 1251 5305 cautione
1279 5255 1333 5307 in
1368 5271 1427 5309 se
1459 5258 1686 5325 recepit.

842 5341 933 5395 2i.
988 5343 1118 5413 Ejus
1156 5346 1340 5417 itaque
1394 5350 1469 5402 rei
1508 5351 1615 5406 late
1667 5368 2000 5427 pervagante
2033 5359 2195 5424 fama,
2220 5378 2343 5415 cum

774 5435 1058 5490 accubitor
1091 5437 1395 5494 Romanum
1444 5454 1664 5513 urgeret
1695 5456 1755 5500 ut
1794 5462 1918 5503 cum
1968 5452 2140 5506 classe
2180 5454 2346 5523 proﬁ-

773 5526 1090 5592 risceretur,
1142 5532 1472 5588 causabatur
1514 5536 1604 5591 ille
1636 5553 1697 5592 ac
1730 5541 2024 5596 excusabat
2053 5559 2160 5598 non
2186 5560 2347 5614 posse

778 5632 834 5667 se
886 5619 1000 5672 vela
1061 5624 1238 5677 ventis
1287 5625 1415 5681 dare
1448 5643 1509 5681 ac
1536 5629 1885 5701 abnavigare,
1920 5651 2043 5691 cum
2100 5638 2345 5693 nondum

2460 3329 2615 3391 λεως,
2650 3327 2875 3395 ἐξῆλθεν
2904 3328 3056 3382 Λέων
3092 3330 3121 3381 ὁ
3170 3328 3492 3399 δομὲστικος
3540 3327 3650 3380 τῶν
3682 3328 3901 3398 σχολῶν
3954 3328 4047 3379 καὶ

2471 3420 2723 3491 Ἰωάννης
2749 3421 3134 3492 ἑταιρειάρχης
3165 3421 3259 3474 καὶ
3278 3421 3548 3483 Νικόλαος
3580 3422 3608 3474 ό
3636 3421 3751 3483 υἱὸς
3784 3421 3886 3473 τοῦ
3910 3422 4044 3474 Δου-

2460 3513 2553 3576 κὺς
2582 3514 2661 3575 εὶς
2696 3513 2873 3583 χῶρον
2895 3513 3157 3584 Θρᾳκῷον
3184 3512 3328 3566 οὕτω
3356 3513 3648 3584 λεγόμενον
3671 3512 4045 3585 Κατασύρτας

2460 3607 2576 3676 ἅμα
2636 3607 2876 3678 πλείστῳ
2916 3608 3031 3677 λαῷ
3082 3608 3223 3662 κατά
3256 3608 3605 3678 Βουλγάρων.
3652 3608 3734 3677 Τῇ
3777 3608 3841 3660 δὲ
3890 3610 4046 3661 νυκτὶ

2459 3701 2738 3772 ἀδοκήτως
2776 3703 3151 3756 ἐπιπεσόντων
3202 3702 3387 3763 αὐτοῖς
3417 3703 3524 3756 τῶν
3581 3701 3923 3773 Βουλγάρων
3954 3704 4049 3753 καὶ

2461 3792 2555 3846 τοῦ
2606 3793 2932 3862 δομεστῑκου
2980 3795 3246 3863 φυγόντος
3302 3794 3516 3865 ἐσφάγη
3554 3794 3829 3858 Νικόλαος
3862 3798 3891 3849 ὁ
3934 3796 4046 3858 υἱὸς

2460 3885 2553 3937 τοῦ
2583 3886 2783 3948 Δουκὸς
2807 3888 2901 3938 καὶ
2934 3886 3122 3939 πολλοὶ
3141 3886 3318 3957 ἕτεροι
3356 3888 3476 3955 μετ’
3507 3884 3696 3940 αὑτοῦ.

2531 3974 2602 4030 κ’.
2630 3975 2905 4046 Θεόδωρος
2956 3976 3049 4035 οὖν
3091 3978 3120 4030 ὁ
3163 3976 3257 4031 τοῦ
3312 3976 3571 4047 βασιλέως
3618 3979 4044 4031 Κωνσταντξνου

2462 4068 2809 4137 παιδαγωγὸς
2864 4067 3007 4139 όρῶν
3058 4069 3470 4123 Κωνσταντῖνον
3533 4073 4049 4140 παρακοιμώμενεν

2460 4164 2540 4223 εἰς
2565 4161 2770 4213 Λέοντα
2797 4161 2890 4213 τὸν
2919 4159 3049 4212 ῐδιον
3101 4159 3351 4231 γαμϐρὸν
3392 4160 3495 4229 τήν
3532 4158 3820 4228 βασιλείαν
3856 4178 4051 4231 σφετε-

2464 4252 2771 4321 ριζόμενον,
2807 4251 3051 4323 ὑπέθηκε
3080 4252 3477 4323 Κωνσταντὶνῳ
3504 4251 3719 4322 βασιλεί
3758 4253 4048 4323 Ῥωμνῆδν

2459 4344 2820 4414 δρουγγάριον
2855 4344 3228 4415 προὸαλέσθαι
3257 4345 3331 4409 ὡς
3353 4346 3619 4415 πατρικὸν
3652 4346 3830 4399 αὑτοῦ
3860 4348 4051 4402 δοίλςν

2461 4438 2555 4489 καὶ
2596 4435 2788 4490 εὔνουν
2833 4438 2902 4490 τὰ
2953 4438 3090 4508 πρὸς
3123 4438 3307 4503 αὐτὸν,
3339 4438 3415 4500 ὡς
3446 4438 3513 4491 ἂν
3616 4438 3715 4491 σὺν
3742 4440 3921 4511 αὐτῷ,
3958 4445 4053 4493 καὶ

2460 4531 2840 4598 διαφυλάττειν
2893 4531 3077 4595 αὐτὸν,
3118 4531 3215 4583 καὶ
3244 4531 3301 4581 ὲν
3329 4526 3410 4592 οἷς
3439 4530 3505 4582 ἂν
3536 4530 3711 4582 δέοιτο
3750 4532 4052 4601 σύμμαχον

2384 4598 2431 4656 Ῑ)
2459 4620 2605 4690 ἔχειν
2660 4622 2754 4674 καὶ
2808 4620 3019 4691 βοηθόν.
3054 4619 3320 4684 Πολλάκις
3358 4618 3449 4673 οὖν
3487 4621 3617 4689 περὶ
3646 4598 3842 4673 τούτου
3874 4598 4051 4692 λαλη-

2460 4712 2575 4775 θεὶς
2624 4713 2900 4782 Ῥωμανὸς
2937 4712 3229 4766 ἀπείπατο.
3280 4711 3670 4783 Γραμματεῖον
3694 4708 3791 4765 οὖν
3820 4714 3849 4765 ὀ
3887 4714 4055 4780 βασι-

2458 4806 2582 4868 λεὺς
2642 4808 3051 4869 Κωνσταντῖνος
3104 4806 3409 4876 αὐτοχείρῳ
3462 4806 3801 4876 διαχαράξας
3854 4812 4053 4878 γραφῇ

2457 4898 2554 4950 καὶ
2613 4898 2907 4966 ὑπογραφῇ
2966 4896 3460 4965 διασφαλισάμενος
3506 4895 3831 4948 ἀπέστειλεν
3870 4901 4052 4968 αὐτῷ.

2458 4992 2637 5061 Ὅπερ
2667 4982 2825 5053 οὗτος
2858 4990 2951 5042 ἐπὶ
3012 4992 3201 5059 χεῖρας
3243 4987 3425 5041 λαϐὼν
3461 4988 3728 5058 ὑπέσχετο
3764 4991 3869 5062 τήν
3904 4995 4057 5045 κατὰ

2457 5083 2551 5137 τοῦ
2589 5082 3089 5155 παρακοιμωμένου
3122 5083 3533 5137 Κωνσταντίνου
3574 5084 3667 5133 καὶ
3703 5084 3813 5135 τῶν
3838 5101 4053 5154 συγγε-

2457 5178 2562 5230 νῶν
2587 5176 2750 5230 αὐτοῦ
2780 5176 3028 5229 ἐπίθεσιν
3059 5169 3157 5231 ὦδε
3188 5176 3537 5245 ποιήσασθαι.

2527 5361 2631 5411 κα’.
2669 5360 2780 5428 Τῆς
2837 5359 3027 5429 φήμης
3070 5357 3163 5411 οὖν
3196 5375 3399 5428 ταυτης
3438 5358 3779 5430 διαθεούσης.
3820 5365 3921 5416 καὶ
3958 5366 4055 5419 τοῦ

2456 5451 2958 5523 παρακοιμωμένου
3040 5451 3455 5510 Κωνσταντίνου
3521 5455 4050 5519 καταναγκάζοντο.

2466 5545 2744 5612 Ῥωμανὸν
2777 5543 3106 5614 ἀποκινῆσαι
3137 5544 3274 5612 μετὰ
3316 5543 3410 5596 τοῦ
3442 5544 3655 5607 στόλου,
3683 5546 3851 5610 αὐτὸς
3880 5566 4043 5619 προε-

2456 5638 2717 5710 φασίξετο
2744 5638 3019 5700 ἀδυνάτως
3045 5637 3189 5707 ἔχειν
3212 5638 3303 5691 τοῦ
3335 5638 3603 5692 ἀποπλεῖν
3622 5640 3699 5708 μὴ
3728 5640 3825 5695 τοῦ
3854 5645 4039 5696 στόλοι

2048 5755 2278 5811 VMWE
2304 5756 2707 5815 LISCTIONES.

840 5807 875 5829 ⁵³
912 5804 995 5859 ,ἁνῖ
1023 5805 1124 5871 μὲν
1158 5807 1214 5858 ι’.
