4158 6438
160 375 258 436 945

1243 377 1437 434 ΥΙΤΕ
1479 377 2029 437 RECENTIORUM
2074 382 2269 441 lMl’l’.

3284 394 3387 452 {illi

157 488 250 557 τὴν
289 485 684 556 νενομισμένην
715 484 883 555 ρόγαν
903 483 1175 546 λαόὀντος.
1220 484 1306 536 Ἑν
1340 488 1405 555 τῇ
1431 486 1716 555 ὲξαρτύσει

1827 490 2010 542 classis
2067 492 2287 545 mililari
2321 494 2593 562 stipendio
2631 512 2690 549 ac
2731 499 2972 567 legitimo
2999 501 3199 556 donata
3221 514 3387 558 esset.

156 580 207 629 δὲ
245 578 397 639 aveo;
415 575 510 628 τοῦ
550 572 829 644 Ῥωμανοῦ
866 574 957 626 καὶ
1001 572 1069 625 τὰ
1112 574 1268 626 πλοῖα
1314 574 1721 645 εὐτρεπίζοντος

158 668 344 731 ἐξῆλθε
425 668 830 727 Κωνσταντῖνος
893 664 1388 735 παρακοιμὼμενος
1462 669 1721 721 ἐπισπου-

153 762 325 813 ὁάσων
361 760 522 811 αὑτὸν
574 758 667 810 τοῦ
734 757 1054 811 ἐκπλεῦσαι.
1098 758 1157 810 Ὀ
1189 759 1245 811 δὲ
1296 758 1470 829 τούτῳ
1495 761 1722 831 δουλικῷ

155 855 228 922 τῷ
261 854 501 922 σχήματι
522 855 1000 923 προσυπήντησεν,
1026 854 1118 905 καὶ
1148 853 1445 923 προθύμως
1479 857 1721 924 ποιήσειν

153 947 211 996 τὸ
254 945 612 1013 κελευόμενον
668 943 1055 1013 ἐπηγγέλλετο.
1105 944 1471 1016 ’Υποστρέψαι
1514 947 1568 999 δὲ
1602 948 1719 1017 βου-

150 1038 378 1105 λομένου
423 1037 518 1089 τοῦ
566 1036 1089 1107 παρακοιμωμένου,
1120 1038 1214 1089 καὶ
1279 1040 1327 1090 εί
1377 1038 1489 1108 ἔχοι
1524 1040 1722 1108 ἄνδρας

151 1130 373 1192 εὐειδεῖς
406 1130 498 1182 καὶ
530 1129 811 1195 γενναίους
845 1130 948 1199 τὴν
977 1129 1264 1200 βασιλικὴν
1297 1130 1538 1201 ἐρέττειν
1569 1134 1723 1201 τριή-

154 1239 253 1289 ρην
286 1222 535 1283 εἰπόντος
587 1221 723 1290 πρὸς
764 1220 1064 1290 Ῥωμανὸν,
1122 1215 1274 1284 οὗτος
1318 1221 1479 1284 εὐθὺς
1508 1221 1722 1276 ἔνευσεν

151 1314 337 1376 αὐτοῖς
359 1315 423 1382 τῇ
464 1312 608 1382 χειρὶ
652 1313 890 1381 ἑτοίμοις
917 1306 1035 1364 οὖσι
1072 1312 1297 1375 πλησίον
1329 1312 1523 1365 ἐλθεῖν.
1569 1316 1631 1366 Oi
1664 1315 1719 1367 δὲ

146 1404 342 1472 τὲτῆς
370 1403 563 1471 βουλῆς
593 1403 813 1465 εἰδότες,
860 1401 1086 1469 ἔγγιστα
1144 1403 1242 1473 ἤδη
1304 1404 1398 1456 τοῦ
1444 1404 1721 1474 δρόμωνος

158 1490 445 1558 Ῥωμανοῦ
477 1490 782 1558 γεγονότες,
816 1490 1003 1561 ἐπειδὴ
1032 1485 1185 1554 οὗτος
1212 1492 1386 1545 ὀπίσω
1419 1494 1511 1546 τοῦ
1539 1512 1721 1565 παρα-

145 1582 498 1652 κοιμωμένου
551 1582 962 1636 Κωνσταντινου
1029 1586 1373 1653 περιπατῶν,
1433 1588 1719 1657 ’Δί-αρπά-

143 1688 297 1726 vare
317 1673 503 1726 αὐτὸν
533 1672 664 1739 ταῖς
710 1675 887 1742 χερσὶ
915 1675 1013 1727 καὶ
1054 1674 1232 1743 ἄρατε
1255 1678 1459 1744 αὐτὸν,
1505 1681 1719 1750 ἐπεφώ-

142 1782 301 1835 νησε,
342 1767 685 1837 παραχρῆμα
720 1763 865 1822 οὗτοι
899 1767 1087 1822 τοῦτον
1121 1770 1472 1840 ἁρπάσαντες
1518 1775 1595 1836 εἰς
1620 1775 1720 1843 τὴν

140 1855 238 1907 τοῦ
286 1856 650 1927 δρουγγάρίου
691 1856 972 1927 Ῥωμανοῦ
1018 1861 1250 1931 τριήρην
1294 1863 1590 1932 είσήγαγον
1629 1868 1721 1919 καὶ

142 1949 204 1997 ὲν
252 1946 527 2018 ἀσφαλείᾳ
569 1949 841 2017 κατεῖχον.
875 1949 1063 2014 Οὐδεὶς
1111 1946 1205 2004 οὖν
1256 1954 1284 2004 ό
1333 1953 1721 2023 ὑπερασπίζων

138 2036 210 2109 ἦν
245 2040 279 2110 ἢ
337 2042 729 2112 κατοικτείρων
753 2042 844 2095 τὸν
874 2042 1182 2114 ἄνθρωπον,
1212 2046 1428 2100 πάντων
1456 2047 1562 2101 τῶν
1599 2065 1720 2101 συν-

139 2134 319 2186 όντων
347 2133 496 2203 αὐτῷ
526 2136 891 2205 χρησαμένων
917 2140 1085 2208 φυγῇ.

214 2242 326 2315 κβ’.
351 2245 539 2300 Ταῦτα
561 2247 685 2318 Ζωὴ
709 2248 997 2316 Δύγούστα
1038 2249 1284 2318 μαθοῦσα
1332 2254 1720 2321 προσκαλεῖται

136 2338 235 2391 τὸν
255 2340 606 2411 πατριάρχην
656 2340 924 2394 Νικόλαον
955 2343 1052 2395 καὶ
1102 2344 1228 2405 τοὺς
1259 2344 1429 2413 αὐτῆς
1464 2348 1722 2413 μεγιστᾶ-

138 2449 239 2495 νας
263 2431 363 2484 καὶ
392 2432 715 2486 ἀποστέλλει
749 2434 887 2505 πρὸς
926 2432 1012 2505 [Ρ.
1038 2433 1163 2506 571]
1203 2435 1507 2505 Ῥωμανδν,
1539 2438 1601 2491 τὸ
1627 2457 1720 2505 γε-

139 2526 308 2590 γονὸς
345 2524 644 2595 βουλομένη
674 2524 886 2594 μαθεῖν.
911 2527 1129 2580 Τούτων
1166 2528 1222 2581 δὲ
1256 2529 1720 2600 διαπερασάντων,

138 2616 316 2681 λίθοις
353 2618 381 2670 ὁ
428 2619 554 2681 λαὸς
592 2618 863 2690 ἐξήλασαν
913 2617 1186 2688 βαλόντες.
1216 2620 1424 2674 Ἕωθεν
1455 2622 1547 2675 οὖν
1580 2624 1724 2689 ἐξελ-

138 2708 319 2764 θοῦσα
347 2710 470 2780 Ζωὴ
497 2713 554 2766 ὲν
576 2711 653 2782 τῷ
680 2712 774 2766 τοῦ
810 2713 1199 2777 Βουκολέοντος
1223 2715 1434 2785 ἡλιακῷ
1454 2717 1723 2786 ἐπεφώνει

134 2799 220 2869 τῷ
253 2800 361 2870 υἱῷ
414 2803 511 2855 καὶ⁸
560 2804 694 2856 πᾶσι
715 2820 730 2835 ο
773 2803 907 2867 Πῶς
940 2803 1055 2871 ἄρα
1089 2805 1337 2874 γέγονεν
1361 2806 1399 2872 ὴ
1430 2808 1723 2875 ἀνταρσίιι

134 2892 340 2957 αὕτης
388 2893 599 2963 Ἐφησε
656 2895 711 2948 δὲ
768 2897 904 2966 πρὸς
948 2898 1121 2966 αὐτὴν
1160 2900 1187 2950 ὁ
1238 2899 1581 2965 παιδαγωγὸς
1629 2900 1720 2953 τοῦ

137 2984 419 3051 βασιλέως
451 2987 863 3041 Κωνσταντίνου
916 2988 1210 3059 Θεόδωρος,
1243 2992 1325 3043 ὅτι
1351 2991 1451 3044 Διὰ
1480 2992 1545 3045 τὸ
1576 2993 1723 3046 d10-

134 3074 325 3128 ,ζέσαι
381 3076 609 3129 Λέοντα
644 3077 750 3130 τὸν
795 3077 1005 3133 Φωκᾶν
1061 3080 1203 3143 τοὺς
1257 3080 1573 3148 Ῥωμαίους
1628 3085 1722 3136 καὶ

135 3166 613 3220 Κωνσταντῖνον
682 3167 1211 3238 παρακοιμώμενον
1298 3171 1363 3224 τὸ
1430 3172 1722 3227 παλὰτιον

134 3256 337 3311 ταῦτα
370 3259 669 3326 γεγόνασι.

213 3366 328 3434 κγ’.
364 3369 736 3433 Προσελάόετο
759 3370 817 3424 δὲ
840 3373 867 3425 ὁ
892 3373 1144 3443 βασιλεὺς
1173 3376 1436 3429 Νικόλαον
1466 3381 1724 3452 πατριάρ-

133 3475 247 3526 χην
277 3459 379 3511 καὶ
407 3460 679 3527 Στέφανον
743 3464 1044 3535 μάγιστρον
1091 3469 1328 3521 συνεῖναι
1370 3470 1517 3538 αὐτῷ
1561 3472 1616 3524 ἐν
1647 3472 1724 3538 τῷ

135 3549 421 3620 παλατίῳ,
469 3552 567 3620 τὴν
624 3555 876 3621 ἐξουσίαν
936 3558 1015 3620 είς
1041 3557 1230 3612 ἑαυτὸν
1266 3560 1372 3611 ἀπὸ
1395 3562 1490 3630 τῆς
1519 3563 1723 3632 μητρὸς

131 3640 551 3708 ἐπισπώμενος.
589 3643 667 3714 Τῇ
702 3644 757 3698 δὲ
802 3646 1065 3716 ἐπαύριον
1112 3649 1433 3703 ἀπέστειλεν
1474 3653 1724 3725 Ἰωάννην

129 3732 232 3782 etv
260 3732 555 3804 Τουόἀκην
579 3736 729 3807 Ζωὴν
765 3738 1086 3805 Αὑγούσταν
1118 3740 1213 3792 τοῦ
1249 3742 1513 3795 παλατίου
1552 3763 1722 3800 κατα-

133 3819 401 3875 ϐιϐάσαι.
441 3822 504 3875 Ἦ
532 3823 588 3876 δὲ
618 3827 735 3894 μετ’
770 3826 1030 3898 όλολυγῆς
1057 3830 1148 3882 καὶ
1181 3829 1429 3902 δακρύων
1475 3834 1555 3905 τῷ
1597 3837 1724 3889 ἐαυ-

126 3912 246 3984 τῆς
280 3913 699 3986 προπλακείσα
733 3917 835 3988 υἱῷ
882 3918 1017 3988 πρὸς
1066 3920 1415 3989 συμπάθειαν
1452 3926 1724 3995 μητρικὴν

128 4006 238 4056 καὶ
267 3999 460 4057 οἶκτον
485 4005 759 4075 ἐκίνησεν,
776 4007 850 4071 ὡς
876 4009 967 4059 τὸν
989 4006 1210 4077 βασιλέα
1237 4010 1412 4064 εἰπεῖν
1432 4029 1444 4041 ·
1477 4013 1722 4067 Ἐάσατε

125 4092 300 4149 εἶναι
333 4096 465 4165 μετ’
501 4096 646 4164 ἐμοῦ
690 4096 805 4165 τὴν
849 4098 1077 4168 μητέρα
1126 4117 1265 4169 μου.
1322 4103 1382 4154 0t
1432 4104 1488 4156 δὲ
1520 4104 1724 4176 ταύτην

127 4188 260 4257 ἅμα
287 4187 373 4255 τῷ
400 4187 545 4257 λόγῳ
573 4190 812 4258 ἀφῆκαν.

211 4299 319 4354 κδ’.
352 4300 866 4372 Προσκαλεσάμενοι
914 4302 969 4356 δὲ
1013 4304 1040 4356 ὃ
1070 4320 1129 4356 τε
1165 4303 1415 4373 βασιλεὺς
1446 4308 1538 4360 καὶ
1565 4309 1593 4360 ό
1622 4327 1726 4363 πα-

125 4394 419 4463 τριάρχης
452 4392 706 4463 Ἰωάννην
731 4394 823 4447 τόν
860 4395 1066 4466 Γαριδᾶ
1106 4398 1470 4467 προεϐάλοντο
1501 4399 1545 4431 ³³
1565 4402 1723 4471 δομέ⁹

126 4502 335 4537 στικον
365 4484 476 4535 τῶν
520 4484 749 4553 σχολῶν,
802 4484 1035 4548 δεδιότες
1065 4484 1139 4556 μὴ
1168 4488 1249 4550 είς
1287 4488 1587 4559 ἀνταρσίαν
1615 4507 1721 4559 χω·

1826 582 2092 637 Versantc
2123 597 2307 639 autem
2348 587 2400 640 in
2441 589 2617 642 navali
2655 590 2899 647 ltomano
2932 610 3202 664 navesque
3227 611 3395 665 appa-

1827 684 1999 737 rante,
2035 675 2426 733 Constantinus
2446 680 2749 745 accubitor,
2775 686 2929 751 quasi
2958 688 3230 741 solvenda:
3255 690 3393 742 elasv

1826 766 1899 818 sis
1933 768 2212 836 negotium
2256 779 2651 835 maturaturus,
2705 774 2771 826 ad
2821 790 2945 828 eum
2994 791 3246 844 egressus
3286 789 3388 832 est.

1825 855 2078 911 Occurrit
2130 859 2219 913 ille
2263 862 2446 915 servili
2492 863 3179 937 habituMgestuque,
3210 885 3392 937 prom-

1826 956 2027 1017 ptoque
2068 952 2252 1005 animo
2302 952 2573 1008 facturum
2618 972 2675 1010 se
2718 958 3011 1027 pollicetur
3035 963 3183 1028 quod
3208 962 3393 1029 jussus

1825 1049 1959 1093 erat.
2014 1041 2259 1111 Cumque
2285 1045 2395 1114 jam
2424 1046 2708 1102 accubitor
2735 1052 2937 1104 reverti
2971 1052 3159 1106 volens
3186 1067 3251 1106 ex
3282 1054 3391 1105 Ro-

1824 1146 1986 1185 mano
2038 1134 2456 1201 sciscitaretur,
2509 1154 2638 1193 num
2704 1141 2980 1210 elegantes
3029 1160 3092 1197 ac
3140 1152 3396 1198 strenuos

1824 1224 1972 1278 Viros
2004 1225 2252 1291 haberet,
2302 1230 2396 1297 qui
2435 1231 2843 1300 imperatoriam
2890 1234 3169 1289 triremem
3206 1238 3398 1305 impel-

1823 1314 1958 1379 lant,
1997 1318 2190 1371 annuit
2219 1319 2310 1373 ille
2342 1324 2521 1375 statim
2547 1339 2710 1378 manu
2734 1326 2940 1393 paratis
2966 1334 3023 1379 ut
3050 1341 3215 1395 prope
3239 1343 3391 1381 acce-

1808 1406 2040 1461 derent.
2079 1408 2140 1462 lli
2170 1419 2377 1475 autem,
2401 1429 2539 1481 quos
2568 1416 2857 1469 consilium
2888 1432 2996 1471 non
3020 1416 3237 1475 lateret.
3271 1434 3391 1469 cum

1825 1501 2069 1566 proxime
2115 1504 2225 1571 jam
2263 1505 2492 1559 Romani
2537 1508 2845 1574 praetoriam
2874 1510 3203 1578 junxissent,
3241 1512 3394 1578 isquo

1825 1603 1970 1645 retro
2018 1594 2437 1651 Constantinum
2471 1600 2842 1653 accubitorem
2878 1600 3201 1654 ambulans:
3256 1601 3395 1653 Eum

1825 1686 2063 1738 inanibus
2093 1688 2341 1755 corripite
2361 1697 2517 1758 atque
2539 1690 2731 1752 tollite,
2763 1691 3047 1744 confestim
3082 1693 3394 1753 clamasset,

1823 1784 2135 1844 correptum
2188 1777 2261 1830 illi
2305 1779 2357 1832 in
2400 1780 2628 1834 Romani
2662 1782 2945 1851 drungarii
2971 1784 3245 1836 triremem
3280 1790 3394 1836 tuta

1821 1870 2070 1922 custodia
2119 1870 2449 1925 servandum
2482 1874 2807 1927 intulerunt.
2856 1874 2958 1941 Qui
3002 1876 3178 1929 virum
3207 1875 3396 1929 defen-

1824 1959 1981 2014 deret
2030 1970 2123 2014 aut
2177 1963 2283 2015 ulla
2335 1964 2456 2033 ejus
2501 1964 2853 2018 miseratione
2910 1976 3262 2028 moveretur,
3327 1980 3393 2019 ne

1825 2068 1967 2106 unus
2017 2052 2239 2121 quidem
2302 2053 2451 2115 fuit,
2501 2056 2714 2109 eunetis
2740 2056 2866 2125 fuga
2888 2055 3113 2126 dilapsis
3136 2058 3228 2125 qui
3268 2071 3391 2111 cum

1824 2145 1944 2214 ipso
1985 2154 2163 2199 erant.

1894 2256 1983 2311 ξε.
2025 2256 2120 2313 His
2160 2260 2225 2313 ad
2273 2260 2436 2315 Zoein
2490 2263 2791 2331 Augustam
2824 2262 3066 2331 perlatis,
3115 2261 3395 2315 accersitis

1827 2348 1916 2401 illa
1954 2363 2077 2402 cum
2119 2349 2342 2405 Nieolao
2377 2352 2686 2420 patriarcha
2726 2352 3083 2422 Optimatibus
3111 2352 3246 2412 suis,
3301 2353 3393 2416 qui

1825 2439 1951 2493 facti
1974 2456 2194 2495 causam
2232 2441 2535 2511 inquirant,
2563 2444 2629 2497 ad
2666 2445 2971 2499 Romanum
3002 2444 3192 2497 mittit.
3223 2443 3392 2496 Dum-

1824 2550 1930 2602 que
1971 2534 2009 2587 ii
2058 2534 2361 2604 trajiciunt,
2405 2535 2546 2589 facta
2601 2537 2790 2606 populi
2835 2536 3073 2591 coitione
3122 2534 3396 2603 lapidibus

1824 2625 2051 2693 appetiti
2098 2640 2161 2679 ac
2196 2625 2364 2695 fugati
2420 2640 2570 2681 sunt.
2617 2628 2770 2681 Mane
2824 2628 2990 2697 igitur
3040 2640 3256 2696 egressa
3287 2626 3395 2678 Zoe

1824 2712 1892 2768 ad
1946 2713 2269 2768 Bucoleonis
2308 2715 2485 2769 solare
2523 2716 2865 2785 horologium
2907 2717 3020 2770 tilio
3074 2716 3395 2783 cunctisque

1823 2803 2125 2868 clamabat,
2156 2820 2384 2873 quonam
2424 2807 2576 2859 modo
2633 2806 2845 2859 rebellio
2896 2807 3004 2860 [nec
3054 2807 3394 2877 contigisset,

1826 2898 1914 2949 cui
1948 2895 2277 2951 Theodorus
2300 2896 2646 2952 Constantini
2678 2898 3025 2968 imperatoris
3050 2898 3393 2968 pzedagogus.

1823 2989 2015 3041 idcirco
2050 2991 2346 3060 contigisse,
2383 2991 2481 3055 ait,
2519 2992 2657 3056 quod
2679 2990 2781 3045 Leo
2817 2990 3017 3045 Phocus
3042 2989 3302 3046 Romanos
3346 3001 3395 3042 et

1824 3079 2196 3135 Constantinus
2215 3082 2479 3135 accubitor
2508 3083 2689 3135 aulam
2720 3085 2975 3155 perderet.

1895 3373 1985 3425 25.
2029 3373 2252 3426 Interim
2290 3374 2587 3441 imperator
2626 3373 2906 3427 Nicolaum
2942 3371 3307 3441 patriarcltam
3343 3384 3395 3425 et

1826 3462 2161 3531 Stephanum
2222 3464 2540 3533 magistrum
2587 3464 2691 3518 sibi
2739 3464 2791 3517 in
2840 3464 2964 3517 aula
3005 3463 3392 3531 adessejubel.

1829 3551 2087 3605 translata
2118 3552 2171 3605 in
2202 3566 2258 3605 se
2293 3568 2320 3605 a
2368 3563 2541 3606 matre
2577 3560 2867 3621 potestate.
2919 3552 3188 3605 Postridie
3231 3551 3395 3622 385

1828 3644 2027 3698 missus
2049 3644 2285 3698 Joannes
2321 3644 2590 3706 Tubaces,
2619 3644 2712 3713 qui
2748 3643 2910 3697 Zoem
2939 3645 3237 3713 Augustam
3274 3642 3395 3696 aula

1827 3736 2107 3807 dejiceret.
2132 3736 2209 3790 Ea
2236 3752 2360 3790 cum
2382 3736 2509 3790 fletu
2540 3751 2605 3790 ac
2624 3736 2831 3807 ejulatu
2858 3736 2913 3789 in
2948 3736 3043 3789 filii
3078 3736 3396 3804 complexus

1828 3843 1992 3881 ruens
2030 3827 2096 3881 ad
2144 3839 2447 3881 maternam
2483 3828 2893 3881 miserationem
2915 3827 3280 3894 atl‘ectumque
3314 3827 3397 3879 in-

1827 3917 2005 3981 ﬂexit,
2056 3917 2193 3971 adeo
2225 3926 2284 3971 ut
2330 3919 2627 3988 imperator
2653 3919 2891 3973 dixerit:
2947 3916 3110 3971 Sinite
3143 3928 3198 3969 ut
3228 3927 3398 3971 mater

1828 4026 1943 4062 mea
1968 4025 2168 4061 mecum
2188 4018 2441 4064 versetur.
2492 4010 2615 4076 Qui,
2658 4025 2783 4064 mox
2814 4019 2873 4064 ut
2897 4010 3114 4063 locutus
3138 4017 3241 4077 est,
3273 4024 3395 4063 eam

1828 4098 2119 4169 reliquere.

1894 4299 1982 4353 2.1.
2043 4297 2382 4352 Accersitum
2437 4316 2564 4352 vero
2628 4300 2927 4368 imperator
2984 4308 3038 4351 et
3089 4300 3396 4365 patriarcha

1826 4390 2090 4446 Joannem
2128 4390 2381 4445 Garidam
2422 4391 2693 4460 legionum
2741 4390 3104 4445 domesticum
3138 4390 3396 4458 prmfece—

1829 4490 1976 4548 runt,
2010 4483 2172 4536 veriti
2206 4482 2419 4536 scilicet
2452 4497 2520 4535 ne
2556 4481 2666 4535 Leo
2699 4481 2911 4535 Phocas
2940 4482 2990 4533 in
3044 4482 3396 4535 rebellionem

129 4578 293 4648 ρήσῃ
317 4575 560 4638 όΦωγΑΞς
594 4575 767 4633 Λέων.
806 4576 866 4629 ’0
891 4576 947 4630 δὲ
973 4578 1033 4630 οὺ
1061 4578 1357 4632 κατένευσε
1385 4582 1542 4635 τοῦτο
1571 4583 1723 4647 γενέ-

1830 4583 2157 4629 verteretur.
2201 4574 2318 4628 Non
2351 4572 2623 4642 acquievit
2651 4574 2739 4627 ille
2775 4583 2831 4627 ut
2865 4589 3064 4627 munus
3104 4576 3396 4643 acciperet.

127 4669 299 4729 σθαι,
360 4669 411 4719 εί
476 4666 549 4737 μὴ
602 4666 881 4737 Θεόδωρον
937 4670 1367 4738 γυναικάδελφον
1413 4672 1584 4725 αὑτοῦ
1636 4675 1727 4727 τὸν

127 4757 486 4827 Ζουφινέζερ
526 4759 619 4811 καὶ
674 4759 934 4828 Συμεῶνα
988 4761 1082 4813 τὸν
1118 4762 1232 4814 υἱὸν
1284 4762 1448 4816 αὐτοῦ
1495 4764 1730 4837 προεὸἀ-

123 4851 304 4904 λοντο
338 4849 388 4880 ³⁸
414 4848 818 4920 ἑταιρειάρχην.
839 4850 1062 4921 Ὀρκοις
1082 4851 1401 4922 βεϐαιωθεὶς
1428 4854 1519 4908 ὑπ’
1548 4856 1729 4912 αὐτῶν

126 4941 427 5013 κατῆλθεν
451 4942 511 4994 ὲν
560 4941 641 5012 τῷ
687 4943 821 5012 οἴκῳ
868 4941 1053 4999 αὑτοῦ.
1087 4945 1149 4997 Οἱ
1172 4945 1229 4997 δὲ
1257 4946 1571 5017 παραυτίκα
1604 4950 1729 5013 τοὺς

128 5035 449 5103 συγγενεῖς
476 5033 643 5086 αὐτοῦ
665 5034 757 5088 τοῦ
788 5034 1052 5088 παλατίου
1104 5036 1552 5101 καταϐιὸἀζουσι.
1592 5039 1731 5092 Τού-

127 5142 260 5178 των
329 5122 428 5177 οὖν
496 5122 632 5195 πρός
694 5124 857 5179 αὐτὸν
914 5126 1392 5195 παραγεγονότων,
1448 5127 1524 5193 ὡς
1576 5127 1734 5181 ἐθεά-

130 5231 288 5268 σατο
311 5214 535 5279 αὐτοὺς,
592 5214 789 5286 τρόμος
848 5214 1042 5269 ἔλαϐεν
1100 5216 1262 5270 αὑτὸν
1306 5218 1401 5271 καὶ
1437 5216 1607 5288 φρίκη
1639 5217 1734 5271 καὶ

130 5306 372 5375 φρενῶν
394 5306 673 5368 ἔκστασις.
705 5305 877 5368 Εὐθὺς
904 5306 999 5361 οὖν
1025 5308 1215 5377 ἐξῆλθε
1250 5310 1389 5380 πρὸς
1432 5308 1730 5380 Ῥωμαικὸν,

128 5399 247 5451 καὶ
280 5397 589 5466 διηγήσατο
631 5398 783 5468 αὐτῷ
809 5392 897 5453 οἷα
924 5400 1181 5453 πέπονθευ
1214 5401 1604 5471 συμφιλιωθεὶς
1640 5397 1731 5454 οὖν

129 5488 331 5559 αὐτῷ,
357 5490 453 5542 καὶ
484 5489 682 5560 ὅρκους
705 5490 826 5555 δοὺς
871 5492 965 5546 καὶ
1012 5491 1191 5547 λαόὼν
1229 5492 1367 5547 ὥστε
1415 5494 1543 5562 μίαν
1590 5492 1733 5562 ἔχειν

1831 4666 1935 4721 nisi
1981 4665 2306 4719 Theodorus
2348 4664 2695 4734 Zuphinezer
2741 4666 2860 4734 ejus
2914 4665 3048 4717 levir
3081 4674 3134 4717 et
3165 4664 3399 4731 Symeon

1831 4758 1980 4812 illius
2013 4757 2157 4812 filius
2176 4757 2568 4813 fmderatorum
2602 4757 2798 4811 turmis
2818 4758 3244 4826 prmlicerentnr.
3276 4756 3401 4810 Amo

1834 4849 2030 4903 borum
2060 4849 2104 4902 is
2136 4849 2497 4918 jurejurando
2539 4848 2710 4902 fretus
2744 4848 2797 4901 in
2824 4848 3046 4902 domum
3081 4847 3400 4912 descendit;

1833 4954 2069 5008 moxque
2104 4939 2159 4992 hi
2193 4939 2341 4993 illius
2370 4937 2557 4992 aﬂlnes
2590 4938 2711 4992 aula
2751 4938 3053 5007 ejecerunt.
3086 4936 3234 5003 Quos
3254 4947 3311 4989 ut
3335 4936 3400 4991 ad

1832 5046 1891 5085 se
1946 5030 2230 5084 venientes
2276 5030 2592 5099 conspexit,
2631 5037 2820 5096 stupor
2862 5039 3177 5096 tremorque
3219 5032 3400 5080 virum

1835 5125 2173 5178 invaserunt.
2206 5121 2504 5177 Confestim
2538 5121 2701 5191 igitur
2725 5121 2792 5175 ad
2818 5122 3121 5175 Romanum
3142 5122 3309 5184 venit,
3343 5136 3405 5174 ac

1833 5231 1953 5285 quae
1988 5214 2063 5268 illi
2090 5214 2227 5269 facta
2268 5222 2454 5269 essent
2483 5212 2747 5265 narravit.
2779 5212 3014 5266 Aretiori
3049 5210 3231 5280 itaque
3261 5211 3401 5263 ami-

1834 5310 1962 5365 citia
2003 5308 2052 5363 ei
2090 5307 2421 5377 implicatur,
2457 5305 2691 5375 dataque
2717 5314 2773 5359 et
2807 5312 3028 5373 accepta
3056 5303 3238 5372 jurata
3275 5300 3401 5365 fide,

1838 5418 1948 5457 uno
1982 5417 2037 5455 se
2072 5401 2124 5454 in
2162 5410 2440 5469 posterum
2493 5399 2674 5453 animo
2718 5396 2866 5459 fore,
2906 5410 3016 5449 uno
3051 5394 3215 5447 animi
3240 5408 3401 5448 sensu

1842 5492 2246 5549 consentientes
2281 5504 2541 5555 evasere;
2590 5496 2647 5542 ut
2682 5496 2736 5543 ct
2764 5488 3079 5557 nuptiarum
3117 5484 3321 5541 foedera
3346 5500 3403 5538 se

1429 5668 1662 5724 VARIE
1708 5667 2109 5725 LECTIONES.

217 5789 237 5817 ε
250 5790 269 5811 ³
304 5784 695 5856 προεϐάλλοντο
728 5788 785 5841 Ρ.
