4158 6438
774 397 877 459 947

2035 401 2286 461 GEORG
2300 402 2355 460 [Ι
2398 403 2742 464 MONACHI

3931 404 4029 465 95.6

765 506 1057 576 iuncturos
1082 511 1512 581 paciscerentur,
1561 528 1671 581 quo
1710 510 1834 566 inde
1874 511 2187 566 dilectionis
2229 512 2348 565 vin-

2454 514 2781 585 ἀμφοτέρων
2829 516 3028 585 ψυχὴν,
3086 514 3351 583 σύμφρων
3398 514 3563 567 αὐτοῦ
3614 515 3708 569 καὶ
3752 516 4029 585 σύμπνους

770 606 953 659 ουΙιῐω
988 602 1093 658 sibi
1125 604 1515 674 astringerent.

838 873 930 923 25.
961 869 1275 924 Secundum
1309 871 1425 923 ham
1458 870 1624 939 igitur
1653 871 1914 940 vigesima
1942 870 2133 939 quinta
2170 870 2346 925 Martii

769 963 974 1020 mensis
1006 964 1177 1018 mittit
1208 964 1485 1018 Romanus
1516 963 1783 1019 Joannem
1824 963 2205 1033 presbyterum
2245 964 2347 1018 do-

768 1057 1059 1111 mesticum
1084 1069 1243 1109 suum
1274 1055 1641 1124 eumdemque
1676 1053 2148 1110 ﬂdelissimum.ct
2171 1054 2349 1107 Theo-

767 1149 967 1202 dorum
1031 1148 1358 1202 Mastzucem
1403 1155 1777 1215 nuncupatum
1826 1146 1877 1199 in
1922 1147 2205 1215 palatium,
2252 1148 2345 1216 qui

766 1244 888 1311 ejus
920 1257 1143 1295 causam
1168 1242 1338 1311 886
1364 1246 1591 1310 agerent
1617 1254 1679 1293 ac
1703 1248 2033 1294 excusarent
2057 1279 2070 1299 ,
2118 1239 2249 1291 nihil
2278 1240 2347 1292 ad

769 1334 1107 1387 rebellionem
1140 1344 1378 1403 spectare
1431 1332 1570 1401 quod
1616 1333 1680 1386 ab
1722 1348 1780 1384 eo
1816 1332 2013 1399 factum
2056 1340 2205 1394 erat,
2258 1330 2346 1383 sed

767 1442 929 1477 unum
961 1425 1056 1477 hoc
1089 1426 1333 1485 veritum,
1373 1422 1562 1476 Plroca:
1606 1421 1903 1481 molimina,
1948 1438 2010 1474 ac
2035 1429 2345 1473 metuentem

768 1534 831 1568 ne
882 1516 972 1568 ille
1008 1517 1151 1569 novis
1197 1516 1346 1569 rebus
1388 1516 1636 1569 adversus
1682 1518 2055 1583 imperatorem
2088 1514 2343 1576 studeret,

766 1626 881 1661 mm
935 1609 997 1661 ob
1061 1626 1171 1661 rem
1238 1612 1289 1661 in
1346 1611 1584 1661 animum
1643 1608 1911 1661 induxisse
1960 1607 2112 1676 idque
2140 1606 2347 1658 consilii

765 1700 983 1766 cepisse,
1039 1711 1095 1754 ut
1143 1702 1196 1753 in
1252 1702 1471 1769 regiam,
1529 1700 1838 1769 imperatori
1896 1708 2065 1751 custos
2114 1699 2342 1767 futurus,

768 1790 1093 1842 ascenderet.
1137 1790 1255 1843 Non
1286 1789 1627 1858 approbante
1660 1788 1881 1842 Nicolao
1907 1788 2217 1856 patriarcha
2250 1797 2346 1841 aut

767 1880 1125 1942 assentiente,
1173 1880 1219 1932 is
1254 1895 1419 1948 quem
1466 1878 1718 1932 dicebam
1767 1876 2094 1945 pmdagogus
2126 1876 2347 1929 mandat

770 1969 1017 2024 Romano
1045 1979 1105 2023 ut
1125 1984 1250 2023 cum
1284 1969 1431 2023 omni
1464 1968 1637 2022 classe
1658 1967 1724 2021 ad
1752 1966 2118 2022 Bucoleonem
2142 1968 2343 2021 veniat.

768 2060 847 2115 Re
875 2060 1059 2129 itaque
1083 2076 1207 2114 cum
1232 2061 1347 2115 suis
1369 2058 1673 2113 deliberata
1697 2057 1843 2127 (nam
1869 2058 2099 2127 urgebat
2128 2057 2346 2126 fatum),

771 2148 892 2215 ipso
949 2148 1447 2203 intemeratissima:
1488 2147 1727 2217 Virginis
1774 2164 1839 2202 ac
1892 2148 1987 2202 Dei
2052 2148 2348 2203 Genitricis

769 2237 1003 2293 solemni
1051 2240 1500 2293 Annuntiationis
1553 2238 1663 2303 die,
1729 2238 1865 2292 feria
1917 2240 2128 2307 quinta,
2182 2256 2345 2293 manu

771 2340 981 2383 armata
1015 2344 1139 2383 eum
1163 2331 1313 2384 omni
1336 2332 1510 2385 classe
1545 2330 1613 2384 ad
1638 2329 2007 2384 Bueoleonem
2038 2332 2209 2395 venit,
2238 2341 2347 2386 sta.

771 2423 979 2490 timquc
1010 2423 1273 2493 magister
1299 2423 1611 2493 Stephanus
1636 2438 1666 2477 e
1704 2422 1909 2491 palatio
1943 2424 2198 2477 excessit.
2246 2424 2345 2478 Ni-

769 2520 919 2568 cetas
942 2530 1073 2568 vero
1098 2514 1386 2584 patricius,
1418 2515 1651 2570 Romani
1680 2530 1966 2577 consocer,
1996 2514 2051 2567 in
2084 2516 2345 2583 palatium

768 2604 1071 2659 ascendens
1120 2605 1406 2660 Nicolaum
1470 2606 1833 2675 patriarcham
1900 2605 2028 2659 inde
2061 2607 2344 2660 exstrusit.

768 2696 1090 2751 Aulieorum
1144 2697 1311 2768 igitur
1356 2698 1555 2753 animis
1580 2698 1813 2752 Romani
1858 2698 2219 2769 jurejurando
2252 2699 2345 2751 tir-

770 2783 954 2849 rnatis,
997 2785 1295 2853 pretiosam
1331 2785 1398 2839 ad
1436 2800 1560 2839 eum
1607 2801 1826 2840 crucem
1890 2787 2124 2840 misere:
2179 2802 2344 2855 quam

771 2874 862 2927 ille
911 2883 1225 2941 veneratus,
1271 2876 1584 2946 iterumque
1624 2891 1972 2933 sacramento
2017 2878 2345 2947 interposito

772 2968 934 3021 tidem
985 2968 1353 3037 obstringens,
1406 2984 1532 3023 cum
1590 2970 1671 3024 eis
1721 2971 2022 3040 paucisque
2080 2971 2343 3024 comitum

771 3063 1159 3131 imperatorem
1193 3063 1531 3116 salutaturus
1562 3063 1615 3115 in
1640 3064 1902 3139 palatium
1932 3064 2201 3117 ascendit.
2251 3062 2343 3116 In-

768 3170 1098 3223 gressusque
1140 3170 1265 3209 eum
1315 3170 1382 3209 eo
1435 3154 1489 3208 in
1539 3138 1819 3224 templum‘
1860 3156 2004 3224 quod
2060 3156 2113 3209 in
2166 3155 2344 3209 Pharo

766 3254 872 3308 est,
927 3246 1167 3314 dataque
1217 3246 1294 3300 ibi
1329 3256 1386 3300 et
1418 3256 1642 3315 accepta
1674 3248 1989 3301 securitatis
2032 3246 2159 3310 ﬁde,
2210 3262 2342 3300 con-

770 3335 951 3389 festim
1003 3336 1264 3406 magister
1313 3346 1369 3389 et
1419 3352 1648 3407 magnus
1702 3338 2060 3392 hetaeriarcha
2109 3338 2177 3391 ab
2227 3338 2345 3407 ipso

769 3425 1088 3495 praelinitur.

837 3518 925 3572 26.
979 3518 1101 3573 Mox
1137 3519 1322 3589 itaque
1356 3519 1523 3573 missa
1557 3520 1624 3574 ad
1659 3518 1896 3573 Leonem
1926 3519 2162 3574 Phocam
2194 3519 2345 3573 dira-

765 3612 835 3665 Iis
869 3610 1067 3680 jussio,
1109 3626 1216 3680 qua
1250 3610 1295 3665 is
1322 3612 1473 3664 omni
1500 3610 1803 3665 conﬂandae
1850 3610 2138 3664 seditionis
2178 3611 2345 3664 misso

761 3704 1050 3772 proposito
1105 3703 1375 3773 tantisper
1411 3702 1559 3756 domi
1596 3702 1881 3772 quiescere
1930 3701 2342 3770 praciperetur.

765 3795 1162 3849 Constantinus
1208 3810 1428 3864 quoque
1486 3794 1541 3847 in
1591 3794 1842 3848 eamdem
1896 3794 2089 3847 scribit
2126 3803 2346 3847 sentcn-

766 3886 938 3949 tiam,
968 3894 1023 3939 et
1052 3892 1110 3938 ut
1137 3884 1274 3938 nihil
1313 3883 1479 3953 887
1513 3882 1565 3936 in
1585 3882 1874 3937 adversum
1907 3882 2165 3935 moliatur
2186 3922 2199 3946 ,
2250 3881 2346 3936 sed

768 3977 823 4030 in
844 3974 1193 4031 Constantini
1226 3974 1575 4043 imperatoris
1616 3973 1961 4042 subjectione
2006 3982 2342 4043 perseveret.

770 4070 1040 4137 Aeceptas
1081 4082 1266 4121 sacras
1315 4066 1656 4135 imperatorii
1708 4066 1953 4120 vestiarii
2000 4066 2347 4135 primicerius

769 4159 1018 4213 Andreas
1060 4158 1127 4212 ad
1171 4172 1299 4213 eum
1341 4158 1394 4211 in
1426 4156 1777 4227 Cappadocia
1831 4157 2049 4209 defert:
2107 4158 2347 4226 acceptis

768 4251 859 4305 ille
904 4267 965 4305 ac
998 4251 1175 4311 lectis.
1212 4250 1438 4305 domum
1476 4266 1533 4305 se
1575 4251 1869 4319 recipiens.
1915 4249 2112 4318 privati
2154 4249 2346 4303 habitu
2434 4256 2435 4259 “

766 4344 896 4414 egit.

839 4536 929 4590 27.
975 4534 1176 4601 Quinta
1231 4544 1547 4588 sanctorum
1608 4533 1942 4603 jejuniorum
2003 4533 2349 4587 heldomada
2382 4537 2429 4592 ι)

769 4630 932 4683 datur
988 4644 1019 4683 a
1053 4627 1415 4682 Constantino
1464 4626 1794 4695 imperatore
1847 4625 2065 4679 Helena:
2115 4626 2344 4681 Romani

773 4721 899 4774 filia!
949 4726 1268 4773 contractus
1316 4715 1579 4785 nuptialis
1611 4715 1886 4779 arrhabo;
1942 4716 2213 4785 tertiaque
2248 4718 2349 4771 Pa-

773 4815 919 4869 sehze
953 4814 1138 4882 (quam
1159 4810 1437 4865 Galilaeam
1466 4808 1688 4878 vocant)
1728 4808 2114 4862 benedictione
2148 4809 2349 4877 impar-

773 4906 931 4969 titur,
956 4918 1173 4973 unaque
1208 4916 1332 4957 cum
1370 4901 1459 4955 illa
1488 4916 1518 4955 a
1549 4900 1772 4956 Nicolao
1795 4900 2104 4971 patriarcha
2129 4901 2353 4955 corollis

771 4996 1113 5067 nuptialibus
1145 4993 1458 5049 redimitur.

839 5088 931 5142 28.
975 5086 1225 5140 Romano
1271 5085 1327 5140 in
1386 5085 1740 5155 imperatoris
1797 5093 2011 5155 patrem
2060 5096 2345 5155 provecto,

772 5182 894 5252 ejus
914 5181 1035 5235 loco
1056 5178 1519 5248 Christophorum
1556 5177 1729 5246 ipsius
1751 5177 1920 5232 ﬁliuni
1953 5178 2345 5235 lcederalorum

773 5273 973 5330 turmis
999 5272 1248 5342 praeficit.
1290 5271 1403 5325 Nec
1447 5270 1680 5325 multum
1730 5270 1992 5339 temporis
2018 5271 2346 5328 intercesse-

776 5375 878 5431 rat,
908 5382 1032 5420 cum
1070 5364 1182 5419 Leo
1214 5364 1428 5419 Pbocas
1454 5362 1818 5432 quorumdam
1838 5378 2126 5432 procerum
2158 5381 2220 5420 ac
2248 5367 2348 5420 tri-

776 5460 1051 5514 bunorum
1085 5472 1251 5513 suasu
1291 5456 1772 5528 subjectarumque
1806 5455 1854 5511 ei
1895 5456 2171 5526 legionum
2217 5459 2347 5512 hor-

774 5561 892 5605 tatu
925 5566 1014 5604 res
1041 5564 1212 5605 novas
1240 5548 1465 5602 molitur
1491 5566 1505 5615 ;
1546 5548 1833 5617 accitoque
1858 5548 2220 5605 Constantino
2253 5567 2345 5606 ac-

779 5642 1067 5703 cubitore,
1120 5650 1177 5696 et
1223 5640 1586 5696 Constantino
1632 5650 1688 5695 et
1725 5642 2013 5697 Anastasio
2068 5643 2349 5720 Gongyiiis

2452 608 2691 674 ἐγένετο,
2724 606 2861 658 ὥστε
2896 606 2990 659 καὶ
3028 605 3265 675 γαμικὸν
3323 604 3675 675 συνάλλαγμα
3701 608 4031 676 ποιήσασθαι

2454 696 2865 765 συνεφώνησαν.
2911 696 3075 748 πλέον
3120 698 3182 749 ὲκ
3215 696 3405 749 τούτου
3443 698 3533 751 τὸν
3574 699 3672 768 τῆς
3706 699 3932 769 ἀγάπης
3957 700 4031 752 δε-

2454 791 2591 859 σμὸν
2628 789 3073 857 ὲπισφὲγγοντες.

2522 881 2619 935 κε’.
2647 884 2727 953 Τῇ
2762 884 2979 949 εἰκοστῇ
3014 881 3250 952 τετάρτῃ
3296 877 3390 934 οὖν
3439 881 3534 935 τοῦ
3578 882 3833 950 λῖαρτέου
3873 885 4033 951 pit-,2;

2450 976 2771 1031 ἀποστέλλει
2809 976 3089 1045 Ῥωμανὺς
3132 977 3389 1047 Ἰωάννην
3410 978 3803 1049 πρεσϐύτερον,
3839 980 4035 1031 οἰκεῖον

2451 1069 2602 1138 αῦτῷ
2642 1070 2736 1122 καὶ
2782 1071 3104 1123 πιστότατον
3154 1070 3305 1133 ὄντα,
3349 1073 3443 1123 καὶ
3488 1072 3765 1141 Θεόδωρον
3800 1071 3897 1123 τὸν
3926 1072 4037 1123 Μα-

2451 1161 2703 1225 στζούσιν
2730 1161 3024 1229 λεγόμενον
3057 1164 3133 1223 εἰς
3157 1162 3216 1214 τὸ
3252 1162 3513 1215 παλάτιον
3555 1163 4036 1232 ὑπεραπολογησο-

2454 1254 2667 1321 μένους,
2692 1254 2767 1315 ὡς
2799 1256 2921 1306 Οὐκ
2977 1254 3275 1319 ἀνταρσία
3334 1255 3543 1321 γέγονε
3601 1255 3665 1306 τὸ
3711 1254 3852 1319 παρ’
3907 1253 4032 1320 ἐμοὶ

2448 1341 2817 1411 διαπραχθέν
2845 1359 2857 1371 ·
2890 1344 3052 1396 ἀλλὰ
3071 1344 3184 1409 τὴν
3214 1344 3318 1397 τοῦ
3351 1343 3524 1400 Φωκᾶ
3558 1346 3839 1397 ἐπίθεσιν
3886 1348 4034 1411 ivge-

2440 1437 2729 1505 ρώμενος,
2758 1434 2856 1489 καὶ
2884 1434 3095 1498 δεδιὼς
3112 1436 3197 1502 μή
3219 1452 3273 1487 τι
3299 1435 3664 1504 νεωτερισθῇ
3691 1435 4037 1503 παράἱυτίῦ

2447 1529 2535 1593 εις
2556 1528 2663 1581 τὸν
2685 1526 2971 1591 βασιλέα,
3006 1528 3223 1580 τούτου
3254 1526 3467 1579 ἕνεκεν
3519 1526 3805 1580 ἀνελθεῖν
3843 1528 3916 1578 ἐν
3964 1525 4039 1589 τῷ

2448 1621 2721 1685 παλατίῳ
2751 1620 3156 1687 βεϐούλευμαι
3215 1617 3315 1671 καὶ
3360 1616 3475 1684 τὴν
3521 1617 3819 1685 φυλακὴν
3845 1615 4036 1668 ποιεῖ-

2448 1716 2589 1767 σθαι
2608 1712 2714 1765 τοῦ
2728 1711 3027 1777 βασιλέως
3040 1752 3052 1764 .
3076 1710 3166 1781 Μὴ
3185 1709 3627 1771 συνευδοκοῦντος
3647 1709 3739 1761 οὖν
3760 1707 4035 1760 Νικολάου

2449 1804 2541 1858 τοῦ
2593 1804 2935 1875 πατριάρχου
3003 1802 3238 1865 τούτοις,
3281 1800 3531 1872 ἐμηνύθη
3577 1800 3849 1871 Ῥωμανῷ
3884 1801 4039 1868 παρᾶ

2448 1896 2542 1949 τοῦ
2608 1896 2869 1966 ῥηθέντος
2920 1893 3276 1963 παιδαγωγοῦ
3324 1892 3419 1946 τοῦ
3464 1892 3639 1945 ἐλθεῖν
3672 1891 3813 1961 μετᾶ
3847 1893 4036 1942 στολου

2452 1989 2653 2050 παντὸς
2687 1988 2846 2057 μέχρι
2895 1988 2989 2040 τοῦ
3045 1984 3454 2047 Βουκολὲοντος.
3496 1986 3593 2045 Ὃς
3627 1985 3764 2053 μετά
3792 1984 3879 2054 [Ρ.
3912 1981 4037 2053 ΞἹΞ]

2448 2078 2559 2130 τῶν
2587 2078 2683 2131 σὺν
2714 2076 2862 2145 αὑτῷ
2891 2075 3325 2145 βουλευσάμενος
3363 2072 3443 2138 (τὸ
3472 2072 3582 2142 γὰρ
3611 2073 3742 2138 ἄγον
3772 2067 3914 2139 ἦγεν
3946 2071 4038 2122 αῦ-

2448 2173 2561 2241 τδν)
2592 2173 2659 2240 τῇ
2712 2170 2896 2240 ἡμέρᾳ
2951 2168 3045 2221 τοῦ
3098 2164 3518 2236 Εὐαγγελισμοῦ
3569 2165 3669 2233 τῆς
3725 2162 4038 2234 ῦπεραγίας

2449 2263 2714 2316 Θεοτόκου
2744 2260 2806 2332 (ε’
2852 2262 2910 2314 δὲ
2968 2257 3058 2331 ἦν)
3114 2255 3279 2329 ἦλθεν
3325 2258 3551 2319 ἔνοπλος
3588 2258 3703 2324 ἅμα
3735 2254 3817 2323 τῷ
3866 2256 4039 2324 στόλῳ

2450 2357 2613 2410 παντὶ
2654 2358 2711 2408 ὲν
2749 2354 2831 2425 τῷ
2864 2353 3234 2407 Βουκολέοντι.
3288 2352 3400 2403 Καὶ
3452 2350 3699 2420 παρευθῦ
3758 2348 4040 2417 Στέφανος

2454 2448 2555 2518 μὲν
2611 2448 2913 2514 μάγιστρος
2966 2442 3157 2513 ἐξῆλθε
3185 2441 3277 2495 τοῦ
3321 2440 3611 2504 παλατίου,
3647 2439 3901 2507 Νικήτας
3931 2437 3987 2489 δὲ
4014 2440 4039 2489 ό

2450 2539 2739 2610 πατρίκιος
2769 2540 2797 2591 ὁ
2824 2536 3197 2607 συμπένθερος
3244 2533 3530 2602 Ῥωμανοῦ
3570 2531 3812 2584 ἀνελθὼν
3872 2532 3935 2581 ὲν
3965 2529 4038 2597 τῷ

2450 2631 2699 2701 παλατξῳ
2727 2632 2997 2699 ἐξήγαγεν
3033 2626 3242 2679 ἐκεῖθεν
3257 2624 3525 2677 Νικόλαον
3547 2622 3637 2675 τίιν
3662 2623 4035 2692 πατριάρχην.

2450 2728 2678 2796 ’Ὀρκοις
2728 2718 2822 2776 οὖν
2881 2720 3275 2790 βεϐαιωθέντες
3326 2719 3376 2770 οἱ
3426 2715 3521 2769 τοῦ
3558 2714 3831 2767 παλατξου
3888 2712 4039 2777 παρὰ

2459 2815 2742 2887 Ῥωμανοῦ
2790 2814 3122 2868 ἀπέστειλαν
3158 2810 3307 2879 αὐτῷ
3364 2810 3458 2861 τὸν
3521 2808 3703 2875 τίμιον
3766 2804 4036 2873 σταυρόν·

2449 2912 2545 2963 καὶ
2586 2907 2970 2978 προσκυνήσας
3031 2904 3194 2957 αὑτὸν
3238 2902 3333 2953 καὶ
3376 2901 3560 2967 ὅρκοις
3594 2896 3905 2968 βεϐαιώσας
3942 2897 4037 2947 αὖ·

2446 3003 2574 3063 τοὺς
2607 2999 2807 3068 ἀνῆλθε
2838 3001 2955 3066 μετ’
2985 2996 3166 3050 αὐτῶν
3202 2996 3261 3046 ὲν
3289 2993 3367 3063 τῷ
3411 2991 3661 3059 παλατεῳ
3708 2987 3807 3041 καὶ
3842 2988 4036 3052 ὀλίγων

2448 3094 2629 3146 τινῶν.
2665 3088 3057 3162 Προσκυνήσας
3091 3088 3182 3141 τὸν
3232 3086 3456 3156 βασιλέα
3486 3085 3580 3136 καὶ
3625 3081 3887 3134 εἰσελθὼν
3921 3077 4035 3147 μετ’

2370 3186 2417 3246 C
2450 3185 2615 3239 αὑτοῦ
2654 3186 2712 3235 ἐν
2746 3182 2822 3252 τῷ
2854 3180 2968 3249 ναῷ
2999 3179 3077 3248 τῷ
3116 3181 3172 3230 ὲν
3207 3176 3284 3246 τῷ
3324 3177 3477 3246 φόρῳ
3533 3175 3602 3235 ³⁸,
3660 3172 3757 3226 καὶ
3824 3170 4035 3229 ιτΞστεις

2446 3276 2594 3345 αὖτῷ
2654 3275 2813 3337 δοῦς,
2889 3270 3136 3340 παρευθῦ
3196 3265 3601 3339 προχειρίζεται
3670 3264 3805 3331 παρ’
3874 3260 4033 3313 αὑτοῦ

2448 3370 2750 3438 μάγιστρος
2778 3366 2873 3419 καὶ
2907 3365 3084 3433 μέγας
3110 3360 3511 3429 ὲταιρειάρχης.

2520 3537 2632 3602 κζ’.
2666 3537 2876 3590 Λύτίκα
2904 3530 2997 3588 οὖν
3020 3534 3212 3600 γέγονε
3248 3531 3365 3584 θεία
3390 3531 3637 3590 κέλευσις
3670 3529 3811 3597 πρὸς
3833 3527 4031 3578 ⁸Χὲοντιι.

2448 3635 2537 3689 τὸν
2596 3633 2789 3683 Φωκὶν
2844 3627 3287 3698 παρεγγυωμένη
3350 3622 3616 3693 μηδαμῶς
3672 3621 3866 3671 στάσιν
3914 3617 4030 3667 τινα

2447 3723 2720 3792 ἐννοῆσαι,
2754 3720 2891 3774 ἀλλὰ
2927 3718 3062 3789 πρὸς
3106 3718 3285 3785 ὀλίγον
3326 3720 3383 3769 ἐν
3447 3715 3525 3783 τῷ
3567 3714 3679 3781 ἰδίῳ
3728 3712 3867 3778 οἴκῳ
3908 3711 4033 3761 ανα-

2447 3814 2739 3868 παὺεσθαι.
2776 3810 3051 3873 Ὡσαύτως
3078 3811 3172 3861 καὶ
3203 3810 3505 3879 γράμματα
3534 3804 3837 3872 ἐκελεύσθη
3880 3803 4029 3853 Km-

2450 3908 2713 3977 σταντίνῳ
2771 3904 3259 3975 παρακοιμωμένῳ
3313 3898 3639 3969 γράζιαιπᾶι
3672 3898 3843 3965 ὃμοια
3888 3891 4032 3959 αὐτῷ

2452 3999 2922 4070 παραγγέλλοντα,
2964 3995 3059 4049 τοῦ
3107 3996 3274 4065 μηδὲν
3336 3991 3582 4045 ἐναντίον
3612 3987 4032 4054 βουλεύσασθαι,

2450 4096 2564 4148 ἀλλ’
2596 4098 2653 4147 ὲν
2685 4093 2934 4160 ὑποταγῇ
2973 4087 3114 4143 εἶναι
3158 4088 3251 4141 τοῦ
3284 4086 3547 4155 βασιλέως
3590 4080 4033 4136 Κωνσταντίνου.

2463 4185 2888 4254 ’Δναλαὸὁμενος
2917 4178 3009 4235 οἶν
3053 4181 3224 4233 ταῦτα
3260 4178 3514 4247 Ἀνδρέας
3542 4178 3907 4244 πριμικήριος
3946 4170 4033 4223 τοῦ

2455 4278 2735 4349 βασιλικοῦ
2798 4274 3109 4345 βεστιαρίου
3166 4272 3504 4339 ἀπεκόμισεν
3556 4268 3709 4337 αὐτῷ
3755 4266 3936 4319 ταίτα
3984 4266 4035 4314 ἐν

2454 4367 2820 4438 blatta-.360ng
2888 4367 3030 4419 ὄντι·
3098 4365 3195 4416 καὶ
3246 4362 3645 4430 ἀναδεξάμενος
3700 4358 3885 4411 ταῦτα
3947 4360 4033 4408 καὶ

2454 4465 2740 4532 ἀναγνοὺς,
2773 4460 3023 4515 ἀπελθὼν
3052 4461 3108 4511 ἐν
3138 4459 3213 4527 τῷ
3247 4458 3364 4527 ἰδίῳ
3393 4458 3526 4526 οἴκῳ
3554 4455 3862 4522 ἡσύχασεν.

2532 4552 2630 4618 κζ’.
2663 4554 2741 4623 Τῇ
2774 4550 3024 4620 ἐίδομάδι
3051 4556 3089 4601 ε’
3111 4550 3156 4580 ’⁸ο
3185 4549 3292 4600 τῶν
3328 4547 3497 4613 ἁγίων
3523 4545 3811 4614 Νηστειῶν
3846 4544 4041 4595 δίδοται

2454 4645 2711 4717 ἀρραϐὼν
2740 4643 2997 4713 γαμικῶν
3053 4639 3516 4707 συναλλαγμάτων
3560 4637 3714 4703 παρὰ
3752 4638 4043 4687 Κωνστανο

2456 4740 2605 4791 τίνου
2660 4736 2921 4807 βασιλέως
2965 4734 3155 4804 Ἑλένῃ
3195 4735 3261 4798 τῇ
3321 4730 3551 4799 θυγατρὶ
3596 4728 3916 4795 Ῥωμανοῦ,
3952 4727 4043 4777 καὶ

2456 4832 2522 4895 τῇ
2546 4828 2705 4897 τρίτῃ
2766 4825 2859 4879 τοῦ
2917 4826 3109 4893 Πάσχα
3152 4826 3217 4892 τῇ
3266 4822 3531 4890 λεγομένῃ
3594 4821 3692 4887 τῆς
3748 4817 4042 4879 Γαλιλαίας

2458 4920 2764 4986 εὐλογεῖται
2815 4918 2911 4970 καὶ
2952 4913 3313 4984 στεφανοῦται
3364 4914 3481 4982 ἃμα
3509 4911 3646 4980 αὐτῇ
3678 4910 3839 4980 παρὰ
3877 4910 4042 4962 Νικο-

2461 5011 2591 5064 λάου
2620 5010 2984 5079 πατριάρχου.

2534 5100 2640 5172 κη’.
2690 5101 2973 5170 Ῥωμανὸν
3019 5098 3452 5169 βασιλεοπάτορα
3510 5094 4040 5166 προχειρισάμενος.

2458 5196 2574 5253 ἀντ’
2626 5194 2794 5248 αὑτοῦ
2840 5192 3218 5264 Χριστοφόρον
3267 5192 3380 5243 υἱον
3425 5189 3590 5243 αὐτοῦ
3649 5186 4041 5254 ὲταιρειάρχην

2461 5287 2819 5355 κατέστησεν.
2856 5286 2990 5339 Μετ’
3035 5287 3096 5339 οὐ
3126 5284 3260 5337 πολὺ
3292 5284 3348 5335 δὲ
3369 5284 3521 5336 Λέων
3550 5284 3577 5333 ὁ
3600 5282 3798 5338 Φωκεῖς
3825 5280 4041 5343 ἀπατη-

2459 5377 2574 5441 θεὶς
2610 5376 2761 5445 παρά
2787 5375 2847 5427 τέ
2872 5392 3032 5427 τινων
3058 5374 3336 5444 ἀρχόντων
3366 5374 3458 5425 καὶ
3481 5373 3589 5423 τῶν
3620 5369 3789 5422 αὑτοῦ
3828 5366 4043 5435 ταγμάο

2456 5488 2563 5524 των
2586 5468 2720 5538 πρὸς
2748 5468 3047 5540 ἀνταρσίαν
3082 5471 3343 5519 κινεῖταιο
3376 5467 3468 5519 καὶ
3490 5464 3822 5519 ἀποστείλας
3854 5461 4041 5513 ἀνελά-

2458 5562 2584 5614 ϐετο
2606 5557 2744 5613 εἶναι
2778 5560 2875 5612 σὺν
2934 5559 3085 5628 αὐτῷ
3115 5560 3206 5610 τόν
3252 5575 3311 5609 τε
3360 5554 3859 5625 παρακοιμιὶιμενον
3892 5553 4037 5603 Κων-

2461 5656 2739 5707 σταντῖνον
2792 5652 2888 5705 καὶ
2924 5653 3339 5706 Κωνσταντίνον
3385 5648 3480 5701 καὶ
3521 5646 3880 5700 Ἀναστάσιον
3909 5644 4015 5709 rm;

2109 5737 2193 5792 VA
2206 5741 2341 5796 RUE
2389 5742 2795 5799 ιεετιυαεε.

886 5827 928 5856 σε
965 5826 1127 5893 φάραξ,
1168 5839 1352 5892 margo
1386 5823 1443 5877 Ρ.
1534 5823 1579 5855 ⁸ο
1607 5825 1683 5893 Τῇ
1705 5824 1742 5874 ε’
1776 5825 2067 5895 ἑϐδομάδα)
