  <div class='ocr_page' id='page_1' title='image "/cluster/home/n/w/nwhite01/storage/ocr_20150623/109/nnc1.0046979867/482.png"; bbox 0 0 4158 6438; ppageno 0'>
   <div class='ocr_carea' id='block_1_1' title="bbox 173 347 276 413">
    <p class='ocr_par' dir='ltr' id='par_1_1' title="bbox 173 347 276 413">
     <span class='ocr_line' id='line_1_1' title="bbox 173 347 276 413; baseline 0.01 -1"><span class='ocrx_word' id='word_1_1' title='bbox 173 347 276 413; x_wconf 68' lang='lat' dir='ltr'><strong>M9</strong></span> 
     </span>
    </p>
   </div>
   <div class='ocr_carea' id='block_1_2' title="bbox 1275 296 2311 419">
    <p class='ocr_par' dir='ltr' id='par_1_2' title="bbox 1275 296 2311 419">
     <span class='ocr_line' id='line_1_2' title="bbox 1275 296 2311 419; baseline -0.007 -19"><span class='ocrx_word' id='word_1_2' title='bbox 1275 339 1467 419; x_wconf 70' lang='lat' dir='ltr'><strong>V&#39;lT/B</strong></span> <span class='ocrx_word' id='word_1_3' title='bbox 1506 334 2062 399; x_wconf 81' lang='lat' dir='ltr'><strong>RECENTIORUM</strong></span> <span class='ocrx_word' id='word_1_4' title='bbox 2094 304 2311 393; x_wconf 79' lang='grc' dir='ltr'><strong>ἰΜΡΡ.</strong></span> 
     </span>
    </p>
   </div>
   <div class='ocr_carea' id='block_1_3' title="bbox 3316 340 3421 403">
    <p class='ocr_par' dir='ltr' id='par_1_3' title="bbox 3316 340 3421 403">
     <span class='ocr_line' id='line_1_3' title="bbox 3316 340 3421 403; baseline 0.01 -1"><span class='ocrx_word' id='word_1_5' title='bbox 3316 340 3421 403; x_wconf 87' lang='grc'><strong>950</strong></span> 
     </span>
    </p>
   </div>
   <div class='ocr_carea' id='block_1_4' title="bbox 182 445 1753 542">
    <p class='ocr_par' dir='ltr' id='par_1_4' title="bbox 182 455 1733 542">
     <span class='ocr_line' id='line_1_4' title="bbox 182 455 1733 542; baseline -0.007 -26"><span class='ocrx_word' id='word_1_6' title='bbox 182 463 389 531; x_wconf 73' lang='grc' dir='ltr'><strong>τυλίους</strong></span> <span class='ocrx_word' id='word_1_7' title='bbox 412 462 539 542; x_wconf 60' lang='grc' dir='ltr'><strong>τους</strong></span> <span class='ocrx_word' id='word_1_8' title='bbox 558 460 924 528; x_wconf 70' lang='grc' dir='ltr'><strong>αὑταδὲλφους</strong></span> <span class='ocrx_word' id='word_1_9' title='bbox 956 455 1050 510; x_wconf 57' lang='grc' dir='ltr'><strong>καὶ⁸</strong></span> <span class='ocrx_word' id='word_1_10' title='bbox 1077 456 1481 509; x_wconf 78' lang='grc' dir='ltr'><strong>Κωνσταντῖνον</strong></span> <span class='ocrx_word' id='word_1_11' title='bbox 1510 467 1733 524; x_wconf 86' lang='grc' dir='ltr'><strong>πρωτα-</strong></span> 
     </span>
    </p>
   </div>
   <div class='ocr_carea' id='block_1_5' title="bbox 1857 445 3429 542">
    <p class='ocr_par' dir='ltr' id='par_1_5' title="bbox 1857 445 3429 525">
     <span class='ocr_line' id='line_1_5' title="bbox 1857 445 3429 525; baseline 0.004 -22"><span class='ocrx_word' id='word_1_12' title='bbox 1857 446 2126 521; x_wconf 74' lang='lat' dir='ltr'><strong>germanis</strong></span> <span class='ocrx_word' id='word_1_13' title='bbox 2149 445 2435 513; x_wconf 80' lang='lat' dir='ltr'><strong>fratribus,</strong></span> <span class='ocrx_word' id='word_1_14' title='bbox 2462 461 2565 502; x_wconf 86' lang='lat' dir='ltr'><strong>nec</strong></span> <span class='ocrx_word' id='word_1_15' title='bbox 2590 463 2701 525; x_wconf 85' lang='lat' dir='ltr'><strong>non</strong></span> <span class='ocrx_word' id='word_1_16' title='bbox 2734 447 3098 503; x_wconf 78' lang='lat' dir='ltr'><strong>Constantino</strong></span> <span class='ocrx_word' id='word_1_17' title='bbox 3133 465 3163 503; x_wconf 78' lang='grc' dir='ltr'><strong>ιι</strong></span> <span class='ocrx_word' id='word_1_18' title='bbox 3200 464 3429 510; x_wconf 83' lang='lat' dir='ltr'><strong>secretis</strong></span> 
     </span>
    </p>
   </div>
   <div class='ocr_carea' id='block_1_6' title="bbox 176 544 1744 626">
    <p class='ocr_par' dir='ltr' id='par_1_6' title="bbox 176 544 1744 626">
     <span class='ocr_line' id='line_1_6' title="bbox 176 544 1744 626; baseline -0.008 -18"><span class='ocrx_word' id='word_1_19' title='bbox 176 553 442 626; x_wconf 81' lang='grc' dir='ltr'><strong>σηκρῆτις</strong></span> <span class='ocrx_word' id='word_1_20' title='bbox 478 553 570 609; x_wconf 76' lang='grc' dir='ltr'><strong>τὸν</strong></span> <span class='ocrx_word' id='word_1_21' title='bbox 625 551 923 616; x_wconf 79' lang='grc' dir='ltr'><strong>Μαλελιαν,</strong></span> <span class='ocrx_word' id='word_1_22' title='bbox 976 546 1337 619; x_wconf 79' lang='grc' dir='ltr'><strong>πληροφορῶν</strong></span> <span class='ocrx_word' id='word_1_23' title='bbox 1366 545 1607 609; x_wconf 72' lang='grc' dir='ltr'><strong>ἃπαντας</strong></span> <span class='ocrx_word' id='word_1_24' title='bbox 1650 544 1744 597; x_wconf 77' lang='grc' dir='ltr'><strong>καὶ</strong></span> 
     </span>
    </p>
   </div>
   <div class='ocr_carea' id='block_1_7' title="bbox 172 628 1742 719">
    <p class='ocr_par' dir='ltr' id='par_1_7' title="bbox 172 628 1742 719">
     <span class='ocr_line' id='line_1_7' title="bbox 172 628 1742 719; baseline -0.008 -20"><span class='ocrx_word' id='word_1_25' title='bbox 172 645 408 715; x_wconf 81' lang='grc' dir='ltr'><strong>βεϐαιῶν</strong></span> <span class='ocrx_word' id='word_1_26' title='bbox 438 647 513 710; x_wconf 86' lang='grc' dir='ltr'><strong>ὠς</strong></span> <span class='ocrx_word' id='word_1_27' title='bbox 546 628 688 716; x_wconf 59' lang='grc' dir='ltr'><strong>ὑπὲρ</strong></span> <span class='ocrx_word' id='word_1_28' title='bbox 735 644 831 698; x_wconf 79' lang='grc' dir='ltr'><strong>τοῦ</strong></span> <span class='ocrx_word' id='word_1_29' title='bbox 884 641 1148 719; x_wconf 66' lang='grc' dir='ltr'><strong>βασιλέως</strong></span> <span class='ocrx_word' id='word_1_30' title='bbox 1190 637 1609 694; x_wconf 78' lang='grc' dir='ltr'><strong>Κωνσταντὶνου</strong></span> <span class='ocrx_word' id='word_1_31' title='bbox 1645 637 1742 704; x_wconf 76' lang='grc' dir='ltr'><strong>τὴν</strong></span> 
     </span>
    </p>
   </div>
   <div class='ocr_carea' id='block_1_8' title="bbox 171 729 1743 813">
    <p class='ocr_par' dir='ltr' id='par_1_8' title="bbox 171 729 1743 813">
     <span class='ocr_line' id='line_1_8' title="bbox 171 729 1743 813; baseline -0.005 -24"><span class='ocrx_word' id='word_1_32' title='bbox 171 736 429 808; x_wconf 76' lang='grc' dir='ltr'><strong>τοιαύτην</strong></span> <span class='ocrx_word' id='word_1_33' title='bbox 456 738 693 789; x_wconf 77' lang='grc' dir='ltr'><strong>ποιεῖται</strong></span> <span class='ocrx_word' id='word_1_34' title='bbox 752 734 1090 804; x_wconf 77' lang='grc' dir='ltr'><strong>συγκενησιν.</strong></span> <span class='ocrx_word' id='word_1_35' title='bbox 1128 730 1408 801; x_wconf 79' lang='grc' dir='ltr'><strong>Ῥωμανὺς</strong></span> <span class='ocrx_word' id='word_1_36' title='bbox 1440 729 1496 782; x_wconf 84' lang='grc' dir='ltr'><strong>δὲ</strong></span> <span class='ocrx_word' id='word_1_37' title='bbox 1529 732 1556 783; x_wconf 85' lang='grc' dir='ltr'>ὁ</span> <span class='ocrx_word' id='word_1_38' title='bbox 1587 729 1743 813; x_wconf 75' lang='grc' dir='ltr'><strong>βασι-</strong></span> 
     </span>
    </p>
   </div>
   <div class='ocr_carea' id='block_1_9' title="bbox 169 822 1745 900">
    <p class='ocr_par' dir='ltr' id='par_1_9' title="bbox 169 822 1745 900">
     <span class='ocr_line' id='line_1_9' title="bbox 169 822 1745 900; baseline -0.004 -21"><span class='ocrx_word' id='word_1_39' title='bbox 169 826 454 900; x_wconf 75' lang='grc' dir='ltr'><strong>λεοπάτωρ</strong></span> <span class='ocrx_word' id='word_1_40' title='bbox 475 826 869 899; x_wconf 83' lang='grc' dir='ltr'><strong>χρυσοϐούλλια</strong></span> <span class='ocrx_word' id='word_1_41' title='bbox 909 825 1144 895; x_wconf 81' lang='grc' dir='ltr'><strong>ποιήσας</strong></span> <span class='ocrx_word' id='word_1_42' title='bbox 1194 822 1552 892; x_wconf 67' lang='grc' dir='ltr'><strong>ἑνυπόγραφα</strong></span> <span class='ocrx_word' id='word_1_43' title='bbox 1585 822 1660 884; x_wconf 82' lang='grc' dir='ltr'><strong>ὡς</strong></span> <span class='ocrx_word' id='word_1_44' title='bbox 1681 823 1745 873; x_wconf 80' lang='grc' dir='ltr'>ἐκ</span> 
     </span>
    </p>
   </div>
   <div class='ocr_carea' id='block_1_10' title="bbox 169 900 1744 989">
    <p class='ocr_par' dir='ltr' id='par_1_10' title="bbox 169 900 1744 989">
     <span class='ocr_line' id='line_1_10' title="bbox 169 900 1744 989; baseline -0.004 -18"><span class='ocrx_word' id='word_1_45' title='bbox 169 900 462 989; x_wconf 73' lang='grc' dir='ltr'><strong>προσῶπου</strong></span> <span class='ocrx_word' id='word_1_46' title='bbox 487 906 585 973; x_wconf 80' lang='grc' dir='ltr'><strong>τοῦ</strong></span> <span class='ocrx_word' id='word_1_47' title='bbox 623 918 884 989; x_wconf 78' lang='grc' dir='ltr'><strong>βασιλέως</strong></span> <span class='ocrx_word' id='word_1_48' title='bbox 912 914 1347 979; x_wconf 76' lang='grc' dir='ltr'><strong>Κωνσταντενου,</strong></span> <span class='ocrx_word' id='word_1_49' title='bbox 1370 913 1470 983; x_wconf 79' lang='grc' dir='ltr'><strong>τῆς</strong></span> <span class='ocrx_word' id='word_1_50' title='bbox 1489 912 1744 983; x_wconf 80' lang='grc' dir='ltr'><strong>τοιαύτης</strong></span> 
     </span>
    </p>
   </div>
   <div class='ocr_carea' id='block_1_11' title="bbox 166 1003 1744 1082">
    <p class='ocr_par' dir='ltr' id='par_1_11' title="bbox 166 1003 1744 1082">
     <span class='ocr_line' id='line_1_11' title="bbox 166 1003 1744 1082; baseline -0.004 -20"><span class='ocrx_word' id='word_1_51' title='bbox 166 1010 461 1081; x_wconf 74' lang='grc' dir='ltr'><strong>ιπιϐουλῆς</strong></span> <span class='ocrx_word' id='word_1_52' title='bbox 525 1010 846 1082; x_wconf 81' lang='grc' dir='ltr'><strong>ἀνατροπὴν</strong></span> <span class='ocrx_word' id='word_1_53' title='bbox 896 1006 1243 1078; x_wconf 74' lang='grc' dir='ltr'><strong>περιέχοντα,</strong></span> <span class='ocrx_word' id='word_1_54' title='bbox 1304 1004 1399 1058; x_wconf 77' lang='grc' dir='ltr'><strong>καὶ</strong></span> <span class='ocrx_word' id='word_1_55' title='bbox 1444 1005 1519 1068; x_wconf 81' lang='grc' dir='ltr'><strong>ὡς</strong></span> <span class='ocrx_word' id='word_1_56' title='bbox 1567 1006 1616 1057; x_wconf 78' lang='grc' dir='ltr'><strong>οἱ</strong></span> <span class='ocrx_word' id='word_1_57' title='bbox 1652 1003 1744 1057; x_wconf 81' lang='grc' dir='ltr'><strong>τὸν</strong></span> 
     </span>
    </p>
   </div>
   <div class='ocr_carea' id='block_1_12' title="bbox 167 1090 1744 1173">
    <p class='ocr_par' dir='ltr' id='par_1_12' title="bbox 167 1090 1744 1173">
     <span class='ocr_line' id='line_1_12' title="bbox 167 1090 1744 1173; baseline -0.005 -18"><span class='ocrx_word' id='word_1_58' title='bbox 167 1104 360 1156; x_wconf 72' lang='grc' dir='ltr'><strong>Φωκᾶν</strong></span> <span class='ocrx_word' id='word_1_59' title='bbox 388 1105 917 1173; x_wconf 82' lang='grc' dir='ltr'><strong>καταλιμπάνοντες.</strong></span> <span class='ocrx_word' id='word_1_60' title='bbox 937 1100 1015 1171; x_wconf 83' lang='grc' dir='ltr'><strong>τῷ</strong></span> <span class='ocrx_word' id='word_1_61' title='bbox 1040 1090 1249 1170; x_wconf 79' lang='grc' dir='ltr'><strong>βασιλεί</strong></span> <span class='ocrx_word' id='word_1_62' title='bbox 1276 1099 1333 1151; x_wconf 75' lang='grc' dir='ltr'><strong>δὲ</strong></span> <span class='ocrx_word' id='word_1_63' title='bbox 1369 1096 1744 1167; x_wconf 74' lang='grc' dir='ltr'><strong>προσφεύγονο</strong></span> 
     </span>
    </p>
   </div>
   <div class='ocr_carea' id='block_1_13' title="bbox 163 1189 1748 1266">
    <p class='ocr_par' dir='ltr' id='par_1_13' title="bbox 163 1189 1748 1266">
     <span class='ocr_line' id='line_1_13' title="bbox 163 1189 1748 1266; baseline -0.002 -22"><span class='ocrx_word' id='word_1_64' title='bbox 163 1209 256 1257; x_wconf 85' lang='grc' dir='ltr'><strong>τες</strong></span> <span class='ocrx_word' id='word_1_65' title='bbox 284 1192 370 1266; x_wconf 86' lang='grc' dir='ltr'><strong>[Ρ.</strong></span> <span class='ocrx_word' id='word_1_66' title='bbox 405 1192 531 1266; x_wconf 79' lang='lat'><strong>573]</strong></span> <span class='ocrx_word' id='word_1_67' title='bbox 582 1193 725 1263; x_wconf 77' lang='grc' dir='ltr'><strong>ὑπὲρ</strong></span> <span class='ocrx_word' id='word_1_68' title='bbox 778 1192 872 1246; x_wconf 81' lang='grc' dir='ltr'><strong>τοῦ</strong></span> <span class='ocrx_word' id='word_1_69' title='bbox 931 1191 1189 1261; x_wconf 83' lang='grc' dir='ltr'><strong>βασιλέως</strong></span> <span class='ocrx_word' id='word_1_70' title='bbox 1234 1190 1395 1253; x_wconf 71' lang='grc' dir='ltr'><strong>εἰσὶν,</strong></span> <span class='ocrx_word' id='word_1_71' title='bbox 1426 1189 1551 1253; x_wconf 83' lang='grc' dir='ltr'><strong>δοὺς</strong></span> <span class='ocrx_word' id='word_1_72' title='bbox 1578 1189 1748 1261; x_wconf 81' lang='grc' dir='ltr'><strong>Ἀννῃ</strong></span> 
     </span>
    </p>
   </div>
   <div class='ocr_carea' id='block_1_14' title="bbox 162 1274 1747 1349">
    <p class='ocr_par' dir='ltr' id='par_1_14' title="bbox 162 1274 1747 1349">
     <span class='ocr_line' id='line_1_14' title="bbox 162 1274 1747 1349; baseline -0.003 -18"><span class='ocrx_word' id='word_1_73' title='bbox 162 1281 274 1332; x_wconf 78' lang='grc' dir='ltr'><strong>τινὶ</strong></span> <span class='ocrx_word' id='word_1_74' title='bbox 328 1280 581 1348; x_wconf 74' lang='grc' dir='ltr'><strong>γυναικὶ⁵</strong></span> <span class='ocrx_word' id='word_1_75' title='bbox 608 1279 817 1333; x_wconf 89' lang='grc' dir='ltr'><strong>ἀναιδεῖ</strong></span> <span class='ocrx_word' id='word_1_76' title='bbox 853 1280 949 1349; x_wconf 65' lang='grc' dir='ltr'><strong>καὶ</strong></span> <span class='ocrx_word' id='word_1_77' title='bbox 974 1277 1205 1349; x_wconf 74' lang='grc' dir='ltr'><strong>θρασείᾳ</strong></span> <span class='ocrx_word' id='word_1_78' title='bbox 1246 1277 1341 1329; x_wconf 71' lang='grc' dir='ltr'><strong>καὶ</strong></span> <span class='ocrx_word' id='word_1_79' title='bbox 1366 1274 1614 1345; x_wconf 80' lang='grc' dir='ltr'><strong>κληρικῷ</strong></span> <span class='ocrx_word' id='word_1_80' title='bbox 1640 1292 1747 1326; x_wconf 88' lang='grc' dir='ltr'><strong>τινι</strong></span> 
     </span>
    </p>
   </div>
   <div class='ocr_carea' id='block_1_15' title="bbox 160 1360 1747 1442">
    <p class='ocr_par' dir='ltr' id='par_1_15' title="bbox 160 1360 1747 1442">
     <span class='ocr_line' id='line_1_15' title="bbox 160 1360 1747 1442; baseline -0.006 -17"><span class='ocrx_word' id='word_1_81' title='bbox 160 1371 385 1442; x_wconf 78' lang='grc' dir='ltr'><strong>Μιχαὴλ</strong></span> <span class='ocrx_word' id='word_1_82' title='bbox 406 1372 473 1424; x_wconf 62' lang='lat' dir='ltr'><strong>tv</strong></span> <span class='ocrx_word' id='word_1_83' title='bbox 500 1370 581 1441; x_wconf 80' lang='grc' dir='ltr'><strong>τῷ</strong></span> <span class='ocrx_word' id='word_1_84' title='bbox 630 1369 797 1425; x_wconf 79' lang='grc' dir='ltr'><strong>αὑτοῦ</strong></span> <span class='ocrx_word' id='word_1_85' title='bbox 844 1360 1196 1439; x_wconf 66' lang='grc' dir='ltr'><strong>στρατοπέδῳ</strong></span> <span class='ocrx_word' id='word_1_86' title='bbox 1229 1365 1572 1436; x_wconf 51' lang='grc' dir='ltr'><strong>ἐξέπεμψεν.⁵</strong></span> <span class='ocrx_word' id='word_1_87' title='bbox 1593 1366 1656 1418; x_wconf 82' lang='grc' dir='ltr'><strong>Οἱ</strong></span> <span class='ocrx_word' id='word_1_88' title='bbox 1690 1364 1747 1417; x_wconf 77' lang='grc' dir='ltr'><strong>δὲ</strong></span> 
     </span>
    </p>
   </div>
   <div class='ocr_carea' id='block_1_16' title="bbox 158 1454 1747 1531">
    <p class='ocr_par' dir='ltr' id='par_1_16' title="bbox 158 1454 1747 1531">
     <span class='ocr_line' id='line_1_16' title="bbox 158 1454 1747 1531; baseline -0.005 -16"><span class='ocrx_word' id='word_1_89' title='bbox 158 1460 340 1515; x_wconf 74' lang='grc' dir='ltr'><strong>ταῦτα</strong></span> <span class='ocrx_word' id='word_1_90' title='bbox 383 1461 782 1531; x_wconf 84' lang='grc' dir='ltr'><strong>ἀναλαϐόμενοι</strong></span> <span class='ocrx_word' id='word_1_91' title='bbox 828 1460 1145 1529; x_wconf 79' lang='grc' dir='ltr'><strong>διέσπειραν</strong></span> <span class='ocrx_word' id='word_1_92' title='bbox 1191 1458 1355 1512; x_wconf 76' lang='grc' dir='ltr'><strong>παντὶ</strong></span> <span class='ocrx_word' id='word_1_93' title='bbox 1402 1456 1481 1526; x_wconf 86' lang='grc' dir='ltr'><strong>τῷ</strong></span> <span class='ocrx_word' id='word_1_94' title='bbox 1512 1454 1747 1525; x_wconf 82' lang='grc' dir='ltr'><strong>στρατῷ.</strong></span> 
     </span>
    </p>
   </div>
   <div class='ocr_carea' id='block_1_17' title="bbox 159 1546 1751 1624">
    <p class='ocr_par' dir='ltr' id='par_1_17' title="bbox 159 1546 1751 1624">
     <span class='ocr_line' id='line_1_17' title="bbox 159 1546 1751 1624; baseline -0.004 -19"><span class='ocrx_word' id='word_1_95' title='bbox 159 1554 275 1606; x_wconf 81' lang='grc' dir='ltr'><strong>Καὶ</strong></span> <span class='ocrx_word' id='word_1_96' title='bbox 325 1556 356 1607; x_wconf 84' lang='grc' dir='ltr'><strong>ό</strong></span> <span class='ocrx_word' id='word_1_97' title='bbox 411 1553 512 1623; x_wconf 70' lang='grc' dir='ltr'><strong>μὲν</strong></span> <span class='ocrx_word' id='word_1_98' title='bbox 566 1553 790 1624; x_wconf 71' lang='grc' dir='ltr'><strong>Μιχαὴλ</strong></span> <span class='ocrx_word' id='word_1_99' title='bbox 818 1551 1095 1622; x_wconf 78' lang='grc' dir='ltr'><strong>φωραθεὶς</strong></span> <span class='ocrx_word' id='word_1_100' title='bbox 1132 1550 1285 1620; x_wconf 86' lang='grc' dir='ltr'><strong>παρὰ</strong></span> <span class='ocrx_word' id='word_1_101' title='bbox 1313 1548 1408 1603; x_wconf 83' lang='grc' dir='ltr'><strong>τοῦ</strong></span> <span class='ocrx_word' id='word_1_102' title='bbox 1465 1549 1628 1602; x_wconf 80' lang='grc' dir='ltr'><strong>Φωκᾶ</strong></span> <span class='ocrx_word' id='word_1_103' title='bbox 1656 1546 1751 1600; x_wconf 81' lang='grc' dir='ltr'><strong>καὶ</strong></span> 
     </span>
    </p>
   </div>
   <div class='ocr_carea' id='block_1_18' title="bbox 160 1628 1746 1719">
    <p class='ocr_par' dir='ltr' id='par_1_18' title="bbox 160 1628 1746 1719">
     <span class='ocr_line' id='line_1_18' title="bbox 160 1628 1746 1719; baseline -0.004 -21"><span class='ocrx_word' id='word_1_104' title='bbox 160 1643 414 1714; x_wconf 80' lang='grc' dir='ltr'><strong>ἀνηλεῶς</strong></span> <span class='ocrx_word' id='word_1_105' title='bbox 443 1643 670 1719; x_wconf 56' lang='grc' dir='ltr'><strong>τυφθεὶς</strong></span> <span class='ocrx_word' id='word_1_106' title='bbox 696 1645 796 1714; x_wconf 81' lang='grc' dir='ltr'><strong>τήν</strong></span> <span class='ocrx_word' id='word_1_107' title='bbox 822 1661 882 1696; x_wconf 87' lang='grc' dir='ltr'><strong>τε</strong></span> <span class='ocrx_word' id='word_1_108' title='bbox 914 1645 1036 1714; x_wconf 79' lang='grc' dir='ltr'><strong>ῥῖνα</strong></span> <span class='ocrx_word' id='word_1_109' title='bbox 1062 1643 1157 1719; x_wconf 58' lang='lat' dir='ltr'><strong>ita).</strong></span> <span class='ocrx_word' id='word_1_110' title='bbox 1186 1642 1253 1696; x_wconf 83' lang='grc' dir='ltr'><strong>τά</strong></span> <span class='ocrx_word' id='word_1_111' title='bbox 1273 1636 1387 1696; x_wconf 79' lang='grc' dir='ltr'><strong>ὦτα</strong></span> <span class='ocrx_word' id='word_1_112' title='bbox 1412 1628 1703 1711; x_wconf 68' lang='grc' dir='ltr'><strong>ἀπετμήθη</strong></span> <span class='ocrx_word' id='word_1_113' title='bbox 1732 1653 1746 1671; x_wconf 76' lang='grc' dir='ltr'><strong>ο</strong></span> 
     </span>
    </p>
   </div>
   <div class='ocr_carea' id='block_1_19' title="bbox 157 1714 1747 1807">
    <p class='ocr_par' dir='ltr' id='par_1_19' title="bbox 157 1714 1747 1807">
     <span class='ocr_line' id='line_1_19' title="bbox 157 1714 1747 1807; baseline -0.003 -18"><span class='ocrx_word' id='word_1_114' title='bbox 157 1735 220 1799; x_wconf 82' lang='grc' dir='ltr'><strong>δς</strong></span> <span class='ocrx_word' id='word_1_115' title='bbox 248 1735 390 1806; x_wconf 83' lang='grc' dir='ltr'><strong>μετὰ</strong></span> <span class='ocrx_word' id='word_1_116' title='bbox 420 1714 591 1789; x_wconf 79' lang='grc' dir='ltr'><strong>ταῦτα</strong></span> <span class='ocrx_word' id='word_1_117' title='bbox 608 1714 1173 1807; x_wconf 49' lang='grc' dir='ltr'><strong>παρϊΡωμανοῦὶῆς</strong></span> <span class='ocrx_word' id='word_1_118' title='bbox 1207 1734 1590 1805; x_wconf 79' lang='grc' dir='ltr'><strong>προσηκούσης</strong></span> <span class='ocrx_word' id='word_1_119' title='bbox 1624 1732 1747 1784; x_wconf 78' lang='grc' dir='ltr'><strong>ἐτυ-</strong></span> 
     </span>
    </p>
   </div>
   <div class='ocr_carea' id='block_1_20' title="bbox 1847 537 3425 611">
    <p class='ocr_par' dir='ltr' id='par_1_20' title="bbox 1847 537 3425 611">
     <span class='ocr_line' id='line_1_20' title="bbox 1847 537 3425 611; baseline 0.003 -17"><span class='ocrx_word' id='word_1_120' title='bbox 1847 540 2028 611; x_wconf 89' lang='lat' dir='ltr'><strong>primo</strong></span> <span class='ocrx_word' id='word_1_121' title='bbox 2085 537 2374 595; x_wconf 83' lang='lat' dir='ltr'><strong>Maleliano</strong></span> <span class='ocrx_word' id='word_1_122' title='bbox 2404 577 2421 605; x_wconf 83' lang='lat'><strong>,</strong></span> <span class='ocrx_word' id='word_1_123' title='bbox 2469 538 2689 595; x_wconf 86' lang='lat' dir='ltr'><strong>cunctis</strong></span> <span class='ocrx_word' id='word_1_124' title='bbox 2737 539 3070 608; x_wconf 74' lang='lat' dir='ltr'><strong>persuadere</strong></span> <span class='ocrx_word' id='word_1_125' title='bbox 3125 541 3323 597; x_wconf 81' lang='lat' dir='ltr'><strong>nititur</strong></span> <span class='ocrx_word' id='word_1_126' title='bbox 3370 546 3425 599; x_wconf 87' lang='lat' dir='ltr'><strong>in</strong></span> 
     </span>
    </p>
   </div>
   <div class='ocr_carea' id='block_1_21' title="bbox 1846 629 3427 705">
    <p class='ocr_par' dir='ltr' id='par_1_21' title="bbox 1846 629 3427 705">
     <span class='ocr_line' id='line_1_21' title="bbox 1846 629 3427 705; baseline 0.003 -20"><span class='ocrx_word' id='word_1_127' title='bbox 1846 631 2077 701; x_wconf 90' lang='lat' dir='ltr'><strong>gratiam</strong></span> <span class='ocrx_word' id='word_1_128' title='bbox 2112 630 2459 705; x_wconf 79' lang='lat' dir='ltr'><strong>Constantini</strong></span> <span class='ocrx_word' id='word_1_129' title='bbox 2510 629 2865 700; x_wconf 81' lang='lat' dir='ltr'><strong>imperatoris</strong></span> <span class='ocrx_word' id='word_1_130' title='bbox 2884 645 3005 686; x_wconf 86' lang='lat' dir='ltr'><strong>eam</strong></span> <span class='ocrx_word' id='word_1_131' title='bbox 3044 647 3102 686; x_wconf 88' lang='lat' dir='ltr'><strong>se</strong></span> <span class='ocrx_word' id='word_1_132' title='bbox 3128 635 3427 690; x_wconf 77' lang='lat' dir='ltr'><strong>motionem</strong></span> 
     </span>
    </p>
   </div>
   <div class='ocr_carea' id='block_1_22' title="bbox 1847 721 3429 793">
    <p class='ocr_par' dir='ltr' id='par_1_22' title="bbox 1847 721 3429 793">
     <span class='ocr_line' id='line_1_22' title="bbox 1847 721 3429 793; baseline 0.003 -17"><span class='ocrx_word' id='word_1_133' title='bbox 1847 723 2049 778; x_wconf 79' lang='lat' dir='ltr'><strong>facere.</strong></span> <span class='ocrx_word' id='word_1_134' title='bbox 2124 721 2410 777; x_wconf 70' lang='lat' dir='ltr'><strong>Romanus</strong></span> <span class='ocrx_word' id='word_1_135' title='bbox 2460 737 2593 777; x_wconf 91' lang='lat' dir='ltr'><strong>vero</strong></span> <span class='ocrx_word' id='word_1_136' title='bbox 2655 722 3010 791; x_wconf 80' lang='lat' dir='ltr'><strong>imperatoris</strong></span> <span class='ocrx_word' id='word_1_137' title='bbox 3058 733 3215 793; x_wconf 88' lang='lat' dir='ltr'><strong>pater</strong></span> <span class='ocrx_word' id='word_1_138' title='bbox 3261 726 3429 781; x_wconf 87' lang='lat' dir='ltr'><strong>bullis</strong></span> 
     </span>
    </p>
   </div>
   <div class='ocr_carea' id='block_1_23' title="bbox 1846 802 3429 887">
    <p class='ocr_par' dir='ltr' id='par_1_23' title="bbox 1846 802 3429 887">
     <span class='ocr_line' id='line_1_23' title="bbox 1846 802 3429 887; baseline 0.002 -19"><span class='ocrx_word' id='word_1_139' title='bbox 1846 812 2032 869; x_wconf 83' lang='lat' dir='ltr'><strong>aureis</strong></span> <span class='ocrx_word' id='word_1_140' title='bbox 2064 830 2129 869; x_wconf 92' lang='lat' dir='ltr'><strong>ac</strong></span> <span class='ocrx_word' id='word_1_141' title='bbox 2150 802 2157 812; x_wconf 81' lang='grc'><em>’</em></span> <span class='ocrx_word' id='word_1_142' title='bbox 2179 814 2497 884; x_wconf 87' lang='lat' dir='ltr'><strong>diplomatis</strong></span> <span class='ocrx_word' id='word_1_143' title='bbox 2543 813 2953 885; x_wconf 73' lang='lat' dir='ltr'><strong>subscriptione</strong></span> <span class='ocrx_word' id='word_1_144' title='bbox 2986 815 3234 882; x_wconf 83' lang='lat' dir='ltr'><strong>munitis,</strong></span> <span class='ocrx_word' id='word_1_145' title='bbox 3271 818 3429 887; x_wconf 90' lang='lat' dir='ltr'><strong>quasi</strong></span> 
     </span>
    </p>
   </div>
   <div class='ocr_carea' id='block_1_24' title="bbox 1846 906 3429 987">
    <p class='ocr_par' dir='ltr' id='par_1_24' title="bbox 1846 906 3429 987">
     <span class='ocr_line' id='line_1_24' title="bbox 1846 906 3429 987; baseline 0.001 -28"><span class='ocrx_word' id='word_1_146' title='bbox 1846 921 1912 987; x_wconf 50' lang='lat' dir='ltr'><strong>es</strong></span> <span class='ocrx_word' id='word_1_147' title='bbox 1962 906 2317 987; x_wconf 80' lang='lat' dir='ltr'><strong>Constantini</strong></span> <span class='ocrx_word' id='word_1_148' title='bbox 2358 906 2708 976; x_wconf 89' lang='lat' dir='ltr'><strong>imperatoris</strong></span> <span class='ocrx_word' id='word_1_149' title='bbox 2761 922 2999 977; x_wconf 81' lang='lat' dir='ltr'><strong>persona</strong></span> <span class='ocrx_word' id='word_1_150' title='bbox 3029 946 3044 972; x_wconf 89' lang='lat'><strong>,</strong></span> <span class='ocrx_word' id='word_1_151' title='bbox 3108 906 3314 974; x_wconf 82' lang='lat' dir='ltr'><strong>quibus</strong></span> <span class='ocrx_word' id='word_1_152' title='bbox 3363 921 3429 960; x_wconf 84' lang='lat' dir='ltr'><strong>ea</strong></span> 
     </span>
    </p>
   </div>
   <div class='ocr_carea' id='block_1_25' title="bbox 1848 982 3428 1075">
    <p class='ocr_par' dir='ltr' id='par_1_25' title="bbox 1848 982 3428 1075">
     <span class='ocr_line' id='line_1_25' title="bbox 1848 982 3428 1075; baseline 0 -22"><span class='ocrx_word' id='word_1_153' title='bbox 1848 982 2064 1055; x_wconf 73' lang='lat' dir='ltr'><strong>niolitio</strong></span> <span class='ocrx_word' id='word_1_154' title='bbox 2107 986 2489 1075; x_wconf 83' lang='lat' dir='ltr'><strong>evertebatur,</strong></span> <span class='ocrx_word' id='word_1_155' title='bbox 2534 1014 2739 1068; x_wconf 91' lang='lat' dir='ltr'><strong>eosque</strong></span> <span class='ocrx_word' id='word_1_156' title='bbox 2785 990 2880 1070; x_wconf 83' lang='lat' dir='ltr'><strong>qui</strong></span> <span class='ocrx_word' id='word_1_157' title='bbox 2920 996 3100 1055; x_wconf 87' lang='lat' dir='ltr'><strong>Pboca</strong></span> <span class='ocrx_word' id='word_1_158' title='bbox 3145 1000 3337 1055; x_wconf 89' lang='lat' dir='ltr'><strong>relicto</strong></span> <span class='ocrx_word' id='word_1_159' title='bbox 3360 1000 3428 1055; x_wconf 89' lang='lat' dir='ltr'><strong>ad</strong></span> 
     </span>
    </p>
   </div>
   <div class='ocr_carea' id='block_1_26' title="bbox 1848 1090 3429 1173">
    <p class='ocr_par' dir='ltr' id='par_1_26' title="bbox 1848 1090 3429 1173">
     <span class='ocr_line' id='line_1_26' title="bbox 1848 1090 3429 1173; baseline 0.003 -31"><span class='ocrx_word' id='word_1_160' title='bbox 1848 1090 2240 1173; x_wconf 41' lang='lat' dir='ltr'><strong>imperatorem</strong></span> <span class='ocrx_word' id='word_1_161' title='bbox 2300 1090 2667 1161; x_wconf 81' lang='lat' dir='ltr'><strong>confugerent</strong></span> <span class='ocrx_word' id='word_1_162' title='bbox 2732 1090 2799 1145; x_wconf 91' lang='lat' dir='ltr'><strong>ab</strong></span> <span class='ocrx_word' id='word_1_163' title='bbox 2848 1092 3017 1162; x_wconf 88' lang='lat'><strong>888</strong></span> <span class='ocrx_word' id='word_1_164' title='bbox 3081 1092 3429 1162; x_wconf 86' lang='lat' dir='ltr'><strong>imperatoris</strong></span> 
     </span>
    </p>
   </div>
   <div class='ocr_carea' id='block_1_27' title="bbox 1847 1182 3429 1254">
    <p class='ocr_par' dir='ltr' id='par_1_27' title="bbox 1847 1182 3429 1254">
     <span class='ocr_line' id='line_1_27' title="bbox 1847 1182 3429 1254; baseline 0.003 -19"><span class='ocrx_word' id='word_1_165' title='bbox 1847 1191 1992 1235; x_wconf 89' lang='lat' dir='ltr'><strong>stare</strong></span> <span class='ocrx_word' id='word_1_166' title='bbox 2014 1182 2267 1251; x_wconf 88' lang='lat' dir='ltr'><strong>partibus</strong></span> <span class='ocrx_word' id='word_1_167' title='bbox 2290 1182 2722 1252; x_wconf 79' lang='lat' dir='ltr'><strong>signiﬁcabatur,</strong></span> <span class='ocrx_word' id='word_1_168' title='bbox 2762 1182 2948 1247; x_wconf 83' lang='lat' dir='ltr'><strong>editis,</strong></span> <span class='ocrx_word' id='word_1_169' title='bbox 2994 1184 3277 1254; x_wconf 63' lang='lat' dir='ltr'><strong>Annaaque</strong></span> <span class='ocrx_word' id='word_1_170' title='bbox 3305 1185 3429 1240; x_wconf 86' lang='lat' dir='ltr'><strong>cui-</strong></span> 
     </span>
    </p>
   </div>
   <div class='ocr_carea' id='block_1_28' title="bbox 1848 1262 3430 1336">
    <p class='ocr_par' dir='ltr' id='par_1_28' title="bbox 1848 1262 3430 1336">
     <span class='ocr_line' id='line_1_28' title="bbox 1848 1262 3430 1336; baseline 0.004 -12"><span class='ocrx_word' id='word_1_171' title='bbox 1848 1271 1972 1325; x_wconf 89' lang='lat' dir='ltr'><strong>dam</strong></span> <span class='ocrx_word' id='word_1_172' title='bbox 1999 1270 2222 1327; x_wconf 76' lang='lat' dir='ltr'><strong>eﬂronti</strong></span> <span class='ocrx_word' id='word_1_173' title='bbox 2250 1272 2468 1326; x_wconf 84' lang='lat' dir='ltr'><strong>mulieri</strong></span> <span class='ocrx_word' id='word_1_174' title='bbox 2495 1288 2557 1327; x_wconf 84' lang='lat' dir='ltr'><strong>ac</strong></span> <span class='ocrx_word' id='word_1_175' title='bbox 2593 1273 2922 1336; x_wconf 69' lang='lat' dir='ltr'><strong>temerariae,</strong></span> <span class='ocrx_word' id='word_1_176' title='bbox 2956 1262 3060 1328; x_wconf 85' lang='lat' dir='ltr'><strong>nec</strong></span> <span class='ocrx_word' id='word_1_177' title='bbox 3086 1289 3197 1328; x_wconf 91' lang='lat' dir='ltr'><strong>non</strong></span> <span class='ocrx_word' id='word_1_178' title='bbox 3228 1275 3430 1330; x_wconf 89' lang='lat' dir='ltr'><strong>clerico</strong></span> 
     </span>
    </p>
   </div>
   <div class='ocr_carea' id='block_1_29' title="bbox 1848 1363 3430 1430">
    <p class='ocr_par' dir='ltr' id='par_1_29' title="bbox 1848 1363 3430 1430">
     <span class='ocr_line' id='line_1_29' title="bbox 1848 1363 3430 1430; baseline 0.003 -13"><span class='ocrx_word' id='word_1_179' title='bbox 1848 1363 2066 1417; x_wconf 81' lang='lat' dir='ltr'><strong>cuidam</strong></span> <span class='ocrx_word' id='word_1_180' title='bbox 2092 1364 2343 1419; x_wconf 84' lang='lat' dir='ltr'><strong>Michaeli</strong></span> <span class='ocrx_word' id='word_1_181' title='bbox 2368 1364 2592 1418; x_wconf 89' lang='lat' dir='ltr'><strong>nomine</strong></span> <span class='ocrx_word' id='word_1_182' title='bbox 2622 1364 2969 1430; x_wconf 85' lang='lat' dir='ltr'><strong>contraditis,</strong></span> <span class='ocrx_word' id='word_1_183' title='bbox 3004 1365 3059 1419; x_wconf 90' lang='lat' dir='ltr'><strong>in</strong></span> <span class='ocrx_word' id='word_1_184' title='bbox 3104 1366 3307 1421; x_wconf 88' lang='lat' dir='ltr'><strong>Leonis</strong></span> <span class='ocrx_word' id='word_1_185' title='bbox 3339 1382 3430 1421; x_wconf 83' lang='lat' dir='ltr'><strong>ca-</strong></span> 
     </span>
    </p>
   </div>
   <div class='ocr_carea' id='block_1_30' title="bbox 1850 1452 3431 1536">
    <p class='ocr_par' dir='ltr' id='par_1_30' title="bbox 1850 1452 3431 1536">
     <span class='ocr_line' id='line_1_30' title="bbox 1850 1452 3431 1536; baseline 0.003 -30"><span class='ocrx_word' id='word_1_186' title='bbox 1850 1463 1963 1507; x_wconf 89' lang='lat' dir='ltr'><strong>stra</strong></span> <span class='ocrx_word' id='word_1_187' title='bbox 2009 1454 2213 1510; x_wconf 90' lang='lat' dir='ltr'><strong>emisit.</strong></span> <span class='ocrx_word' id='word_1_188' title='bbox 2268 1452 2336 1509; x_wconf 83' lang='lat' dir='ltr'><strong>Hi</strong></span> <span class='ocrx_word' id='word_1_189' title='bbox 2379 1464 2604 1524; x_wconf 82' lang='lat' dir='ltr'><strong>accepta</strong></span> <span class='ocrx_word' id='word_1_190' title='bbox 2656 1454 2956 1536; x_wconf 78' lang='lat' dir='ltr'><strong>diplomata</strong></span> <span class='ocrx_word' id='word_1_191' title='bbox 2992 1454 3049 1509; x_wconf 92' lang='lat' dir='ltr'><strong>in</strong></span> <span class='ocrx_word' id='word_1_192' title='bbox 3075 1470 3294 1510; x_wconf 89' lang='lat' dir='ltr'><strong>omnem</strong></span> <span class='ocrx_word' id='word_1_193' title='bbox 3324 1456 3431 1510; x_wconf 88' lang='lat' dir='ltr'><strong>late</strong></span> 
     </span>
    </p>
   </div>
   <div class='ocr_carea' id='block_1_31' title="bbox 1850 1546 3434 1617">
    <p class='ocr_par' dir='ltr' id='par_1_31' title="bbox 1850 1546 3434 1617">
     <span class='ocr_line' id='line_1_31' title="bbox 1850 1546 3434 1617; baseline 0.002 -18"><span class='ocrx_word' id='word_1_194' title='bbox 1850 1546 2154 1601; x_wconf 80' lang='lat' dir='ltr'><strong>exercitum</strong></span> <span class='ocrx_word' id='word_1_195' title='bbox 2197 1546 2511 1602; x_wconf 81' lang='lat' dir='ltr'><strong>clanculum</strong></span> <span class='ocrx_word' id='word_1_196' title='bbox 2551 1556 2895 1616; x_wconf 87' lang='lat' dir='ltr'><strong>sparserunt.</strong></span> <span class='ocrx_word' id='word_1_197' title='bbox 2934 1548 3013 1603; x_wconf 79' lang='lat' dir='ltr'><strong>Ac</strong></span> <span class='ocrx_word' id='word_1_198' title='bbox 3045 1547 3274 1602; x_wconf 82' lang='lat' dir='ltr'><strong>Michael</strong></span> <span class='ocrx_word' id='word_1_199' title='bbox 3312 1548 3434 1617; x_wconf 87' lang='lat' dir='ltr'><strong>qui-</strong></span> 
     </span>
    </p>
   </div>
   <div class='ocr_carea' id='block_1_32' title="bbox 1852 1634 3435 1706">
    <p class='ocr_par' dir='ltr' id='par_1_32' title="bbox 1852 1634 3435 1706">
     <span class='ocr_line' id='line_1_32' title="bbox 1852 1634 3435 1706; baseline 0.003 -17"><span class='ocrx_word' id='word_1_200' title='bbox 1852 1634 1976 1689; x_wconf 92' lang='lat' dir='ltr'><strong>dem</strong></span> <span class='ocrx_word' id='word_1_201' title='bbox 2031 1649 2063 1689; x_wconf 91' lang='lat' dir='ltr'><strong>a</strong></span> <span class='ocrx_word' id='word_1_202' title='bbox 2119 1634 2301 1690; x_wconf 86' lang='lat' dir='ltr'><strong>Phoca</strong></span> <span class='ocrx_word' id='word_1_203' title='bbox 2352 1636 2732 1705; x_wconf 84' lang='lat' dir='ltr'><strong>deprehensus</strong></span> <span class='ocrx_word' id='word_1_204' title='bbox 2786 1636 3051 1706; x_wconf 89' lang='lat' dir='ltr'><strong>durisque</strong></span> <span class='ocrx_word' id='word_1_205' title='bbox 3107 1638 3435 1693; x_wconf 77' lang='lat' dir='ltr'><strong>verberibus</strong></span> 
     </span>
    </p>
   </div>
   <div class='ocr_carea' id='block_1_33' title="bbox 1852 1724 3432 1798">
    <p class='ocr_par' dir='ltr' id='par_1_33' title="bbox 1852 1724 3432 1798">
     <span class='ocr_line' id='line_1_33' title="bbox 1852 1724 3432 1798; baseline 0.003 -19"><span class='ocrx_word' id='word_1_206' title='bbox 1852 1724 2134 1793; x_wconf 87' lang='lat' dir='ltr'><strong>subactus,</strong></span> <span class='ocrx_word' id='word_1_207' title='bbox 2192 1741 2328 1783; x_wconf 83' lang='lat' dir='ltr'><strong>naso</strong></span> <span class='ocrx_word' id='word_1_208' title='bbox 2372 1727 2717 1798; x_wconf 85' lang='lat' dir='ltr'><strong>auribusque</strong></span> <span class='ocrx_word' id='word_1_209' title='bbox 2761 1729 3028 1785; x_wconf 79' lang='lat' dir='ltr'><strong>multatus</strong></span> <span class='ocrx_word' id='word_1_210' title='bbox 3070 1738 3175 1786; x_wconf 89' lang='lat' dir='ltr'><strong>est.</strong></span> <span class='ocrx_word' id='word_1_211' title='bbox 3230 1730 3432 1785; x_wconf 83' lang='lat' dir='ltr'><strong>Verum</strong></span> 
     </span>
    </p>
   </div>
   <div class='ocr_carea' id='block_1_34' title="bbox 156 1816 1753 1900">
    <p class='ocr_par' dir='ltr' id='par_1_34' title="bbox 156 1823 1746 1900">
     <span class='ocr_line' id='line_1_34' title="bbox 156 1823 1746 1900; baseline -0.006 -17"><span class='ocrx_word' id='word_1_212' title='bbox 156 1847 256 1899; x_wconf 79' lang='grc' dir='ltr'><strong>χεν</strong></span> <span class='ocrx_word' id='word_1_213' title='bbox 291 1828 528 1900; x_wconf 84' lang='grc' dir='ltr'><strong>ἀμοιϐῆς</strong></span> <span class='ocrx_word' id='word_1_214' title='bbox 555 1845 567 1858; x_wconf 90' lang='grc'><strong>·</strong></span> <span class='ocrx_word' id='word_1_215' title='bbox 622 1828 886 1892; x_wconf 82' lang='grc' dir='ltr'><strong>ὡσαύτως</strong></span> <span class='ocrx_word' id='word_1_216' title='bbox 919 1827 1017 1881; x_wconf 79' lang='grc' dir='ltr'><strong>καὶ</strong></span> <span class='ocrx_word' id='word_1_217' title='bbox 1066 1828 1099 1897; x_wconf 81' lang='grc' dir='ltr'>ἠ</span> <span class='ocrx_word' id='word_1_218' title='bbox 1146 1826 1246 1880; x_wconf 80' lang='grc' dir='ltr'><strong>σὺν</strong></span> <span class='ocrx_word' id='word_1_219' title='bbox 1286 1824 1455 1895; x_wconf 81' lang='grc' dir='ltr'><strong>αὐτῷ.</strong></span> <span class='ocrx_word' id='word_1_220' title='bbox 1490 1823 1746 1877; x_wconf 82' lang='grc' dir='ltr'><strong>σταλεῖσα</strong></span> 
     </span>
    </p>
   </div>
   <div class='ocr_carea' id='block_1_35' title="bbox 1857 1816 3437 1900">
    <p class='ocr_par' dir='ltr' id='par_1_35' title="bbox 1857 1817 3437 1887">
     <span class='ocr_line' id='line_1_35' title="bbox 1857 1817 3437 1887; baseline 0.004 -17"><span class='ocrx_word' id='word_1_221' title='bbox 1857 1817 1897 1871; x_wconf 90' lang='lat' dir='ltr'><strong>is</strong></span> <span class='ocrx_word' id='word_1_222' title='bbox 1932 1825 2121 1887; x_wconf 89' lang='lat' dir='ltr'><strong>postea</strong></span> <span class='ocrx_word' id='word_1_223' title='bbox 2161 1835 2190 1872; x_wconf 90' lang='lat' dir='ltr'><strong>a</strong></span> <span class='ocrx_word' id='word_1_224' title='bbox 2220 1820 2470 1874; x_wconf 83' lang='lat' dir='ltr'><strong>Romano</strong></span> <span class='ocrx_word' id='word_1_225' title='bbox 2519 1821 2937 1876; x_wconf 80' lang='lat' dir='ltr'><strong>convenientem</strong></span> <span class='ocrx_word' id='word_1_226' title='bbox 2964 1822 3140 1876; x_wconf 84' lang='lat' dir='ltr'><strong>vicem</strong></span> <span class='ocrx_word' id='word_1_227' title='bbox 3167 1836 3437 1876; x_wconf 86' lang='lat' dir='ltr'><strong>consecu-</strong></span> 
     </span>
    </p>
   </div>
   <div class='ocr_carea' id='block_1_36' title="bbox 157 1923 329 1994">
    <p class='ocr_par' dir='ltr' id='par_1_36' title="bbox 157 1923 329 1994">
     <span class='ocr_line' id='line_1_36' title="bbox 157 1923 329 1994; baseline 0.012 -19"><span class='ocrx_word' id='word_1_228' title='bbox 157 1923 329 1994; x_wconf 84' lang='grc' dir='ltr'><strong>γυνή.</strong></span> 
     </span>
    </p>
   </div>
   <div class='ocr_carea' id='block_1_37' title="bbox 232 2110 1743 2188">
    <p class='ocr_par' dir='ltr' id='par_1_37' title="bbox 232 2110 1743 2188">
     <span class='ocr_line' id='line_1_37' title="bbox 232 2110 1743 2188; baseline -0.003 -17"><span class='ocrx_word' id='word_1_229' title='bbox 232 2116 339 2171; x_wconf 69' lang='grc' dir='ltr'><strong>ιϐ’.</strong></span> <span class='ocrx_word' id='word_1_230' title='bbox 372 2115 593 2188; x_wconf 81' lang='grc' dir='ltr'><strong>Πρῶτος</strong></span> <span class='ocrx_word' id='word_1_231' title='bbox 624 2110 721 2170; x_wconf 82' lang='grc' dir='ltr'><strong>οὖν</strong></span> <span class='ocrx_word' id='word_1_232' title='bbox 745 2116 775 2167; x_wconf 87' lang='grc' dir='ltr'><strong>δ</strong></span> <span class='ocrx_word' id='word_1_233' title='bbox 810 2116 925 2179; x_wconf 73' lang='grc' dir='ltr'><strong>υἱὸς</strong></span> <span class='ocrx_word' id='word_1_234' title='bbox 945 2111 1039 2167; x_wconf 79' lang='grc' dir='ltr'><strong>τοῦ</strong></span> <span class='ocrx_word' id='word_1_235' title='bbox 1070 2113 1291 2186; x_wconf 79' lang='grc' dir='ltr'><strong>Βαρέως</strong></span> <span class='ocrx_word' id='word_1_236' title='bbox 1321 2114 1545 2183; x_wconf 75' lang='grc' dir='ltr'><strong>Μιχαὴλ</strong></span> <span class='ocrx_word' id='word_1_237' title='bbox 1584 2116 1743 2167; x_wconf 85' lang='grc' dir='ltr'><strong>Κων-</strong></span> 
     </span>
    </p>
   </div>
   <div class='ocr_carea' id='block_1_38' title="bbox 158 2202 1746 2272">
    <p class='ocr_par' dir='ltr' id='par_1_38' title="bbox 158 2202 1746 2272">
     <span class='ocr_line' id='line_1_38' title="bbox 158 2202 1746 2272; baseline -0.003 -13"><span class='ocrx_word' id='word_1_238' title='bbox 158 2208 446 2269; x_wconf 76' lang='grc' dir='ltr'><strong>σταντῐνος</strong></span> <span class='ocrx_word' id='word_1_239' title='bbox 484 2204 534 2239; x_wconf 56' lang='grc' dir='ltr'><strong>λ’</strong></span> <span class='ocrx_word' id='word_1_240' title='bbox 571 2202 896 2258; x_wconf 83' lang='grc' dir='ltr'><strong>καταλιπὼν</strong></span> <span class='ocrx_word' id='word_1_241' title='bbox 947 2204 1041 2257; x_wconf 75' lang='grc' dir='ltr'><strong>τὸν</strong></span> <span class='ocrx_word' id='word_1_242' title='bbox 1108 2203 1305 2256; x_wconf 75' lang='grc' dir='ltr'><strong>Φωκᾶν</strong></span> <span class='ocrx_word' id='word_1_243' title='bbox 1344 2202 1424 2272; x_wconf 83' lang='grc' dir='ltr'><strong>τῷ</strong></span> <span class='ocrx_word' id='word_1_244' title='bbox 1481 2202 1746 2272; x_wconf 82' lang='grc' dir='ltr'><strong>Ῥωμανῷ</strong></span> 
     </span>
    </p>
   </div>
   <div class='ocr_carea' id='block_1_39' title="bbox 154 2292 1746 2370">
    <p class='ocr_par' dir='ltr' id='par_1_39' title="bbox 154 2292 1746 2370">
     <span class='ocr_line' id='line_1_39' title="bbox 154 2292 1746 2370; baseline -0.004 -19"><span class='ocrx_word' id='word_1_245' title='bbox 154 2299 573 2370; x_wconf 78' lang='grc' dir='ltr'><strong>προσέδραμεν,</strong></span> <span class='ocrx_word' id='word_1_246' title='bbox 603 2296 746 2368; x_wconf 81' lang='grc' dir='ltr'><strong>ἀρχὴ</strong></span> <span class='ocrx_word' id='word_1_247' title='bbox 767 2292 1009 2365; x_wconf 78' lang='grc' dir='ltr'><strong>γεγονὼς</strong></span> <span class='ocrx_word' id='word_1_248' title='bbox 1047 2292 1401 2355; x_wconf 81' lang='grc' dir='ltr'><strong>καταλύσεως</strong></span> <span class='ocrx_word' id='word_1_249' title='bbox 1430 2293 1530 2362; x_wconf 83' lang='grc' dir='ltr'><strong>τῆς</strong></span> <span class='ocrx_word' id='word_1_250' title='bbox 1560 2293 1746 2346; x_wconf 84' lang='grc' dir='ltr'><strong>τοιαύ-</strong></span> 
     </span>
    </p>
   </div>
   <div class='ocr_carea' id='block_1_40' title="bbox 156 2381 1748 2458">
    <p class='ocr_par' dir='ltr' id='par_1_40' title="bbox 156 2381 1748 2458">
     <span class='ocr_line' id='line_1_40' title="bbox 156 2381 1748 2458; baseline -0.005 -16"><span class='ocrx_word' id='word_1_251' title='bbox 156 2406 264 2458; x_wconf 80' lang='grc' dir='ltr'><strong>της</strong></span> <span class='ocrx_word' id='word_1_252' title='bbox 290 2388 590 2458; x_wconf 79' lang='grc' dir='ltr'><strong>ἀνταρσίας</strong></span> <span class='ocrx_word' id='word_1_253' title='bbox 618 2387 716 2440; x_wconf 76' lang='grc' dir='ltr'><strong>καὶ</strong></span> <span class='ocrx_word' id='word_1_254' title='bbox 774 2382 1111 2456; x_wconf 79' lang='grc' dir='ltr'><strong>τυραννίδος.</strong></span> <span class='ocrx_word' id='word_1_255' title='bbox 1156 2384 1262 2437; x_wconf 77' lang='grc' dir='ltr'><strong>Σὺν</strong></span> <span class='ocrx_word' id='word_1_256' title='bbox 1318 2381 1469 2453; x_wconf 81' lang='grc' dir='ltr'><strong>αὐτῷ</strong></span> <span class='ocrx_word' id='word_1_257' title='bbox 1496 2381 1552 2434; x_wconf 83' lang='grc' dir='ltr'><strong>δὲ</strong></span> <span class='ocrx_word' id='word_1_258' title='bbox 1592 2382 1684 2435; x_wconf 72' lang='grc' dir='ltr'><strong>καὶ</strong></span> <span class='ocrx_word' id='word_1_259' title='bbox 1720 2384 1748 2435; x_wconf 89' lang='grc' dir='ltr'><strong>ό</strong></span> 
     </span>
    </p>
   </div>
   <div class='ocr_carea' id='block_1_41' title="bbox 155 2474 1746 2548">
    <p class='ocr_par' dir='ltr' id='par_1_41' title="bbox 155 2474 1746 2548">
     <span class='ocr_line' id='line_1_41' title="bbox 155 2474 1746 2548; baseline -0.006 -13"><span class='ocrx_word' id='word_1_260' title='bbox 155 2479 464 2545; x_wconf 76' lang='grc' dir='ltr'><strong>Βαλάντιος</strong></span> <span class='ocrx_word' id='word_1_261' title='bbox 510 2480 605 2534; x_wconf 75' lang='grc' dir='ltr'><strong>καὶ</strong></span> <span class='ocrx_word' id='word_1_262' title='bbox 633 2480 662 2532; x_wconf 84' lang='grc' dir='ltr'>ὁ</span> <span class='ocrx_word' id='word_1_263' title='bbox 694 2477 988 2548; x_wconf 80' lang='grc' dir='ltr'><strong>λεγόμενος</strong></span> <span class='ocrx_word' id='word_1_264' title='bbox 1022 2475 1369 2547; x_wconf 72' lang='grc' dir='ltr'><strong>’Δτζμωρος,</strong></span> <span class='ocrx_word' id='word_1_265' title='bbox 1412 2474 1746 2545; x_wconf 81' lang='grc' dir='ltr'><strong>τουρμάρχοι</strong></span> 
     </span>
    </p>
   </div>
   <div class='ocr_carea' id='block_1_42' title="bbox 155 2566 1747 2653">
    <p class='ocr_par' dir='ltr' id='par_1_42' title="bbox 155 2566 1747 2653">
     <span class='ocr_line' id='line_1_42' title="bbox 155 2566 1747 2653; baseline -0.003 -28"><span class='ocrx_word' id='word_1_266' title='bbox 155 2574 319 2637; x_wconf 71' lang='grc' dir='ltr'><strong>ὀντες</strong></span> <span class='ocrx_word' id='word_1_267' title='bbox 348 2571 670 2653; x_wconf 65' lang='grc' dir='ltr'><strong>ἀμςεότεροι.</strong></span> <span class='ocrx_word' id='word_1_268' title='bbox 702 2571 853 2626; x_wconf 78' lang='grc' dir='ltr'><strong>Λέων</strong></span> <span class='ocrx_word' id='word_1_269' title='bbox 879 2568 973 2624; x_wconf 75' lang='grc' dir='ltr'><strong>οὖν</strong></span> <span class='ocrx_word' id='word_1_270' title='bbox 1001 2570 1031 2623; x_wconf 89' lang='grc' dir='ltr'><strong>ό</strong></span> <span class='ocrx_word' id='word_1_271' title='bbox 1057 2566 1411 2639; x_wconf 77' lang='grc' dir='ltr'><strong>Φωκᾶςμετά</strong></span> <span class='ocrx_word' id='word_1_272' title='bbox 1436 2568 1565 2621; x_wconf 83' lang='grc' dir='ltr'><strong>λαοῦ</strong></span> <span class='ocrx_word' id='word_1_273' title='bbox 1594 2568 1747 2621; x_wconf 76' lang='grc' dir='ltr'><strong>πλεί-</strong></span> 
     </span>
    </p>
   </div>
   <div class='ocr_carea' id='block_1_43' title="bbox 160 2659 1749 2734">
    <p class='ocr_par' dir='ltr' id='par_1_43' title="bbox 160 2659 1749 2734">
     <span class='ocr_line' id='line_1_43' title="bbox 160 2659 1749 2734; baseline -0.003 -17"><span class='ocrx_word' id='word_1_274' title='bbox 160 2681 295 2717; x_wconf 85' lang='grc' dir='ltr'><strong>στου</strong></span> <span class='ocrx_word' id='word_1_275' title='bbox 325 2663 564 2734; x_wconf 71' lang='grc' dir='ltr'><strong>ἰσχυρῶς</strong></span> <span class='ocrx_word' id='word_1_276' title='bbox 623 2660 1083 2731; x_wconf 73' lang='grc' dir='ltr'><strong>καθωπλισμένου</strong></span> <span class='ocrx_word' id='word_1_277' title='bbox 1100 2662 1176 2713; x_wconf 54' lang='grc' dir='ltr'><strong>ἐν</strong></span> <span class='ocrx_word' id='word_1_278' title='bbox 1207 2659 1550 2731; x_wconf 84' lang='grc' dir='ltr'><strong>Χρυσοπόλει</strong></span> <span class='ocrx_word' id='word_1_279' title='bbox 1574 2675 1749 2713; x_wconf 79' lang='grc' dir='ltr'><strong>κατα-</strong></span> 
     </span>
    </p>
   </div>
   <div class='ocr_carea' id='block_1_44' title="bbox 156 2746 1748 2824">
    <p class='ocr_par' dir='ltr' id='par_1_44' title="bbox 156 2746 1748 2824">
     <span class='ocr_line' id='line_1_44' title="bbox 156 2746 1748 2824; baseline -0.005 -17"><span class='ocrx_word' id='word_1_280' title='bbox 156 2753 350 2807; x_wconf 82' lang='grc' dir='ltr'><strong>λαϐὼν</strong></span> <span class='ocrx_word' id='word_1_281' title='bbox 398 2754 649 2824; x_wconf 79' lang='grc' dir='ltr'><strong>διέστησε</strong></span> <span class='ocrx_word' id='word_1_282' title='bbox 703 2750 1042 2823; x_wconf 81' lang='grc' dir='ltr'><strong>παρατάξεις</strong></span> <span class='ocrx_word' id='word_1_283' title='bbox 1066 2750 1173 2803; x_wconf 79' lang='grc' dir='ltr'><strong>ἀπὸ</strong></span> <span class='ocrx_word' id='word_1_284' title='bbox 1206 2749 1304 2819; x_wconf 86' lang='grc' dir='ltr'><strong>τῆς</strong></span> <span class='ocrx_word' id='word_1_285' title='bbox 1346 2747 1551 2818; x_wconf 65' lang='grc' dir='ltr'><strong>λιθίνης</strong></span> <span class='ocrx_word' id='word_1_286' title='bbox 1572 2746 1748 2816; x_wconf 83' lang='grc' dir='ltr'><strong>δαμά-</strong></span> 
     </span>
    </p>
   </div>
   <div class='ocr_carea' id='block_1_45' title="bbox 159 2838 1747 2915">
    <p class='ocr_par' dir='ltr' id='par_1_45' title="bbox 159 2838 1747 2915">
     <span class='ocr_line' id='line_1_45' title="bbox 159 2838 1747 2915; baseline -0.003 -18"><span class='ocrx_word' id='word_1_287' title='bbox 159 2847 305 2909; x_wconf 79' lang='grc' dir='ltr'><strong>λεως</strong></span> <span class='ocrx_word' id='word_1_288' title='bbox 332 2843 526 2915; x_wconf 77' lang='grc' dir='ltr'><strong>’μέχρι</strong></span> <span class='ocrx_word' id='word_1_289' title='bbox 560 2844 927 2915; x_wconf 77' lang='grc' dir='ltr'><strong>Χαλκηδόνος,</strong></span> <span class='ocrx_word' id='word_1_290' title='bbox 973 2842 1101 2904; x_wconf 76' lang='grc' dir='ltr'><strong>τοὺς</strong></span> <span class='ocrx_word' id='word_1_291' title='bbox 1141 2843 1199 2901; x_wconf 78' lang='grc' dir='ltr'><strong>ὲν</strong></span> <span class='ocrx_word' id='word_1_292' title='bbox 1242 2843 1309 2911; x_wconf 81' lang='grc' dir='ltr'><strong>τῇ</strong></span> <span class='ocrx_word' id='word_1_293' title='bbox 1355 2842 1506 2893; x_wconf 88' lang='grc' dir='ltr'><strong>πόλει</strong></span> <span class='ocrx_word' id='word_1_294' title='bbox 1542 2838 1747 2909; x_wconf 84' lang='grc' dir='ltr'><strong>φοϐῶν.</strong></span> 
     </span>
    </p>
   </div>
   <div class='ocr_carea' id='block_1_46' title="bbox 171 2931 1750 3013">
    <p class='ocr_par' dir='ltr' id='par_1_46' title="bbox 171 2931 1750 3013">
     <span class='ocr_line' id='line_1_46' title="bbox 171 2931 1750 3013; baseline -0.005 -22"><span class='ocrx_word' id='word_1_295' title='bbox 171 2936 595 2992; x_wconf 75' lang='grc' dir='ltr'><strong>’Δποστέλλεται</strong></span> <span class='ocrx_word' id='word_1_296' title='bbox 626 2932 723 2989; x_wconf 78' lang='grc' dir='ltr'><strong>οὖν</strong></span> <span class='ocrx_word' id='word_1_297' title='bbox 775 2935 914 3005; x_wconf 78' lang='grc' dir='ltr'><strong>μετὰ</strong></span> <span class='ocrx_word' id='word_1_298' title='bbox 942 2934 1218 3006; x_wconf 84' lang='grc' dir='ltr'><strong>δρόμωνος</strong></span> <span class='ocrx_word' id='word_1_299' title='bbox 1264 2933 1418 3002; x_wconf 84' lang='grc' dir='ltr'><strong>παρά</strong></span> <span class='ocrx_word' id='word_1_300' title='bbox 1467 2931 1750 3013; x_wconf 67' lang='grc' dir='ltr'><strong>Ῥωμανοῦ</strong></span> 
     </span>
    </p>
   </div>
   <div class='ocr_carea' id='block_1_47' title="bbox 158 3021 1751 3096">
    <p class='ocr_par' dir='ltr' id='par_1_47' title="bbox 158 3021 1751 3096">
     <span class='ocr_line' id='line_1_47' title="bbox 158 3021 1751 3096; baseline -0.003 -16"><span class='ocrx_word' id='word_1_301' title='bbox 158 3025 399 3096; x_wconf 79' lang='grc' dir='ltr'><strong>Συμεὼν</strong></span> <span class='ocrx_word' id='word_1_302' title='bbox 445 3027 473 3079; x_wconf 86' lang='grc' dir='ltr'><strong>δ</strong></span> <span class='ocrx_word' id='word_1_303' title='bbox 519 3024 614 3079; x_wconf 80' lang='grc' dir='ltr'><strong>τοῦ</strong></span> <span class='ocrx_word' id='word_1_304' title='bbox 633 3028 651 3049; x_wconf 75' lang='grc'><em>’·</em></span> <span class='ocrx_word' id='word_1_305' title='bbox 667 3024 1003 3089; x_wconf 82' lang='grc' dir='ltr'><strong>κανικλείου,</strong></span> <span class='ocrx_word' id='word_1_306' title='bbox 1043 3024 1201 3091; x_wconf 87' lang='grc' dir='ltr'><strong>λόγον</strong></span> <span class='ocrx_word' id='word_1_307' title='bbox 1244 3021 1624 3093; x_wconf 66' lang='grc' dir='ltr'><strong>ἐνὐπόγραφον</strong></span> <span class='ocrx_word' id='word_1_308' title='bbox 1656 3023 1751 3076; x_wconf 79' lang='grc' dir='ltr'><strong>τοῦ</strong></span> 
     </span>
    </p>
   </div>
   <div class='ocr_carea' id='block_1_48' title="bbox 161 3115 1751 3191">
    <p class='ocr_par' dir='ltr' id='par_1_48' title="bbox 161 3115 1751 3191">
     <span class='ocr_line' id='line_1_48' title="bbox 161 3115 1751 3191; baseline -0.001 -18"><span class='ocrx_word' id='word_1_309' title='bbox 161 3119 437 3191; x_wconf 77' lang='grc' dir='ltr'><strong>βασιλέως</strong></span> <span class='ocrx_word' id='word_1_310' title='bbox 505 3118 919 3172; x_wconf 77' lang='grc' dir='ltr'><strong>Κωνσταντινου</strong></span> <span class='ocrx_word' id='word_1_311' title='bbox 968 3115 1363 3187; x_wconf 74' lang='grc' dir='ltr'><strong>ἐπιφερόμενος</strong></span> <span class='ocrx_word' id='word_1_312' title='bbox 1402 3115 1543 3185; x_wconf 53' lang='grc' dir='ltr'><strong>,τάδε</strong></span> <span class='ocrx_word' id='word_1_313' title='bbox 1567 3115 1751 3183; x_wconf 78' lang='grc' dir='ltr'><strong>διαγο-</strong></span> 
     </span>
    </p>
   </div>
   <div class='ocr_carea' id='block_1_49' title="bbox 166 3202 1122 3283">
    <p class='ocr_par' dir='ltr' id='par_1_49' title="bbox 166 3202 1122 3283">
     <span class='ocr_line' id='line_1_49' title="bbox 166 3202 1122 3283; baseline 0.001 -17"><span class='ocrx_word' id='word_1_314' title='bbox 166 3212 423 3283; x_wconf 73' lang='grc' dir='ltr'><strong>ρεύοντα.</strong></span> <span class='ocrx_word' id='word_1_315' title='bbox 994 3248 1001 3261; x_wconf 71' lang='grc' dir='ltr'><strong>ι</strong></span> <span class='ocrx_word' id='word_1_316' title='bbox 1114 3202 1122 3211; x_wconf 68' lang='grc'><em>’</em></span> 
     </span>
    </p>
   </div>
   <div class='ocr_carea' id='block_1_50' title="bbox 152 3328 1758 3440">
    <p class='ocr_par' dir='ltr' id='par_1_50' title="bbox 152 3328 1758 3440">
     <span class='ocr_line' id='line_1_50' title="bbox 152 3328 1758 3440; baseline -0.004 -44"><span class='ocrx_word' id='word_1_317' title='bbox 152 3360 161 3373; x_wconf 56' lang='grc' dir='ltr'><strong>κ</strong></span> <span class='ocrx_word' id='word_1_318' title='bbox 234 3344 304 3397; x_wconf 87' lang='grc' dir='ltr'><strong>λ’.</strong></span> <span class='ocrx_word' id='word_1_319' title='bbox 345 3343 433 3407; x_wconf 77' lang='grc' dir='ltr'><strong>ἀς</strong></span> <span class='ocrx_word' id='word_1_320' title='bbox 483 3343 628 3413; x_wconf 70' lang='grc' dir='ltr'><strong>Ἐγὼ</strong></span> <span class='ocrx_word' id='word_1_321' title='bbox 649 3344 895 3412; x_wconf 69' lang='grc' dir='ltr'><strong>φύλακα</strong></span> <span class='ocrx_word' id='word_1_322' title='bbox 924 3328 1034 3421; x_wconf 72' lang='grc' dir='ltr'><strong>τῆς</strong></span> <span class='ocrx_word' id='word_1_323' title='bbox 1057 3339 1206 3408; x_wconf 81' lang='grc' dir='ltr'><strong>ἐμῆς</strong></span> <span class='ocrx_word' id='word_1_324' title='bbox 1234 3341 1558 3404; x_wconf 75' lang='grc' dir='ltr'><strong>βασιλείας</strong></span> <span class='ocrx_word' id='word_1_325' title='bbox 1586 3339 1758 3440; x_wconf 52' lang='grc' dir='ltr'><strong>ἐγρη-</strong></span> 
     </span>
    </p>
   </div>
   <div class='ocr_carea' id='block_1_51' title="bbox 159 3430 1760 3505">
    <p class='ocr_par' dir='ltr' id='par_1_51' title="bbox 159 3430 1760 3505">
     <span class='ocr_line' id='line_1_51' title="bbox 159 3430 1760 3505; baseline -0.007 -14"><span class='ocrx_word' id='word_1_326' title='bbox 159 3434 508 3505; x_wconf 78' lang='grc' dir='ltr'><strong>τορώτατον</strong></span> <span class='ocrx_word' id='word_1_327' title='bbox 534 3434 632 3489; x_wconf 76' lang='grc' dir='ltr'><strong>καὶ</strong></span> <span class='ocrx_word' id='word_1_328' title='bbox 676 3432 1089 3487; x_wconf 85' lang='grc' dir='ltr'><strong>εὐνούστατον</strong></span> <span class='ocrx_word' id='word_1_329' title='bbox 1121 3431 1217 3484; x_wconf 77' lang='grc' dir='ltr'><strong>καὶ</strong></span> <span class='ocrx_word' id='word_1_330' title='bbox 1251 3431 1618 3504; x_wconf 71' lang='grc' dir='ltr'><strong>πιστότατον</strong></span> <span class='ocrx_word' id='word_1_331' title='bbox 1651 3430 1760 3481; x_wconf 84' lang='grc' dir='ltr'><strong>ὀὺ-</strong></span> 
     </span>
    </p>
   </div>
   <div class='ocr_carea' id='block_1_52' title="bbox 159 3522 1759 3595">
    <p class='ocr_par' dir='ltr' id='par_1_52' title="bbox 159 3522 1759 3595">
     <span class='ocr_line' id='line_1_52' title="bbox 159 3522 1759 3595; baseline -0.005 -14"><span class='ocrx_word' id='word_1_332' title='bbox 159 3527 316 3582; x_wconf 82' lang='grc' dir='ltr'><strong>δένα</strong></span> <span class='ocrx_word' id='word_1_333' title='bbox 335 3526 454 3581; x_wconf 80' lang='grc' dir='ltr'><strong>τῶν</strong></span> <span class='ocrx_word' id='word_1_334' title='bbox 477 3527 595 3583; x_wconf 75' lang='grc' dir='ltr'><strong>ὑπὸ</strong></span> <span class='ocrx_word' id='word_1_335' title='bbox 641 3526 807 3595; x_wconf 72' lang='grc' dir='ltr'><strong>χεῖρα</strong></span> <span class='ocrx_word' id='word_1_336' title='bbox 854 3525 892 3593; x_wconf 79' lang='grc' dir='ltr'>ἢ</span> <span class='ocrx_word' id='word_1_337' title='bbox 934 3523 1239 3592; x_wconf 85' lang='grc' dir='ltr'><strong>Ῥωμανὸν</strong></span> <span class='ocrx_word' id='word_1_338' title='bbox 1264 3522 1537 3591; x_wconf 82' lang='grc' dir='ltr'><strong>εὑρηκὼς</strong></span> <span class='ocrx_word' id='word_1_339' title='bbox 1573 3522 1759 3585; x_wconf 81' lang='grc' dir='ltr'><strong>τούτῳ</strong></span> 
     </span>
    </p>
   </div>
   <div class='ocr_carea' id='block_1_53' title="bbox 158 3614 1754 3688">
    <p class='ocr_par' dir='ltr' id='par_1_53' title="bbox 158 3614 1754 3688">
     <span class='ocr_line' id='line_1_53' title="bbox 158 3614 1754 3688; baseline -0.006 -14"><span class='ocrx_word' id='word_1_340' title='bbox 158 3621 285 3687; x_wconf 79' lang='grc' dir='ltr'><strong>τὴν</strong></span> <span class='ocrx_word' id='word_1_341' title='bbox 306 3620 465 3688; x_wconf 84' lang='grc' dir='ltr'><strong>ἐμὴν</strong></span> <span class='ocrx_word' id='word_1_342' title='bbox 494 3618 782 3687; x_wconf 68' lang='grc' dir='ltr'><strong>ερυλαθίήν</strong></span> <span class='ocrx_word' id='word_1_343' title='bbox 805 3619 955 3685; x_wconf 83' lang='grc' dir='ltr'><strong>μετὰ</strong></span> <span class='ocrx_word' id='word_1_344' title='bbox 983 3618 1133 3671; x_wconf 80' lang='grc' dir='ltr'><strong>Θεὸν</strong></span> <span class='ocrx_word' id='word_1_345' title='bbox 1158 3617 1624 3678; x_wconf 47' lang='grc' dir='ltr'><strong>κατεπίστευσαέ</strong></span> <span class='ocrx_word' id='word_1_346' title='bbox 1658 3614 1754 3667; x_wconf 74' lang='grc' dir='ltr'><strong>καὶ</strong></span> 
     </span>
    </p>
   </div>
   <div class='ocr_carea' id='block_1_54' title="bbox 157 3705 1755 3779">
    <p class='ocr_par' dir='ltr' id='par_1_54' title="bbox 157 3705 1755 3779">
     <span class='ocr_line' id='line_1_54' title="bbox 157 3705 1755 3779; baseline -0.007 -12"><span class='ocrx_word' id='word_1_347' title='bbox 157 3712 304 3767; x_wconf 77' lang='grc' dir='ltr'><strong>ἀντὶ</strong></span> <span class='ocrx_word' id='word_1_348' title='bbox 336 3710 560 3779; x_wconf 76' lang='grc' dir='ltr'><strong>πατρὸς</strong></span> <span class='ocrx_word' id='word_1_349' title='bbox 586 3708 775 3763; x_wconf 84' lang='grc' dir='ltr'><strong>αὑτὸν</strong></span> <span class='ocrx_word' id='word_1_350' title='bbox 800 3709 967 3776; x_wconf 70' lang='grc' dir='ltr'><strong>ἔχειν</strong></span> <span class='ocrx_word' id='word_1_351' title='bbox 1007 3710 1237 3775; x_wconf 75' lang='grc' dir='ltr'><strong>ἔκρινα,</strong></span> <span class='ocrx_word' id='word_1_352' title='bbox 1288 3705 1615 3774; x_wconf 67' lang='grc' dir='ltr'><strong>σπλάγχνα</strong></span> <span class='ocrx_word' id='word_1_353' title='bbox 1644 3721 1755 3756; x_wconf 83' lang='grc' dir='ltr'><strong>πα-</strong></span> 
     </span>
    </p>
   </div>
   <div class='ocr_carea' id='block_1_55' title="bbox 161 3797 1751 3873">
    <p class='ocr_par' dir='ltr' id='par_1_55' title="bbox 161 3797 1751 3873">
     <span class='ocr_line' id='line_1_55' title="bbox 161 3797 1751 3873; baseline -0.006 -14"><span class='ocrx_word' id='word_1_354' title='bbox 161 3804 348 3873; x_wconf 82' lang='grc' dir='ltr'><strong>τρικὰ</strong></span> <span class='ocrx_word' id='word_1_355' title='bbox 397 3803 496 3857; x_wconf 74' lang='grc' dir='ltr'><strong>καὶ</strong></span> <span class='ocrx_word' id='word_1_356' title='bbox 535 3801 820 3857; x_wconf 64' lang='grc' dir='ltr'><strong>διάθεσιν</strong></span> <span class='ocrx_word' id='word_1_357' title='bbox 851 3802 1103 3869; x_wconf 80' lang='grc' dir='ltr'><strong>τονικὴν</strong></span> <span class='ocrx_word' id='word_1_358' title='bbox 1144 3798 1296 3867; x_wconf 63' lang='grc' dir='ltr'><strong>πρὸς</strong></span> <span class='ocrx_word' id='word_1_359' title='bbox 1334 3799 1432 3867; x_wconf 73' lang='grc' dir='ltr'><strong>ἐμὲ</strong></span> <span class='ocrx_word' id='word_1_360' title='bbox 1476 3797 1751 3860; x_wconf 78' lang='grc' dir='ltr'><strong>ἐνδειξά-</strong></span> 
     </span>
    </p>
   </div>
   <div class='ocr_carea' id='block_1_56' title="bbox 163 3888 1757 3966">
    <p class='ocr_par' dir='ltr' id='par_1_56' title="bbox 163 3888 1757 3966">
     <span class='ocr_line' id='line_1_56' title="bbox 163 3888 1757 3966; baseline -0.006 -16"><span class='ocrx_word' id='word_1_361' title='bbox 163 3913 378 3966; x_wconf 75' lang='grc' dir='ltr'><strong>μενον.</strong></span> <span class='ocrx_word' id='word_1_362' title='bbox 408 3896 637 3950; x_wconf 82' lang='grc' dir='ltr'><strong>Λέοντα</strong></span> <span class='ocrx_word' id='word_1_363' title='bbox 677 3892 745 3946; x_wconf 78' lang='grc' dir='ltr'><strong>δὲ</strong></span> <span class='ocrx_word' id='word_1_364' title='bbox 775 3892 992 3946; x_wconf 85' lang='grc' dir='ltr'><strong>τοῦτον</strong></span> <span class='ocrx_word' id='word_1_365' title='bbox 1038 3890 1141 3949; x_wconf 69' lang='grc' dir='ltr'><strong>τὸν</strong></span> <span class='ocrx_word' id='word_1_366' title='bbox 1176 3893 1385 3943; x_wconf 79' lang='grc' dir='ltr'><strong>Φωκαν</strong></span> <span class='ocrx_word' id='word_1_367' title='bbox 1410 3889 1503 3943; x_wconf 77' lang='grc' dir='ltr'><strong>ἀεὶ</strong></span> <span class='ocrx_word' id='word_1_368' title='bbox 1540 3888 1616 3957; x_wconf 77' lang='grc' dir='ltr'><strong>τῇ</strong></span> <span class='ocrx_word' id='word_1_369' title='bbox 1645 3888 1757 3956; x_wconf 79' lang='grc' dir='ltr'><strong>ἐμῇ</strong></span> 
     </span>
    </p>
   </div>
   <div class='ocr_carea' id='block_1_57' title="bbox 156 3981 1760 4056">
    <p class='ocr_par' dir='ltr' id='par_1_57' title="bbox 156 3981 1760 4056">
     <span class='ocr_line' id='line_1_57' title="bbox 156 3981 1760 4056; baseline -0.007 -11"><span class='ocrx_word' id='word_1_370' title='bbox 156 3989 463 4056; x_wconf 70' lang='grc' dir='ltr'><strong>βασιλείᾳ</strong></span> <span class='ocrx_word' id='word_1_371' title='bbox 515 3985 873 4042; x_wconf 79' lang='grc' dir='ltr'><strong>ὑποπτεύων</strong></span> <span class='ocrx_word' id='word_1_372' title='bbox 919 3984 1336 4037; x_wconf 75' lang='grc' dir='ltr'><strong>ἐπιϐουλεύειν</strong></span> <span class='ocrx_word' id='word_1_373' title='bbox 1405 3981 1522 4036; x_wconf 86' lang='grc' dir='ltr'><strong>νῦν</strong></span> <span class='ocrx_word' id='word_1_374' title='bbox 1565 3981 1760 4053; x_wconf 73' lang='grc' dir='ltr'><strong>ἔργοις</strong></span> 
     </span>
    </p>
   </div>
   <div class='ocr_carea' id='block_1_58' title="bbox 160 4073 1760 4154">
    <p class='ocr_par' dir='ltr' id='par_1_58' title="bbox 160 4073 1760 4154">
     <span class='ocr_line' id='line_1_58' title="bbox 160 4073 1760 4154; baseline -0.006 -18"><span class='ocrx_word' id='word_1_375' title='bbox 160 4080 383 4147; x_wconf 79' lang='grc' dir='ltr'><strong>αὐτοῖς</strong></span> <span class='ocrx_word' id='word_1_376' title='bbox 427 4080 752 4134; x_wconf 75' lang='grc' dir='ltr'><strong>ἐπίϐουλον</strong></span> <span class='ocrx_word' id='word_1_377' title='bbox 803 4077 1030 4145; x_wconf 83' lang='grc' dir='ltr'><strong>εὕρηκα</strong></span> <span class='ocrx_word' id='word_1_378' title='bbox 1072 4076 1171 4131; x_wconf 73' lang='grc' dir='ltr'><strong>καὶ</strong></span> <span class='ocrx_word' id='word_1_379' title='bbox 1227 4074 1349 4142; x_wconf 85' lang='grc' dir='ltr'><strong>τῆς”</strong></span> <span class='ocrx_word' id='word_1_380' title='bbox 1381 4073 1532 4154; x_wconf 56' lang='grc' dir='ltr'><strong>ἐμῆς</strong></span> <span class='ocrx_word' id='word_1_381' title='bbox 1564 4073 1760 4144; x_wconf 80' lang='grc' dir='ltr'><strong>ἀρχῆς</strong></span> 
     </span>
    </p>
   </div>
   <div class='ocr_carea' id='block_1_59' title="bbox 162 4163 1783 4246">
    <p class='ocr_par' dir='ltr' id='par_1_59' title="bbox 162 4163 1783 4246">
     <span class='ocr_line' id='line_1_59' title="bbox 162 4163 1783 4246; baseline -0.007 -19"><span class='ocrx_word' id='word_1_382' title='bbox 162 4166 546 4246; x_wconf 62' lang='grc' dir='ltr'><strong>τυρᾶνςνικὼς</strong></span> <span class='ocrx_word' id='word_1_383' title='bbox 571 4166 1066 4235; x_wconf 76' lang='grc' dir='ltr'><strong>ἐξανιστάμενον.</strong></span> <span class='ocrx_word' id='word_1_384' title='bbox 1108 4165 1202 4218; x_wconf 79' lang='grc' dir='ltr'><strong>Διὸ</strong></span> <span class='ocrx_word' id='word_1_385' title='bbox 1231 4165 1369 4218; x_wconf 82' lang='grc' dir='ltr'><strong>οὔτε</strong></span> <span class='ocrx_word' id='word_1_386' title='bbox 1397 4163 1783 4246; x_wconf 67' lang='grc' dir='ltr'><strong>δομέᾳτικον.</strong></span> 
     </span>
    </p>
   </div>
   <div class='ocr_carea' id='block_1_60' title="bbox 162 4238 1755 4322">
    <p class='ocr_par' dir='ltr' id='par_1_60' title="bbox 162 4238 1755 4322">
     <span class='ocr_line' id='line_1_60' title="bbox 162 4238 1755 4322; baseline -0.004 -9"><span class='ocrx_word' id='word_1_387' title='bbox 162 4238 367 4314; x_wconf 57' lang='grc' dir='ltr'><strong>αὑτὸν</strong></span> <span class='ocrx_word' id='word_1_388' title='bbox 380 4258 498 4312; x_wconf 75' lang='grc' dir='ltr'><strong>ἀπὸ</strong></span> <span class='ocrx_word' id='word_1_389' title='bbox 514 4256 623 4311; x_wconf 85' lang='grc' dir='ltr'><strong>τοῦ</strong></span> <span class='ocrx_word' id='word_1_390' title='bbox 664 4256 782 4310; x_wconf 84' lang='grc' dir='ltr'><strong>νῦν</strong></span> <span class='ocrx_word' id='word_1_391' title='bbox 802 4251 957 4309; x_wconf 76' lang='grc' dir='ltr'><strong>εῖναι</strong></span> <span class='ocrx_word' id='word_1_392' title='bbox 990 4254 1311 4322; x_wconf 76' lang='grc' dir='ltr'><strong>βούλομαι,</strong></span> <span class='ocrx_word' id='word_1_393' title='bbox 1359 4253 1497 4307; x_wconf 80' lang='grc' dir='ltr'><strong>οὔτε</strong></span> <span class='ocrx_word' id='word_1_394' title='bbox 1619 4254 1755 4307; x_wconf 66' lang='lat' dir='ltr'><strong>ratio</strong></span> 
     </span>
    </p>
   </div>
   <div class='ocr_carea' id='block_1_61' title="bbox 162 4344 1757 4425">
    <p class='ocr_par' dir='ltr' id='par_1_61' title="bbox 162 4344 1757 4425">
     <span class='ocr_line' id='line_1_61' title="bbox 162 4344 1757 4425; baseline -0.004 -21"><span class='ocrx_word' id='word_1_395' title='bbox 162 4367 287 4419; x_wconf 70' lang='grc' dir='ltr'><strong>την</strong></span> <span class='ocrx_word' id='word_1_396' title='bbox 311 4348 433 4417; x_wconf 79' lang='grc' dir='ltr'><strong>τὴν</strong></span> <span class='ocrx_word' id='word_1_397' title='bbox 447 4346 941 4425; x_wconf 72' lang='grc' dir='ltr'><strong>ἁνταρσίανμετὰ</strong></span> <span class='ocrx_word' id='word_1_398' title='bbox 963 4344 1205 4411; x_wconf 78' lang='grc' dir='ltr'><strong>,ϐουλῆς</strong></span> <span class='ocrx_word' id='word_1_399' title='bbox 1226 4344 1374 4414; x_wconf 77' lang='grc' dir='ltr'><strong>ἐμῆς</strong></span> <span class='ocrx_word' id='word_1_400' title='bbox 1391 4344 1757 4414; x_wconf 78' lang='grc' dir='ltr'><strong>πεπραχέναι</strong></span> 
     </span>
    </p>
   </div>
   <div class='ocr_carea' id='block_1_62' title="bbox 162 4427 1756 4513">
    <p class='ocr_par' dir='ltr' id='par_1_62' title="bbox 162 4427 1756 4513">
     <span class='ocr_line' id='line_1_62' title="bbox 162 4427 1756 4513; baseline -0.003 -18"><span class='ocrx_word' id='word_1_401' title='bbox 162 4441 349 4513; x_wconf 64' lang='grc' dir='ltr'><strong>φημὶ,</strong></span> <span class='ocrx_word' id='word_1_402' title='bbox 376 4441 515 4495; x_wconf 67' lang='grc' dir='ltr'><strong>ἀλλ’</strong></span> <span class='ocrx_word' id='word_1_403' title='bbox 546 4427 877 4507; x_wconf 59' lang='lat' dir='ltr'><strong>addat/istm</strong></span> <span class='ocrx_word' id='word_1_404' title='bbox 906 4437 1108 4508; x_wconf 74' lang='grc' dir='ltr'><strong>γνώμῃ</strong></span> <span class='ocrx_word' id='word_1_405' title='bbox 1139 4436 1368 4502; x_wconf 80' lang='grc' dir='ltr'><strong>ταύτην</strong></span> <span class='ocrx_word' id='word_1_406' title='bbox 1388 4434 1756 4503; x_wconf 78' lang='grc' dir='ltr'><strong>ποιήσασθαι</strong></span> 
     </span>
    </p>
   </div>
   <div class='ocr_carea' id='block_1_63' title="bbox 1846 1912 3433 1982">
    <p class='ocr_par' dir='ltr' id='par_1_63' title="bbox 1846 1912 3433 1982">
     <span class='ocr_line' id='line_1_63' title="bbox 1846 1912 3433 1982; baseline 0.004 -20"><span class='ocrx_word' id='word_1_407' title='bbox 1846 1918 1937 1964; x_wconf 89' lang='lat' dir='ltr'><strong>tus</strong></span> <span class='ocrx_word' id='word_1_408' title='bbox 1968 1918 2091 1974; x_wconf 90' lang='lat' dir='ltr'><strong>est;</strong></span> <span class='ocrx_word' id='word_1_409' title='bbox 2143 1912 2403 1967; x_wconf 82' lang='lat' dir='ltr'><strong>similiter</strong></span> <span class='ocrx_word' id='word_1_410' title='bbox 2441 1926 2665 1982; x_wconf 85' lang='lat' dir='ltr'><strong>quoque</strong></span> <span class='ocrx_word' id='word_1_411' title='bbox 2718 1928 2826 1967; x_wconf 90' lang='lat' dir='ltr'><strong>una</strong></span> <span class='ocrx_word' id='word_1_412' title='bbox 2872 1928 2999 1968; x_wconf 90' lang='lat' dir='ltr'><strong>cum</strong></span> <span class='ocrx_word' id='word_1_413' title='bbox 3025 1913 3118 1967; x_wconf 90' lang='lat' dir='ltr'><strong>illo</strong></span> <span class='ocrx_word' id='word_1_414' title='bbox 3159 1914 3433 1969; x_wconf 88' lang='lat' dir='ltr'><strong>submissa</strong></span> 
     </span>
    </p>
   </div>
   <div class='ocr_carea' id='block_1_64' title="bbox 1848 2000 2066 2056">
    <p class='ocr_par' dir='ltr' id='par_1_64' title="bbox 1848 2000 2066 2056">
     <span class='ocr_line' id='line_1_64' title="bbox 1848 2000 2066 2056; baseline 0.005 -3"><span class='ocrx_word' id='word_1_415' title='bbox 1848 2000 2066 2056; x_wconf 85' lang='lat' dir='ltr'><strong>mulier.</strong></span> 
     </span>
    </p>
   </div>
   <div class='ocr_carea' id='block_1_65' title="bbox 1917 2112 3442 2191">
    <p class='ocr_par' dir='ltr' id='par_1_65' title="bbox 1917 2112 3442 2191">
     <span class='ocr_line' id='line_1_65' title="bbox 1917 2112 3442 2191; baseline 0.005 -25"><span class='ocrx_word' id='word_1_416' title='bbox 1917 2112 2008 2167; x_wconf 68' lang='lat'><strong>29.</strong></span> <span class='ocrx_word' id='word_1_417' title='bbox 2056 2114 2270 2171; x_wconf 83' lang='lat' dir='ltr'><strong>Primus</strong></span> <span class='ocrx_word' id='word_1_418' title='bbox 2311 2117 2496 2186; x_wconf 87' lang='lat' dir='ltr'><strong>itaque</strong></span> <span class='ocrx_word' id='word_1_419' title='bbox 2547 2117 2944 2173; x_wconf 84' lang='lat' dir='ltr'><strong>Constantinus</strong></span> <span class='ocrx_word' id='word_1_420' title='bbox 2983 2118 3442 2191; x_wconf 83' lang='lat' dir='ltr'><strong>Bary-Michaclis</strong></span> 
     </span>
    </p>
   </div>
   <div class='ocr_carea' id='block_1_66' title="bbox 1847 2202 3437 2281">
    <p class='ocr_par' dir='ltr' id='par_1_66' title="bbox 1847 2202 3437 2281">
     <span class='ocr_line' id='line_1_66' title="bbox 1847 2202 3437 2281; baseline 0.006 -25"><span class='ocrx_word' id='word_1_421' title='bbox 1847 2202 2011 2269; x_wconf 82' lang='lat' dir='ltr'><strong>ﬁlius,</strong></span> <span class='ocrx_word' id='word_1_422' title='bbox 2038 2205 2230 2260; x_wconf 87' lang='lat' dir='ltr'><strong>relicto</strong></span> <span class='ocrx_word' id='word_1_423' title='bbox 2251 2206 2430 2263; x_wconf 87' lang='lat' dir='ltr'><strong>Phoca</strong></span> <span class='ocrx_word' id='word_1_424' title='bbox 2462 2207 2529 2262; x_wconf 90' lang='lat' dir='ltr'><strong>ad</strong></span> <span class='ocrx_word' id='word_1_425' title='bbox 2560 2208 2870 2263; x_wconf 82' lang='lat' dir='ltr'><strong>Romanum</strong></span> <span class='ocrx_word' id='word_1_426' title='bbox 2901 2209 3197 2274; x_wconf 86' lang='lat' dir='ltr'><strong>transiens,</strong></span> <span class='ocrx_word' id='word_1_427' title='bbox 3222 2212 3437 2281; x_wconf 73' lang='lat' dir='ltr'><strong>eiusce-</strong></span> 
     </span>
    </p>
   </div>
   <div class='ocr_carea' id='block_1_67' title="bbox 1846 2295 3440 2357">
    <p class='ocr_par' dir='ltr' id='par_1_67' title="bbox 1846 2295 3440 2357">
     <span class='ocr_line' id='line_1_67' title="bbox 1846 2295 3440 2357; baseline 0.005 -8"><span class='ocrx_word' id='word_1_428' title='bbox 1846 2295 1995 2350; x_wconf 88' lang='lat' dir='ltr'><strong>modi</strong></span> <span class='ocrx_word' id='word_1_429' title='bbox 2019 2296 2345 2353; x_wconf 82' lang='lat' dir='ltr'><strong>defectionis</strong></span> <span class='ocrx_word' id='word_1_430' title='bbox 2381 2300 2755 2356; x_wconf 70' lang='lat' dir='ltr'><strong>eonvellenda:</strong></span> <span class='ocrx_word' id='word_1_431' title='bbox 2802 2316 2868 2356; x_wconf 90' lang='lat' dir='ltr'><strong>ac</strong></span> <span class='ocrx_word' id='word_1_432' title='bbox 2904 2302 3222 2357; x_wconf 85' lang='lat' dir='ltr'><strong>rebellionis</strong></span> <span class='ocrx_word' id='word_1_433' title='bbox 3252 2311 3440 2357; x_wconf 86' lang='lat' dir='ltr'><strong>auctor</strong></span> 
     </span>
    </p>
   </div>
   <div class='ocr_carea' id='block_1_68' title="bbox 1848 2384 3438 2462">
    <p class='ocr_par' dir='ltr' id='par_1_68' title="bbox 1848 2384 3438 2462">
     <span class='ocr_line' id='line_1_68' title="bbox 1848 2384 3438 2462; baseline 0.005 -23"><span class='ocrx_word' id='word_1_434' title='bbox 1848 2384 1970 2440; x_wconf 74' lang='lat' dir='ltr'><strong>fuit.</strong></span> <span class='ocrx_word' id='word_1_435' title='bbox 2031 2385 2217 2442; x_wconf 88' lang='lat' dir='ltr'><strong>Secuti</strong></span> <span class='ocrx_word' id='word_1_436' title='bbox 2270 2389 2436 2443; x_wconf 88' lang='lat' dir='ltr'><strong>etiam</strong></span> <span class='ocrx_word' id='word_1_437' title='bbox 2491 2390 2777 2445; x_wconf 86' lang='lat' dir='ltr'><strong>Balantius</strong></span> <span class='ocrx_word' id='word_1_438' title='bbox 2815 2401 2871 2446; x_wconf 88' lang='lat' dir='ltr'><strong>et</strong></span> <span class='ocrx_word' id='word_1_439' title='bbox 2908 2392 3225 2458; x_wconf 81' lang='lat' dir='ltr'><strong>Atzmorus,</strong></span> <span class='ocrx_word' id='word_1_440' title='bbox 3272 2408 3438 2462; x_wconf 89' lang='lat' dir='ltr'><strong>quem</strong></span> 
     </span>
    </p>
   </div>
   <div class='ocr_carea' id='block_1_69' title="bbox 1846 2478 3437 2552">
    <p class='ocr_par' dir='ltr' id='par_1_69' title="bbox 1846 2478 3437 2552">
     <span class='ocr_line' id='line_1_69' title="bbox 1846 2478 3437 2552; baseline 0.004 -22"><span class='ocrx_word' id='word_1_441' title='bbox 1846 2485 2068 2541; x_wconf 82' lang='lat' dir='ltr'><strong>vocant,</strong></span> <span class='ocrx_word' id='word_1_442' title='bbox 2102 2478 2203 2547; x_wconf 89' lang='lat' dir='ltr'><strong>ipsi</strong></span> <span class='ocrx_word' id='word_1_443' title='bbox 2235 2493 2456 2548; x_wconf 84' lang='lat' dir='ltr'><strong>quoque</strong></span> <span class='ocrx_word' id='word_1_444' title='bbox 2490 2480 2653 2534; x_wconf 90' lang='lat' dir='ltr'><strong>ambo</strong></span> <span class='ocrx_word' id='word_1_445' title='bbox 2679 2480 2908 2533; x_wconf 86' lang='lat' dir='ltr'><strong>tribuni.</strong></span> <span class='ocrx_word' id='word_1_446' title='bbox 2970 2481 3080 2535; x_wconf 86' lang='lat' dir='ltr'><strong>Leo</strong></span> <span class='ocrx_word' id='word_1_447' title='bbox 3106 2482 3270 2552; x_wconf 81' lang='lat' dir='ltr'><strong>igitur</strong></span> <span class='ocrx_word' id='word_1_448' title='bbox 3292 2482 3437 2537; x_wconf 85' lang='lat' dir='ltr'><strong>Pho—</strong></span> 
     </span>
    </p>
   </div>
   <div class='ocr_carea' id='block_1_70' title="bbox 1850 2569 3437 2643">
    <p class='ocr_par' dir='ltr' id='par_1_70' title="bbox 1850 2569 3437 2643">
     <span class='ocr_line' id='line_1_70' title="bbox 1850 2569 3437 2643; baseline 0.003 -21"><span class='ocrx_word' id='word_1_449' title='bbox 1850 2582 1961 2631; x_wconf 81' lang='lat' dir='ltr'><strong>cus,</strong></span> <span class='ocrx_word' id='word_1_450' title='bbox 1996 2584 2106 2638; x_wconf 89' lang='lat' dir='ltr'><strong>quo</strong></span> <span class='ocrx_word' id='word_1_451' title='bbox 2137 2569 2311 2625; x_wconf 76' lang='lat' dir='ltr'><strong>fretus</strong></span> <span class='ocrx_word' id='word_1_452' title='bbox 2339 2581 2480 2633; x_wconf 82' lang='lat' dir='ltr'><strong>erat,</strong></span> <span class='ocrx_word' id='word_1_453' title='bbox 2508 2571 2714 2641; x_wconf 86' lang='lat' dir='ltr'><strong>ingenti</strong></span> <span class='ocrx_word' id='word_1_454' title='bbox 2738 2573 2887 2627; x_wconf 85' lang='lat' dir='ltr'><strong>omni</strong></span> <span class='ocrx_word' id='word_1_455' title='bbox 2923 2588 3204 2627; x_wconf 88' lang='lat' dir='ltr'><strong>armorum</strong></span> <span class='ocrx_word' id='word_1_456' title='bbox 3236 2589 3437 2643; x_wconf 80' lang='lat' dir='ltr'><strong>genere</strong></span> 
     </span>
    </p>
   </div>
   <div class='ocr_carea' id='block_1_71' title="bbox 1851 2659 3431 2733">
    <p class='ocr_par' dir='ltr' id='par_1_71' title="bbox 1851 2659 3431 2733">
     <span class='ocr_line' id='line_1_71' title="bbox 1851 2659 3431 2733; baseline 0.004 -22"><span class='ocrx_word' id='word_1_457' title='bbox 1851 2659 2030 2714; x_wconf 85' lang='lat' dir='ltr'><strong>valide</strong></span> <span class='ocrx_word' id='word_1_458' title='bbox 2068 2660 2334 2715; x_wconf 87' lang='lat' dir='ltr'><strong>instructo</strong></span> <span class='ocrx_word' id='word_1_459' title='bbox 2377 2662 2621 2716; x_wconf 75' lang='lat' dir='ltr'><strong>exercitu</strong></span> <span class='ocrx_word' id='word_1_460' title='bbox 2649 2700 2664 2725; x_wconf 91' lang='lat'><strong>,</strong></span> <span class='ocrx_word' id='word_1_461' title='bbox 2718 2662 3100 2733; x_wconf 80' lang='lat' dir='ltr'><strong>Chrysopolim</strong></span> <span class='ocrx_word' id='word_1_462' title='bbox 3148 2664 3377 2719; x_wconf 87' lang='lat' dir='ltr'><strong>veniens</strong></span> <span class='ocrx_word' id='word_1_463' title='bbox 3401 2680 3431 2717; x_wconf 85' lang='lat' dir='ltr'><strong>a</strong></span> 
     </span>
    </p>
   </div>
   <div class='ocr_carea' id='block_1_72' title="bbox 1851 2749 3438 2824">
    <p class='ocr_par' dir='ltr' id='par_1_72' title="bbox 1851 2749 3438 2824">
     <span class='ocr_line' id='line_1_72' title="bbox 1851 2749 3438 2824; baseline 0.003 -20"><span class='ocrx_word' id='word_1_464' title='bbox 1851 2749 2093 2805; x_wconf 68' lang='lat' dir='ltr'><strong>Iuvenca</strong></span> <span class='ocrx_word' id='word_1_465' title='bbox 2130 2751 2345 2821; x_wconf 89' lang='lat' dir='ltr'><strong>lapidea</strong></span> <span class='ocrx_word' id='word_1_466' title='bbox 2378 2751 2788 2809; x_wconf 89' lang='lat' dir='ltr'><strong>Chalcedonem</strong></span> <span class='ocrx_word' id='word_1_467' title='bbox 2834 2770 3009 2824; x_wconf 89' lang='lat' dir='ltr'><strong>usque</strong></span> <span class='ocrx_word' id='word_1_468' title='bbox 3057 2755 3125 2809; x_wconf 89' lang='lat' dir='ltr'><strong>ad</strong></span> <span class='ocrx_word' id='word_1_469' title='bbox 3169 2764 3438 2811; x_wconf 89' lang='lat' dir='ltr'><strong>terrorem</strong></span> 
     </span>
    </p>
   </div>
   <div class='ocr_carea' id='block_1_73' title="bbox 1852 2842 3438 2916">
    <p class='ocr_par' dir='ltr' id='par_1_73' title="bbox 1852 2842 3438 2916">
     <span class='ocr_line' id='line_1_73' title="bbox 1852 2842 3438 2916; baseline 0.004 -20"><span class='ocrx_word' id='word_1_470' title='bbox 1852 2842 2064 2898; x_wconf 81' lang='lat' dir='ltr'><strong>civibus</strong></span> <span class='ocrx_word' id='word_1_471' title='bbox 2100 2843 2479 2900; x_wconf 91' lang='lat' dir='ltr'><strong>incutiendum</strong></span> <span class='ocrx_word' id='word_1_472' title='bbox 2507 2845 2616 2900; x_wconf 91' lang='lat' dir='ltr'><strong>late</strong></span> <span class='ocrx_word' id='word_1_473' title='bbox 2647 2846 2820 2901; x_wconf 89' lang='lat' dir='ltr'><strong>aciem</strong></span> <span class='ocrx_word' id='word_1_474' title='bbox 2858 2847 3173 2916; x_wconf 81' lang='lat' dir='ltr'><strong>explicavit.</strong></span> <span class='ocrx_word' id='word_1_475' title='bbox 3214 2847 3438 2903; x_wconf 86' lang='lat' dir='ltr'><strong>Interim</strong></span> 
     </span>
    </p>
   </div>
   <div class='ocr_carea' id='block_1_74' title="bbox 1854 2934 3441 3007">
    <p class='ocr_par' dir='ltr' id='par_1_74' title="bbox 1854 2934 3441 3007">
     <span class='ocr_line' id='line_1_74' title="bbox 1854 2934 3441 3007; baseline 0.004 -21"><span class='ocrx_word' id='word_1_476' title='bbox 1854 2949 1983 2988; x_wconf 84' lang='lat' dir='ltr'><strong>vero</strong></span> <span class='ocrx_word' id='word_1_477' title='bbox 2005 2934 2206 2989; x_wconf 88' lang='lat' dir='ltr'><strong>missus</strong></span> <span class='ocrx_word' id='word_1_478' title='bbox 2228 2948 2258 2989; x_wconf 88' lang='lat' dir='ltr'><strong>a</strong></span> <span class='ocrx_word' id='word_1_479' title='bbox 2286 2935 2536 2990; x_wconf 82' lang='lat' dir='ltr'><strong>Romano</strong></span> <span class='ocrx_word' id='word_1_480' title='bbox 2567 2947 2693 2989; x_wconf 90' lang='lat' dir='ltr'><strong>cum</strong></span> <span class='ocrx_word' id='word_1_481' title='bbox 2720 2936 2908 2991; x_wconf 86' lang='lat' dir='ltr'><strong>celoce</strong></span> <span class='ocrx_word' id='word_1_482' title='bbox 2943 2936 3180 3007; x_wconf 87' lang='lat' dir='ltr'><strong>Symeon</strong></span> <span class='ocrx_word' id='word_1_483' title='bbox 3220 2940 3441 2993; x_wconf 85' lang='lat' dir='ltr'><strong>caniclii</strong></span> 
     </span>
    </p>
   </div>
   <div class='ocr_carea' id='block_1_75' title="bbox 1853 3024 3440 3099">
    <p class='ocr_par' dir='ltr' id='par_1_75' title="bbox 1853 3024 3440 3099">
     <span class='ocr_line' id='line_1_75' title="bbox 1853 3024 3440 3099; baseline 0.003 -21"><span class='ocrx_word' id='word_1_484' title='bbox 1853 3024 2142 3094; x_wconf 60' lang='lat' dir='ltr'><strong>prafeclus</strong></span> <span class='ocrx_word' id='word_1_485' title='bbox 2173 3042 2298 3082; x_wconf 91' lang='lat' dir='ltr'><strong>cum</strong></span> <span class='ocrx_word' id='word_1_486' title='bbox 2321 3027 2519 3083; x_wconf 88' lang='lat' dir='ltr'><strong>litteris</strong></span> <span class='ocrx_word' id='word_1_487' title='bbox 2547 3028 2896 3083; x_wconf 88' lang='lat' dir='ltr'><strong>Constantini</strong></span> <span class='ocrx_word' id='word_1_488' title='bbox 2923 3029 3275 3099; x_wconf 88' lang='lat' dir='ltr'><strong>imperatoris</strong></span> <span class='ocrx_word' id='word_1_489' title='bbox 3306 3029 3440 3083; x_wconf 85' lang='lat' dir='ltr'><strong>sub-</strong></span> 
     </span>
    </p>
   </div>
   <div class='ocr_carea' id='block_1_76' title="bbox 1861 3118 3442 3187">
    <p class='ocr_par' dir='ltr' id='par_1_76' title="bbox 1861 3118 3442 3187">
     <span class='ocr_line' id='line_1_76' title="bbox 1861 3118 3442 3187; baseline 0.003 -17"><span class='ocrx_word' id='word_1_490' title='bbox 1861 3118 2164 3187; x_wconf 90' lang='lat' dir='ltr'><strong>scriptione</strong></span> <span class='ocrx_word' id='word_1_491' title='bbox 2200 3120 2450 3173; x_wconf 89' lang='lat' dir='ltr'><strong>munitis.</strong></span> <span class='ocrx_word' id='word_1_492' title='bbox 2487 3119 2822 3174; x_wconf 76' lang='lat' dir='ltr'><strong>Litterarum</strong></span> <span class='ocrx_word' id='word_1_493' title='bbox 2843 3119 2934 3174; x_wconf 91' lang='lat' dir='ltr'><strong>hic</strong></span> <span class='ocrx_word' id='word_1_494' title='bbox 2959 3130 3078 3175; x_wconf 88' lang='lat' dir='ltr'><strong>erat</strong></span> <span class='ocrx_word' id='word_1_495' title='bbox 3113 3129 3291 3185; x_wconf 88' lang='lat' dir='ltr'><strong>tenor,</strong></span> <span class='ocrx_word' id='word_1_496' title='bbox 3324 3120 3442 3175; x_wconf 68' lang='lat' dir='ltr'><strong>haec</strong></span> 
     </span>
    </p>
   </div>
   <div class='ocr_carea' id='block_1_77' title="bbox 1808 3209 2155 3261">
    <p class='ocr_par' dir='ltr' id='par_1_77' title="bbox 1808 3209 2155 3261">
     <span class='ocr_line' id='line_1_77' title="bbox 1808 3209 2155 3261; baseline 0.003 -1"><span class='ocrx_word' id='word_1_497' title='bbox 1808 3213 1824 3229; x_wconf 84' lang='lat'>‘</span> <span class='ocrx_word' id='word_1_498' title='bbox 1863 3209 2155 3261; x_wconf 83' lang='lat' dir='ltr'><strong>sententia.</strong></span> 
     </span>
    </p>
   </div>
   <div class='ocr_carea' id='block_1_78' title="bbox 1933 3342 3445 3404">
    <p class='ocr_par' dir='ltr' id='par_1_78' title="bbox 1933 3342 3445 3404">
     <span class='ocr_line' id='line_1_78' title="bbox 1933 3342 3445 3404; baseline 0.006 -9"><span class='ocrx_word' id='word_1_499' title='bbox 1933 3342 2019 3397; x_wconf 68' lang='grc' dir='ltr'><strong>δί).</strong></span> <span class='ocrx_word' id='word_1_500' title='bbox 2080 3344 2212 3397; x_wconf 85' lang='lat' dir='ltr'><strong>Cum</strong></span> <span class='ocrx_word' id='word_1_501' title='bbox 2245 3346 2411 3399; x_wconf 86' lang='lat' dir='ltr'><strong>alium</strong></span> <span class='ocrx_word' id='word_1_502' title='bbox 2456 3351 2714 3403; x_wconf 82' lang='lat' dir='ltr'><strong>neminem</strong></span> <span class='ocrx_word' id='word_1_503' title='bbox 2754 3349 3131 3403; x_wconf 80' lang='lat' dir='ltr'><strong>dominationis</strong></span> <span class='ocrx_word' id='word_1_504' title='bbox 3194 3366 3323 3404; x_wconf 69' lang='lat' dir='ltr'><strong>mea</strong></span> <span class='ocrx_word' id='word_1_505' title='bbox 3382 3366 3445 3404; x_wconf 85' lang='lat' dir='ltr'><strong>ac</strong></span> 
     </span>
    </p>
   </div>
   <div class='ocr_carea' id='block_1_79' title="bbox 1864 3435 3445 3512">
    <p class='ocr_par' dir='ltr' id='par_1_79' title="bbox 1864 3435 3445 3512">
     <span class='ocr_line' id='line_1_79' title="bbox 1864 3435 3445 3512; baseline 0.006 -26"><span class='ocrx_word' id='word_1_506' title='bbox 1864 3435 2159 3505; x_wconf 71' lang='lat' dir='ltr'><strong>maiestatis</strong></span> <span class='ocrx_word' id='word_1_507' title='bbox 2220 3437 2614 3507; x_wconf 80' lang='lat' dir='ltr'><strong>vigilantiorem</strong></span> <span class='ocrx_word' id='word_1_508' title='bbox 2681 3443 2955 3512; x_wconf 80' lang='lat' dir='ltr'><strong>magisque</strong></span> <span class='ocrx_word' id='word_1_509' title='bbox 3024 3442 3330 3496; x_wconf 82' lang='lat' dir='ltr'><strong>benevolum</strong></span> <span class='ocrx_word' id='word_1_510' title='bbox 3382 3457 3445 3495; x_wconf 83' lang='lat' dir='ltr'><strong>ac</strong></span> 
     </span>
    </p>
   </div>
   <div class='ocr_carea' id='block_1_80' title="bbox 1860 3526 3443 3602">
    <p class='ocr_par' dir='ltr' id='par_1_80' title="bbox 1860 3526 3443 3602">
     <span class='ocr_line' id='line_1_80' title="bbox 1860 3526 3443 3602; baseline 0.005 -24"><span class='ocrx_word' id='word_1_511' title='bbox 1860 3526 2154 3592; x_wconf 85' lang='lat' dir='ltr'><strong>ﬁdeliorem</strong></span> <span class='ocrx_word' id='word_1_512' title='bbox 2193 3530 2483 3594; x_wconf 81' lang='lat' dir='ltr'><strong>custodem,</strong></span> <span class='ocrx_word' id='word_1_513' title='bbox 2513 3532 2653 3585; x_wconf 86' lang='lat' dir='ltr'><strong>inter</strong></span> <span class='ocrx_word' id='word_1_514' title='bbox 2699 3548 2879 3586; x_wconf 86' lang='lat' dir='ltr'><strong>omnes</strong></span> <span class='ocrx_word' id='word_1_515' title='bbox 2913 3534 3001 3602; x_wconf 85' lang='lat' dir='ltr'><strong>qui</strong></span> <span class='ocrx_word' id='word_1_516' title='bbox 3044 3550 3171 3587; x_wconf 78' lang='lat' dir='ltr'><strong>mea:</strong></span> <span class='ocrx_word' id='word_1_517' title='bbox 3226 3533 3443 3587; x_wconf 76' lang='lat' dir='ltr'><strong>ditionis</strong></span> 
     </span>
    </p>
   </div>
   <div class='ocr_carea' id='block_1_81' title="bbox 1860 3617 3446 3691">
    <p class='ocr_par' dir='ltr' id='par_1_81' title="bbox 1860 3617 3446 3691">
     <span class='ocr_line' id='line_1_81' title="bbox 1860 3617 3446 3691; baseline 0.002 -22"><span class='ocrx_word' id='word_1_518' title='bbox 1860 3625 2003 3679; x_wconf 86' lang='lat' dir='ltr'><strong>sunt,</strong></span> <span class='ocrx_word' id='word_1_519' title='bbox 2061 3634 2123 3670; x_wconf 90' lang='lat' dir='ltr'><strong>ac</strong></span> <span class='ocrx_word' id='word_1_520' title='bbox 2155 3617 2379 3686; x_wconf 86' lang='lat' dir='ltr'><strong>imperio</strong></span> <span class='ocrx_word' id='word_1_521' title='bbox 2432 3635 2615 3687; x_wconf 87' lang='lat' dir='ltr'><strong>parem</strong></span> <span class='ocrx_word' id='word_1_522' title='bbox 2667 3620 2906 3675; x_wconf 86' lang='lat' dir='ltr'><strong>Romano</strong></span> <span class='ocrx_word' id='word_1_523' title='bbox 2945 3622 3279 3691; x_wconf 64' lang='lat' dir='ltr'><strong>offenderem,</strong></span> <span class='ocrx_word' id='word_1_524' title='bbox 3327 3623 3446 3675; x_wconf 84' lang='lat' dir='ltr'><strong>huic</strong></span> 
     </span>
    </p>
   </div>
   <div class='ocr_carea' id='block_1_82' title="bbox 1862 3706 3445 3780">
    <p class='ocr_par' dir='ltr' id='par_1_82' title="bbox 1862 3706 3445 3780">
     <span class='ocr_line' id='line_1_82' title="bbox 1862 3706 3445 3780; baseline 0.003 -23"><span class='ocrx_word' id='word_1_525' title='bbox 1862 3709 2147 3761; x_wconf 79' lang='lat' dir='ltr'><strong>secundum</strong></span> <span class='ocrx_word' id='word_1_526' title='bbox 2172 3706 2339 3762; x_wconf 85' lang='lat' dir='ltr'><strong>Deum</strong></span> <span class='ocrx_word' id='word_1_527' title='bbox 2371 3712 2470 3762; x_wconf 87' lang='lat' dir='ltr'><strong>mei</strong></span> <span class='ocrx_word' id='word_1_528' title='bbox 2491 3712 2791 3764; x_wconf 71' lang='lat' dir='ltr'><strong>custodiam</strong></span> <span class='ocrx_word' id='word_1_529' title='bbox 2814 3714 3085 3776; x_wconf 82' lang='lat' dir='ltr'><strong>commisi;</strong></span> <span class='ocrx_word' id='word_1_530' title='bbox 3116 3721 3164 3764; x_wconf 86' lang='lat' dir='ltr'><strong>et</strong></span> <span class='ocrx_word' id='word_1_531' title='bbox 3198 3720 3253 3763; x_wconf 87' lang='lat' dir='ltr'><strong>ut</strong></span> <span class='ocrx_word' id='word_1_532' title='bbox 3279 3712 3445 3780; x_wconf 82' lang='lat' dir='ltr'><strong>putris</strong></span> 
     </span>
    </p>
   </div>
   <div class='ocr_carea' id='block_1_83' title="bbox 1866 3798 3448 3872">
    <p class='ocr_par' dir='ltr' id='par_1_83' title="bbox 1866 3798 3448 3872">
     <span class='ocr_line' id='line_1_83' title="bbox 1866 3798 3448 3872; baseline 0.002 -21"><span class='ocrx_word' id='word_1_533' title='bbox 1866 3798 1975 3852; x_wconf 83' lang='lat' dir='ltr'><strong>loco</strong></span> <span class='ocrx_word' id='word_1_534' title='bbox 1998 3800 2264 3864; x_wconf 84' lang='lat' dir='ltr'><strong>haberem,</strong></span> <span class='ocrx_word' id='word_1_535' title='bbox 2301 3816 2475 3870; x_wconf 76' lang='lat' dir='ltr'><strong>aperte</strong></span> <span class='ocrx_word' id='word_1_536' title='bbox 2497 3804 2724 3871; x_wconf 83' lang='lat' dir='ltr'><strong>pretium</strong></span> <span class='ocrx_word' id='word_1_537' title='bbox 2752 3804 2900 3866; x_wconf 73' lang='lat' dir='ltr'><strong>duxi,</strong></span> <span class='ocrx_word' id='word_1_538' title='bbox 2935 3804 3023 3872; x_wconf 87' lang='lat' dir='ltr'><strong>qui</strong></span> <span class='ocrx_word' id='word_1_539' title='bbox 3053 3812 3276 3872; x_wconf 82' lang='lat' dir='ltr'><strong>paterna</strong></span> <span class='ocrx_word' id='word_1_540' title='bbox 3302 3804 3356 3856; x_wconf 86' lang='lat' dir='ltr'><strong>in</strong></span> <span class='ocrx_word' id='word_1_541' title='bbox 3370 3820 3448 3855; x_wconf 88' lang='lat' dir='ltr'><strong>me</strong></span> 
     </span>
    </p>
   </div>
   <div class='ocr_carea' id='block_1_84' title="bbox 1861 3892 3443 3963">
    <p class='ocr_par' dir='ltr' id='par_1_84' title="bbox 1861 3892 3443 3963">
     <span class='ocr_line' id='line_1_84' title="bbox 1861 3892 3443 3963; baseline -0.001 -19"><span class='ocrx_word' id='word_1_542' title='bbox 1861 3892 2058 3944; x_wconf 84' lang='lat' dir='ltr'><strong>viscera</strong></span> <span class='ocrx_word' id='word_1_543' title='bbox 2107 3908 2526 3963; x_wconf 81' lang='lat' dir='ltr'><strong>propensumque</strong></span> <span class='ocrx_word' id='word_1_544' title='bbox 2577 3896 2827 3963; x_wconf 84' lang='lat' dir='ltr'><strong>genitoris</strong></span> <span class='ocrx_word' id='word_1_545' title='bbox 2864 3896 3099 3946; x_wconf 84' lang='lat' dir='ltr'><strong>animum</strong></span> <span class='ocrx_word' id='word_1_546' title='bbox 3135 3894 3443 3947; x_wconf 69' lang='lat' dir='ltr'><strong>exhibuerit.</strong></span> 
     </span>
    </p>
   </div>
   <div class='ocr_carea' id='block_1_85' title="bbox 1863 3980 3443 4054">
    <p class='ocr_par' dir='ltr' id='par_1_85' title="bbox 1863 3980 3443 4054">
     <span class='ocr_line' id='line_1_85' title="bbox 1863 3980 3443 4054; baseline 0.003 -21"><span class='ocrx_word' id='word_1_547' title='bbox 1863 3980 2085 4034; x_wconf 85' lang='lat' dir='ltr'><strong>Leonem</strong></span> <span class='ocrx_word' id='word_1_548' title='bbox 2126 3998 2245 4035; x_wconf 85' lang='lat' dir='ltr'><strong>vero</strong></span> <span class='ocrx_word' id='word_1_549' title='bbox 2283 3984 2420 4036; x_wconf 84' lang='lat' dir='ltr'><strong>hunc</strong></span> <span class='ocrx_word' id='word_1_550' title='bbox 2462 3984 2696 4037; x_wconf 80' lang='lat' dir='ltr'><strong>Phocum</strong></span> <span class='ocrx_word' id='word_1_551' title='bbox 2732 4001 2851 4037; x_wconf 86' lang='lat' dir='ltr'><strong>cum</strong></span> <span class='ocrx_word' id='word_1_552' title='bbox 2884 4000 3091 4054; x_wconf 82' lang='lat' dir='ltr'><strong>semper</strong></span> <span class='ocrx_word' id='word_1_553' title='bbox 3113 3984 3285 4054; x_wconf 81' lang='lat'><strong>889</strong></span> <span class='ocrx_word' id='word_1_554' title='bbox 3313 4001 3443 4038; x_wconf 73' lang='lat' dir='ltr'><strong>mea:</strong></span> 
     </span>
    </p>
   </div>
   <div class='ocr_carea' id='block_1_86' title="bbox 1863 4070 3448 4141">
    <p class='ocr_par' dir='ltr' id='par_1_86' title="bbox 1863 4070 3448 4141">
     <span class='ocr_line' id='line_1_86' title="bbox 1863 4070 3448 4141; baseline 0.002 -20"><span class='ocrx_word' id='word_1_555' title='bbox 1863 4070 2134 4138; x_wconf 81' lang='lat' dir='ltr'><strong>majestati</strong></span> <span class='ocrx_word' id='word_1_556' title='bbox 2158 4081 2455 4140; x_wconf 82' lang='lat' dir='ltr'><strong>suspectum</strong></span> <span class='ocrx_word' id='word_1_557' title='bbox 2494 4073 2789 4133; x_wconf 82' lang='lat' dir='ltr'><strong>habuerim,</strong></span> <span class='ocrx_word' id='word_1_558' title='bbox 2836 4089 2975 4125; x_wconf 87' lang='lat' dir='ltr'><strong>nunc</strong></span> <span class='ocrx_word' id='word_1_559' title='bbox 3009 4088 3066 4124; x_wconf 88' lang='lat' dir='ltr'><strong>re</strong></span> <span class='ocrx_word' id='word_1_560' title='bbox 3099 4073 3217 4141; x_wconf 80' lang='lat' dir='ltr'><strong>ipsa</strong></span> <span class='ocrx_word' id='word_1_561' title='bbox 3262 4074 3448 4125; x_wconf 81' lang='lat' dir='ltr'><strong>insidi-</strong></span> 
     </span>
    </p>
   </div>
   <div class='ocr_carea' id='block_1_87' title="bbox 1864 4161 3449 4243">
    <p class='ocr_par' dir='ltr' id='par_1_87' title="bbox 1864 4161 3449 4243">
     <span class='ocr_line' id='line_1_87' title="bbox 1864 4161 3449 4243; baseline 0.001 -30"><span class='ocrx_word' id='word_1_562' title='bbox 1864 4161 2099 4215; x_wconf 78' lang='lat' dir='ltr'><strong>diantem</strong></span> <span class='ocrx_word' id='word_1_563' title='bbox 2135 4163 2310 4243; x_wconf 64' lang='lat' dir='ltr'><strong>inueni</strong></span> <span class='ocrx_word' id='word_1_564' title='bbox 2333 4203 2346 4225; x_wconf 88' lang='lat'><strong>,</strong></span> <span class='ocrx_word' id='word_1_565' title='bbox 2386 4173 2430 4216; x_wconf 75' lang='lat' dir='ltr'><strong>et</strong></span> <span class='ocrx_word' id='word_1_566' title='bbox 2463 4168 2553 4232; x_wconf 84' lang='lat' dir='ltr'><strong>qui</strong></span> <span class='ocrx_word' id='word_1_567' title='bbox 2591 4165 2645 4216; x_wconf 88' lang='lat' dir='ltr'><strong>in</strong></span> <span class='ocrx_word' id='word_1_568' title='bbox 2677 4180 2851 4217; x_wconf 85' lang='lat' dir='ltr'><strong>meum</strong></span> <span class='ocrx_word' id='word_1_569' title='bbox 2875 4167 3148 4234; x_wconf 85' lang='lat' dir='ltr'><strong>tyrannice</strong></span> <span class='ocrx_word' id='word_1_570' title='bbox 3172 4167 3449 4235; x_wconf 81' lang='lat' dir='ltr'><strong>imperium</strong></span> 
     </span>
    </p>
   </div>
   <div class='ocr_carea' id='block_1_88' title="bbox 1864 4254 3429 4319">
    <p class='ocr_par' dir='ltr' id='par_1_88' title="bbox 1864 4254 3429 4319">
     <span class='ocr_line' id='line_1_88' title="bbox 1864 4254 3429 4319; baseline 0.001 -14"><span class='ocrx_word' id='word_1_571' title='bbox 1864 4254 2233 4308; x_wconf 77' lang='lat' dir='ltr'><strong>insurrexerit.</strong></span> <span class='ocrx_word' id='word_1_572' title='bbox 2280 4254 2630 4319; x_wconf 81' lang='lat' dir='ltr'><strong>Quamobrem</strong></span> <span class='ocrx_word' id='word_1_573' title='bbox 2668 4273 2758 4309; x_wconf 89' lang='lat' dir='ltr'><strong>nec</strong></span> <span class='ocrx_word' id='word_1_574' title='bbox 2788 4257 3125 4310; x_wconf 76' lang='lat' dir='ltr'><strong>domesticum</strong></span> <span class='ocrx_word' id='word_1_575' title='bbox 3168 4272 3285 4309; x_wconf 88' lang='lat' dir='ltr'><strong>eum</strong></span> <span class='ocrx_word' id='word_1_576' title='bbox 3312 4257 3429 4309; x_wconf 82' lang='lat' dir='ltr'><strong>dein</strong></span> 
     </span>
    </p>
   </div>
   <div class='ocr_carea' id='block_1_89' title="bbox 1861 4348 3446 4417">
    <p class='ocr_par' dir='ltr' id='par_1_89' title="bbox 1861 4348 3446 4417">
     <span class='ocr_line' id='line_1_89' title="bbox 1861 4348 3446 4417; baseline 0.002 -19"><span class='ocrx_word' id='word_1_577' title='bbox 1861 4362 1976 4415; x_wconf 87' lang='lat' dir='ltr'><strong>ceps</strong></span> <span class='ocrx_word' id='word_1_578' title='bbox 2020 4362 2129 4399; x_wconf 83' lang='lat' dir='ltr'><strong>esse</strong></span> <span class='ocrx_word' id='word_1_579' title='bbox 2176 4348 2326 4409; x_wconf 80' lang='lat' dir='ltr'><strong>volo,</strong></span> <span class='ocrx_word' id='word_1_580' title='bbox 2360 4363 2525 4417; x_wconf 83' lang='lat' dir='ltr'><strong>neque</strong></span> <span class='ocrx_word' id='word_1_581' title='bbox 2569 4350 2705 4400; x_wconf 83' lang='lat' dir='ltr'><strong>hanc</strong></span> <span class='ocrx_word' id='word_1_582' title='bbox 2731 4364 2843 4400; x_wconf 89' lang='lat' dir='ltr'><strong>meo</strong></span> <span class='ocrx_word' id='word_1_583' title='bbox 2859 4349 3017 4417; x_wconf 84' lang='lat' dir='ltr'><strong>jussu</strong></span> <span class='ocrx_word' id='word_1_584' title='bbox 3055 4348 3287 4402; x_wconf 82' lang='lat' dir='ltr'><strong>orditum</strong></span> <span class='ocrx_word' id='word_1_585' title='bbox 3326 4364 3446 4402; x_wconf 78' lang='lat' dir='ltr'><strong>eum</strong></span> 
     </span>
    </p>
   </div>
   <div class='ocr_carea' id='block_1_90' title="bbox 1863 4440 3451 4512">
    <p class='ocr_par' dir='ltr' id='par_1_90' title="bbox 1863 4440 3451 4512">
     <span class='ocr_line' id='line_1_90' title="bbox 1863 4440 3451 4512; baseline -0.002 -19"><span class='ocrx_word' id='word_1_586' title='bbox 1863 4440 2024 4494; x_wconf 83' lang='lat' dir='ltr'><strong>telam</strong></span> <span class='ocrx_word' id='word_1_587' title='bbox 2067 4458 2312 4510; x_wconf 78' lang='lat' dir='ltr'><strong>agnosco,</strong></span> <span class='ocrx_word' id='word_1_588' title='bbox 2351 4442 2439 4494; x_wconf 85' lang='lat' dir='ltr'><strong>sed</strong></span> <span class='ocrx_word' id='word_1_589' title='bbox 2478 4442 2646 4511; x_wconf 85' lang='lat' dir='ltr'><strong>ipsum</strong></span> <span class='ocrx_word' id='word_1_590' title='bbox 2677 4460 2709 4496; x_wconf 88' lang='lat' dir='ltr'><strong>a</strong></span> <span class='ocrx_word' id='word_1_591' title='bbox 2737 4458 2792 4495; x_wconf 85' lang='lat' dir='ltr'><strong>se</strong></span> <span class='ocrx_word' id='word_1_592' title='bbox 2826 4442 3070 4512; x_wconf 83' lang='lat' dir='ltr'><strong>ultroque</strong></span> <span class='ocrx_word' id='word_1_593' title='bbox 3097 4443 3362 4512; x_wconf 85' lang='lat' dir='ltr'><strong>grassari,</strong></span> <span class='ocrx_word' id='word_1_594' title='bbox 3395 4450 3451 4494; x_wconf 87' lang='lat' dir='ltr'><strong>ut</strong></span> 
     </span>
    </p>
   </div>
   <div class='ocr_carea' id='block_1_91' title="bbox 165 4522 1753 4602">
    <p class='ocr_par' dir='ltr' id='par_1_91' title="bbox 165 4526 1753 4601">
     <span class='ocr_line' id='line_1_91' title="bbox 165 4526 1753 4601; baseline -0.005 -12"><span class='ocrx_word' id='word_1_595' title='bbox 165 4536 292 4601; x_wconf 80' lang='grc' dir='ltr'><strong>τὴν</strong></span> <span class='ocrx_word' id='word_1_596' title='bbox 319 4533 614 4593; x_wconf 76' lang='grc' dir='ltr'><strong>ἐπίθεσιν.</strong></span> <span class='ocrx_word' id='word_1_597' title='bbox 680 4530 874 4595; x_wconf 82' lang='grc' dir='ltr'><strong>ἐαυτῷ</strong></span> <span class='ocrx_word' id='word_1_598' title='bbox 908 4527 1023 4595; x_wconf 83' lang='grc' dir='ltr'><strong>τήν</strong></span> <span class='ocrx_word' id='word_1_599' title='bbox 1054 4528 1384 4592; x_wconf 74' lang='grc' dir='ltr'><strong>,βασιλειαν</strong></span> <span class='ocrx_word' id='word_1_600' title='bbox 1418 4526 1753 4597; x_wconf 74' lang='grc' dir='ltr'><strong>σφετεριζό-</strong></span> 
     </span>
    </p>
   </div>
   <div class='ocr_carea' id='block_1_92' title="bbox 1857 4522 3452 4602">
    <p class='ocr_par' dir='ltr' id='par_1_92' title="bbox 1859 4526 3452 4602">
     <span class='ocr_line' id='line_1_92' title="bbox 1859 4526 3452 4602; baseline -0.001 -17"><span class='ocrx_word' id='word_1_601' title='bbox 1859 4532 1914 4586; x_wconf 85' lang='lat' dir='ltr'><strong>in</strong></span> <span class='ocrx_word' id='word_1_602' title='bbox 1966 4548 2020 4585; x_wconf 85' lang='lat' dir='ltr'><strong>se</strong></span> <span class='ocrx_word' id='word_1_603' title='bbox 2067 4526 2247 4585; x_wconf 86' lang='lat' dir='ltr'><strong>rerum</strong></span> <span class='ocrx_word' id='word_1_604' title='bbox 2289 4548 2551 4585; x_wconf 86' lang='lat' dir='ltr'><strong>summam</strong></span> <span class='ocrx_word' id='word_1_605' title='bbox 2607 4533 2931 4601; x_wconf 77' lang='lat' dir='ltr'><strong>transferat,</strong></span> <span class='ocrx_word' id='word_1_606' title='bbox 2990 4533 3292 4602; x_wconf 54' lang='lat' dir='ltr'><strong>pronujntio.</strong></span> <span class='ocrx_word' id='word_1_607' title='bbox 3356 4531 3452 4585; x_wconf 85' lang='lat' dir='ltr'><strong>His</strong></span> 
     </span>
    </p>
   </div>
   <div class='ocr_carea' id='block_1_93' title="bbox 160 4620 1757 4697">
    <p class='ocr_par' dir='ltr' id='par_1_93' title="bbox 160 4620 1757 4697">
     <span class='ocr_line' id='line_1_93' title="bbox 160 4620 1757 4697; baseline -0.003 -18"><span class='ocrx_word' id='word_1_608' title='bbox 160 4623 637 4697; x_wconf 55' lang='lat' dir='ltr'><strong>perorJlbtitwv</strong></span> <span class='ocrx_word' id='word_1_609' title='bbox 689 4621 784 4677; x_wconf 80' lang='grc' dir='ltr'><strong>οὖν</strong></span> <span class='ocrx_word' id='word_1_610' title='bbox 830 4620 908 4692; x_wconf 83' lang='grc' dir='ltr'><strong>τῷ</strong></span> <span class='ocrx_word' id='word_1_611' title='bbox 939 4620 1054 4691; x_wconf 85' lang='grc' dir='ltr'><strong>λαῷ</strong></span> <span class='ocrx_word' id='word_1_612' title='bbox 1088 4620 1621 4688; x_wconf 81' lang='grc' dir='ltr'><strong>ὑπαναγνωσοέντων</strong></span> <span class='ocrx_word' id='word_1_613' title='bbox 1657 4622 1757 4691; x_wconf 71' lang='grc' dir='ltr'><strong>ἡρ-</strong></span> 
     </span>
    </p>
   </div>
   <div class='ocr_carea' id='block_1_94' title="bbox 169 4705 1762 4786">
    <p class='ocr_par' dir='ltr' id='par_1_94' title="bbox 169 4705 1762 4786">
     <span class='ocr_line' id='line_1_94' title="bbox 169 4705 1762 4786; baseline -0.006 -14"><span class='ocrx_word' id='word_1_614' title='bbox 169 4705 374 4786; x_wconf 50' lang='grc' dir='ltr'><strong>ξαντο³</strong></span> <span class='ocrx_word' id='word_1_615' title='bbox 418 4718 619 4778; x_wconf 80' lang='grc' dir='ltr'><strong>πάντες</strong></span> <span class='ocrx_word' id='word_1_616' title='bbox 681 4715 991 4786; x_wconf 77' lang='grc' dir='ltr'><strong>ὑποχωρεῖν</strong></span> <span class='ocrx_word' id='word_1_617' title='bbox 1060 4715 1155 4766; x_wconf 69' lang='grc' dir='ltr'><strong>καὶ</strong></span> <span class='ocrx_word' id='word_1_618' title='bbox 1207 4712 1288 4785; x_wconf 80' lang='grc' dir='ltr'><strong>τῷ</strong></span> <span class='ocrx_word' id='word_1_619' title='bbox 1343 4712 1762 4785; x_wconf 77' lang='grc' dir='ltr'><strong>βασιλεοπάτορι</strong></span> 
     </span>
    </p>
   </div>
   <div class='ocr_carea' id='block_1_95' title="bbox 170 4806 1765 4883">
    <p class='ocr_par' dir='ltr' id='par_1_95' title="bbox 170 4806 1765 4883">
     <span class='ocr_line' id='line_1_95' title="bbox 170 4806 1765 4883; baseline -0.003 -19"><span class='ocrx_word' id='word_1_620' title='bbox 170 4808 557 4883; x_wconf 80' lang='grc' dir='ltr'><strong>προσρύεσθαι</strong></span> <span class='ocrx_word' id='word_1_621' title='bbox 594 4807 883 4879; x_wconf 82' lang='grc' dir='ltr'><strong>Ῥωμανῷ.</strong></span> <span class='ocrx_word' id='word_1_622' title='bbox 913 4806 1020 4860; x_wconf 83' lang='grc' dir='ltr'><strong>Τοῦ</strong></span> <span class='ocrx_word' id='word_1_623' title='bbox 1050 4807 1107 4860; x_wconf 82' lang='grc' dir='ltr'><strong>δὲ</strong></span> <span class='ocrx_word' id='word_1_624' title='bbox 1148 4806 1313 4859; x_wconf 80' lang='grc' dir='ltr'><strong>Φωκᾶ</strong></span> <span class='ocrx_word' id='word_1_625' title='bbox 1350 4807 1431 4868; x_wconf 81' lang='grc' dir='ltr'><strong>εἰς</strong></span> <span class='ocrx_word' id='word_1_626' title='bbox 1479 4806 1765 4877; x_wconf 74' lang='grc' dir='ltr'><strong>ἀμήχανον</strong></span> 
     </span>
    </p>
   </div>
   <div class='ocr_carea' id='block_1_96' title="bbox 172 4898 1764 4974">
    <p class='ocr_par' dir='ltr' id='par_1_96' title="bbox 172 4898 1764 4974">
     <span class='ocr_line' id='line_1_96' title="bbox 172 4898 1764 4974; baseline -0.004 -17"><span class='ocrx_word' id='word_1_627' title='bbox 172 4902 548 4974; x_wconf 75' lang='grc' dir='ltr'><strong>περιστάντος</strong></span> <span class='ocrx_word' id='word_1_628' title='bbox 578 4901 674 4954; x_wconf 78' lang='grc' dir='ltr'><strong>καὶ</strong></span> <span class='ocrx_word' id='word_1_629' title='bbox 698 4900 1027 4969; x_wconf 82' lang='grc' dir='ltr'><strong>ἀπογνόντος</strong></span> <span class='ocrx_word' id='word_1_630' title='bbox 1055 4898 1130 4962; x_wconf 81' lang='grc' dir='ltr'><strong>ὡς</strong></span> <span class='ocrx_word' id='word_1_631' title='bbox 1160 4900 1341 4968; x_wconf 84' lang='grc' dir='ltr'><strong>πάσης</strong></span> <span class='ocrx_word' id='word_1_632' title='bbox 1368 4898 1578 4961; x_wconf 84' lang='grc' dir='ltr'><strong>ἐλπίδος</strong></span> <span class='ocrx_word' id='word_1_633' title='bbox 1612 4899 1764 4968; x_wconf 81' lang='grc' dir='ltr'><strong>ὴστο·</strong></span> 
     </span>
    </p>
   </div>
   <div class='ocr_carea' id='block_1_97' title="bbox 171 4986 1767 5066">
    <p class='ocr_par' dir='ltr' id='par_1_97' title="bbox 171 4986 1767 5066">
     <span class='ocr_line' id='line_1_97' title="bbox 171 4986 1767 5066; baseline -0.004 -21"><span class='ocrx_word' id='word_1_634' title='bbox 171 4992 438 5066; x_wconf 79' lang='grc' dir='ltr'><strong>χηκότος,</strong></span> <span class='ocrx_word' id='word_1_635' title='bbox 467 4991 561 5045; x_wconf 74' lang='grc' dir='ltr'><strong>καὶ</strong></span> <span class='ocrx_word' id='word_1_636' title='bbox 595 4992 743 5061; x_wconf 77' lang='grc' dir='ltr'><strong>φυγῇ</strong></span> <span class='ocrx_word' id='word_1_637' title='bbox 767 4988 1116 5061; x_wconf 84' lang='grc' dir='ltr'><strong>χρησαμένου</strong></span> <span class='ocrx_word' id='word_1_638' title='bbox 1149 4989 1243 5042; x_wconf 71' lang='grc' dir='ltr'><strong>καὶ</strong></span> <span class='ocrx_word' id='word_1_639' title='bbox 1272 4988 1411 5058; x_wconf 83' lang='grc' dir='ltr'><strong>πρὸς</strong></span> <span class='ocrx_word' id='word_1_640' title='bbox 1439 4988 1498 5040; x_wconf 84' lang='grc' dir='ltr'><strong>τὸ</strong></span> <span class='ocrx_word' id='word_1_641' title='bbox 1531 4986 1767 5058; x_wconf 86' lang='grc' dir='ltr'><strong>κάστρον</strong></span> 
     </span>
    </p>
   </div>
   <div class='ocr_carea' id='block_1_98' title="bbox 156 5078 1768 5161">
    <p class='ocr_par' dir='ltr' id='par_1_98' title="bbox 156 5078 1768 5161">
     <span class='ocr_line' id='line_1_98' title="bbox 156 5078 1768 5161; baseline -0.005 -22"><span class='ocrx_word' id='word_1_642' title='bbox 156 5083 419 5159; x_wconf 34' lang='grc' dir='ltr'><strong>κ’Δτεοῦς</strong></span> <span class='ocrx_word' id='word_1_643' title='bbox 449 5081 897 5153; x_wconf 75' lang='grc' dir='ltr'><strong>παραγενομένου</strong></span> <span class='ocrx_word' id='word_1_644' title='bbox 927 5081 1020 5161; x_wconf 61' lang='grc' dir='ltr'><strong>καὶ</strong></span> <span class='ocrx_word' id='word_1_645' title='bbox 1052 5082 1127 5151; x_wconf 79' lang='grc' dir='ltr'><strong>μὴ</strong></span> <span class='ocrx_word' id='word_1_646' title='bbox 1153 5079 1452 5149; x_wconf 73' lang='grc' dir='ltr'><strong>δειχθέντος,</strong></span> <span class='ocrx_word' id='word_1_647' title='bbox 1480 5078 1768 5133; x_wconf 73' lang='grc' dir='ltr'><strong>ἀπέστειλε</strong></span> 
     </span>
    </p>
   </div>
   <div class='ocr_carea' id='block_1_99' title="bbox 186 5170 1763 5259">
    <p class='ocr_par' dir='ltr' id='par_1_99' title="bbox 186 5170 1763 5259">
     <span class='ocr_line' id='line_1_99' title="bbox 186 5170 1763 5259; baseline -0.006 -25"><span class='ocrx_word' id='word_1_648' title='bbox 186 5175 481 5248; x_wconf 76' lang='grc' dir='ltr'><strong>Ῥωμανὸς</strong></span> <span class='ocrx_word' id='word_1_649' title='bbox 556 5175 791 5247; x_wconf 81' lang='grc' dir='ltr'><strong>Ιωάννην</strong></span> <span class='ocrx_word' id='word_1_650' title='bbox 807 5174 1094 5246; x_wconf 72' lang='grc' dir='ltr'><strong>Τουϐάιιην</strong></span> <span class='ocrx_word' id='word_1_651' title='bbox 1120 5172 1214 5259; x_wconf 47' lang='grc' dir='ltr'><strong>καθ.</strong></span> <span class='ocrx_word' id='word_1_652' title='bbox 1251 5172 1455 5241; x_wconf 75' lang='grc' dir='ltr'><strong>Λέοντα</strong></span> <span class='ocrx_word' id='word_1_653' title='bbox 1482 5173 1573 5225; x_wconf 82' lang='grc' dir='ltr'><strong>τὸν</strong></span> <span class='ocrx_word' id='word_1_654' title='bbox 1598 5170 1763 5225; x_wconf 77' lang='grc' dir='ltr'><strong>αὐτοῦ</strong></span> 
     </span>
    </p>
   </div>
   <div class='ocr_carea' id='block_1_100' title="bbox 177 5265 1765 5351">
    <p class='ocr_par' dir='ltr' id='par_1_100' title="bbox 177 5265 1765 5351">
     <span class='ocr_line' id='line_1_100' title="bbox 177 5265 1765 5351; baseline -0.006 -24"><span class='ocrx_word' id='word_1_655' title='bbox 177 5270 432 5342; x_wconf 81' lang='grc' dir='ltr'><strong>συγγενῆ</strong></span> <span class='ocrx_word' id='word_1_656' title='bbox 468 5268 607 5347; x_wconf 79' lang='grc' dir='ltr'><strong>ὥστε</strong></span> <span class='ocrx_word' id='word_1_657' title='bbox 641 5271 955 5338; x_wconf 71' lang='grc' dir='ltr'><strong>εἰσαγαγεῖν</strong></span> <span class='ocrx_word' id='word_1_658' title='bbox 1004 5269 1167 5322; x_wconf 83' lang='grc' dir='ltr'><strong>αὑτὸν</strong></span> <span class='ocrx_word' id='word_1_659' title='bbox 1210 5270 1266 5321; x_wconf 75' lang='grc' dir='ltr'><strong>ἐν</strong></span> <span class='ocrx_word' id='word_1_660' title='bbox 1296 5269 1361 5351; x_wconf 69' lang='grc' dir='ltr'><strong>τῇ</strong></span> <span class='ocrx_word' id='word_1_661' title='bbox 1409 5266 1681 5347; x_wconf 76' lang='grc' dir='ltr'><strong>πόλει.ρί</strong></span> <span class='ocrx_word' id='word_1_662' title='bbox 1708 5265 1765 5317; x_wconf 84' lang='grc' dir='ltr'><strong>δὲ</strong></span> 
     </span>
    </p>
   </div>
   <div class='ocr_carea' id='block_1_101' title="bbox 108 5358 1766 5431">
    <p class='ocr_par' dir='ltr' id='par_1_101' title="bbox 108 5358 1766 5431">
     <span class='ocr_line' id='line_1_101' title="bbox 108 5358 1766 5431; baseline -0.005 -13"><span class='ocrx_word' id='word_1_663' title='bbox 108 5362 113 5365; x_wconf 56' lang='grc'><strong>⁷</strong></span> <span class='ocrx_word' id='word_1_664' title='bbox 177 5363 385 5417; x_wconf 81' lang='grc' dir='ltr'><strong>τοῦτον</strong></span> <span class='ocrx_word' id='word_1_665' title='bbox 410 5362 787 5431; x_wconf 71' lang='grc' dir='ltr'><strong>κρατήσαντες</strong></span> <span class='ocrx_word' id='word_1_666' title='bbox 844 5359 1265 5428; x_wconf 78' lang='grc' dir='ltr'><strong>ἀπετύφλωσαν,</strong></span> <span class='ocrx_word' id='word_1_667' title='bbox 1288 5358 1465 5413; x_wconf 82' lang='grc' dir='ltr'><strong>καίτοι</strong></span> <span class='ocrx_word' id='word_1_668' title='bbox 1498 5358 1766 5429; x_wconf 79' lang='grc' dir='ltr'><strong>μηδεμίαν</strong></span> 
     </span>
    </p>
   </div>
   <div class='ocr_carea' id='block_1_102' title="bbox 177 5449 1767 5527">
    <p class='ocr_par' dir='ltr' id='par_1_102' title="bbox 177 5449 1767 5527">
     <span class='ocr_line' id='line_1_102' title="bbox 177 5449 1767 5527; baseline -0.003 -20"><span class='ocrx_word' id='word_1_669' title='bbox 177 5454 320 5524; x_wconf 74' lang='grc' dir='ltr'><strong>περὶ</strong></span> <span class='ocrx_word' id='word_1_670' title='bbox 369 5449 563 5527; x_wconf 65' lang='grc' dir='ltr'><strong>τούτου</strong></span> <span class='ocrx_word' id='word_1_671' title='bbox 620 5450 902 5520; x_wconf 81' lang='grc' dir='ltr'><strong>δεξάμενοι</strong></span> <span class='ocrx_word' id='word_1_672' title='bbox 964 5449 1181 5519; x_wconf 67' lang='grc' dir='ltr'><strong>ἐντολὴν</strong></span> <span class='ocrx_word' id='word_1_673' title='bbox 1207 5490 1221 5509; x_wconf 85' lang='grc'><strong>.</strong></span> <span class='ocrx_word' id='word_1_674' title='bbox 1291 5449 1403 5503; x_wconf 79' lang='grc' dir='ltr'><strong>ἀλλ’</strong></span> <span class='ocrx_word' id='word_1_675' title='bbox 1458 5449 1767 5519; x_wconf 72' lang='grc' dir='ltr'><strong>αὐθαιρέτῳ</strong></span> 
     </span>
    </p>
   </div>
   <div class='ocr_carea' id='block_1_103' title="bbox 1860 4623 3455 4693">
    <p class='ocr_par' dir='ltr' id='par_1_103' title="bbox 1860 4623 3455 4693">
     <span class='ocr_line' id='line_1_103' title="bbox 1860 4623 3455 4693; baseline -0.001 -16"><span class='ocrx_word' id='word_1_676' title='bbox 1860 4626 2046 4693; x_wconf 75' lang='lat' dir='ltr'><strong>itaque</strong></span> <span class='ocrx_word' id='word_1_677' title='bbox 2089 4623 2354 4679; x_wconf 90' lang='lat' dir='ltr'><strong>audiente</strong></span> <span class='ocrx_word' id='word_1_678' title='bbox 2391 4624 2640 4679; x_wconf 80' lang='lat' dir='ltr'><strong>exercitu</strong></span> <span class='ocrx_word' id='word_1_679' title='bbox 2694 4626 2850 4679; x_wconf 85' lang='lat' dir='ltr'><strong>lectis</strong></span> <span class='ocrx_word' id='word_1_680' title='bbox 2897 4626 3117 4687; x_wconf 88' lang='lat' dir='ltr'><strong>litteris,</strong></span> <span class='ocrx_word' id='word_1_681' title='bbox 3166 4630 3455 4693; x_wconf 72' lang='lat' dir='ltr'><strong>cmperunt</strong></span> 
     </span>
    </p>
   </div>
   <div class='ocr_carea' id='block_1_104' title="bbox 1862 4715 3447 4785">
    <p class='ocr_par' dir='ltr' id='par_1_104' title="bbox 1862 4715 3447 4785">
     <span class='ocr_line' id='line_1_104' title="bbox 1862 4715 3447 4785; baseline -0.002 -15"><span class='ocrx_word' id='word_1_682' title='bbox 1862 4731 2057 4771; x_wconf 90' lang='lat' dir='ltr'><strong>omnes</strong></span> <span class='ocrx_word' id='word_1_683' title='bbox 2082 4715 2342 4771; x_wconf 90' lang='lat' dir='ltr'><strong>recedere</strong></span> <span class='ocrx_word' id='word_1_684' title='bbox 2372 4716 2511 4770; x_wconf 90' lang='lat' dir='ltr'><strong>etad</strong></span> <span class='ocrx_word' id='word_1_685' title='bbox 2535 4716 2885 4785; x_wconf 85' lang='lat' dir='ltr'><strong>imperatoris</strong></span> <span class='ocrx_word' id='word_1_686' title='bbox 2906 4728 3116 4785; x_wconf 86' lang='lat' dir='ltr'><strong>patrem</strong></span> <span class='ocrx_word' id='word_1_687' title='bbox 3146 4715 3447 4771; x_wconf 83' lang='lat' dir='ltr'><strong>conﬂuere.</strong></span> 
     </span>
    </p>
   </div>
   <div class='ocr_carea' id='block_1_105' title="bbox 1866 4806 3449 4895">
    <p class='ocr_par' dir='ltr' id='par_1_105' title="bbox 1866 4806 3449 4895">
     <span class='ocr_line' id='line_1_105' title="bbox 1866 4806 3449 4895; baseline -0.003 -32"><span class='ocrx_word' id='word_1_688' title='bbox 1866 4809 2077 4864; x_wconf 84' lang='lat' dir='ltr'><strong>Phocas</strong></span> <span class='ocrx_word' id='word_1_689' title='bbox 2126 4818 2310 4864; x_wconf 88' lang='lat' dir='ltr'><strong>autem</strong></span> <span class='ocrx_word' id='word_1_690' title='bbox 2360 4808 2575 4864; x_wconf 90' lang='lat' dir='ltr'><strong>consilii</strong></span> <span class='ocrx_word' id='word_1_691' title='bbox 2604 4809 2766 4878; x_wconf 89' lang='lat' dir='ltr'><strong>inops</strong></span> <span class='ocrx_word' id='word_1_692' title='bbox 2809 4808 3086 4877; x_wconf 90' lang='lat' dir='ltr'><strong>rebusque</strong></span> <span class='ocrx_word' id='word_1_693' title='bbox 3120 4806 3449 4895; x_wconf 71' lang='lat' dir='ltr'><strong>desperatis,</strong></span> 
     </span>
    </p>
   </div>
   <div class='ocr_carea' id='block_1_106' title="bbox 1870 4897 3452 4968">
    <p class='ocr_par' dir='ltr' id='par_1_106' title="bbox 1870 4897 3452 4968">
     <span class='ocr_line' id='line_1_106' title="bbox 1870 4897 3452 4968; baseline -0.003 -12"><span class='ocrx_word' id='word_1_694' title='bbox 1870 4909 1932 4956; x_wconf 82' lang='lat' dir='ltr'><strong>ut</strong></span> <span class='ocrx_word' id='word_1_695' title='bbox 1960 4901 2047 4955; x_wconf 90' lang='lat' dir='ltr'><strong>cui</strong></span> <span class='ocrx_word' id='word_1_696' title='bbox 2076 4916 2238 4955; x_wconf 90' lang='lat' dir='ltr'><strong>omne</strong></span> <span class='ocrx_word' id='word_1_697' title='bbox 2262 4900 2554 4955; x_wconf 90' lang='lat' dir='ltr'><strong>consilium</strong></span> <span class='ocrx_word' id='word_1_698' title='bbox 2587 4915 2803 4955; x_wconf 89' lang='lat' dir='ltr'><strong>cassum</strong></span> <span class='ocrx_word' id='word_1_699' title='bbox 2832 4899 3040 4966; x_wconf 89' lang='lat' dir='ltr'><strong>ivisset,</strong></span> <span class='ocrx_word' id='word_1_700' title='bbox 3064 4900 3296 4954; x_wconf 91' lang='lat' dir='ltr'><strong>salutem</strong></span> <span class='ocrx_word' id='word_1_701' title='bbox 3325 4897 3452 4968; x_wconf 81' lang='lat' dir='ltr'><strong>fuga</strong></span> 
     </span>
    </p>
   </div>
   <div class='ocr_carea' id='block_1_107' title="bbox 1874 4992 3452 5073">
    <p class='ocr_par' dir='ltr' id='par_1_107' title="bbox 1874 4992 3452 5073">
     <span class='ocr_line' id='line_1_107' title="bbox 1874 4992 3452 5073; baseline -0.003 -25"><span class='ocrx_word' id='word_1_702' title='bbox 1874 5008 2126 5063; x_wconf 74' lang='lat' dir='ltr'><strong>quaerens</strong></span> <span class='ocrx_word' id='word_1_703' title='bbox 2152 5033 2167 5057; x_wconf 90' lang='lat'><strong>,</strong></span> <span class='ocrx_word' id='word_1_704' title='bbox 2222 4993 2289 5047; x_wconf 91' lang='lat' dir='ltr'><strong>ad</strong></span> <span class='ocrx_word' id='word_1_705' title='bbox 2339 5000 2583 5047; x_wconf 90' lang='lat' dir='ltr'><strong>castrum</strong></span> <span class='ocrx_word' id='word_1_706' title='bbox 2615 4993 2787 5047; x_wconf 84' lang='lat' dir='ltr'><strong>Ateus</strong></span> <span class='ocrx_word' id='word_1_707' title='bbox 2811 5007 2934 5047; x_wconf 88' lang='lat' dir='ltr'><strong>cum</strong></span> <span class='ocrx_word' id='word_1_708' title='bbox 2971 4992 3242 5056; x_wconf 89' lang='lat' dir='ltr'><strong>venisset,</strong></span> <span class='ocrx_word' id='word_1_709' title='bbox 3268 5004 3336 5044; x_wconf 91' lang='lat' dir='ltr'><strong>eo</strong></span> <span class='ocrx_word' id='word_1_710' title='bbox 3367 5005 3452 5073; x_wconf 33' lang='lat' dir='ltr'><strong>[re-</strong></span> 
     </span>
    </p>
   </div>
   <div class='ocr_carea' id='block_1_108' title="bbox 1873 5080 3450 5155">
    <p class='ocr_par' dir='ltr' id='par_1_108' title="bbox 1873 5080 3450 5155">
     <span class='ocr_line' id='line_1_108' title="bbox 1873 5080 3450 5155; baseline -0.003 -16"><span class='ocrx_word' id='word_1_711' title='bbox 1873 5084 2066 5155; x_wconf 91' lang='lat' dir='ltr'><strong>pulsus</strong></span> <span class='ocrx_word' id='word_1_712' title='bbox 2108 5093 2211 5140; x_wconf 90' lang='lat' dir='ltr'><strong>est.</strong></span> <span class='ocrx_word' id='word_1_713' title='bbox 2263 5084 2411 5140; x_wconf 82' lang='lat' dir='ltr'><strong>Misit</strong></span> <span class='ocrx_word' id='word_1_714' title='bbox 2448 5084 2632 5154; x_wconf 86' lang='lat' dir='ltr'><strong>itaque</strong></span> <span class='ocrx_word' id='word_1_715' title='bbox 2666 5083 2948 5138; x_wconf 82' lang='lat' dir='ltr'><strong>Romanus</strong></span> <span class='ocrx_word' id='word_1_716' title='bbox 2968 5083 3233 5138; x_wconf 78' lang='lat' dir='ltr'><strong>Joannem</strong></span> <span class='ocrx_word' id='word_1_717' title='bbox 3265 5080 3450 5135; x_wconf 89' lang='lat' dir='ltr'><strong>Tuba-</strong></span> 
     </span>
    </p>
   </div>
   <div class='ocr_carea' id='block_1_109' title="bbox 1876 5172 3444 5246">
    <p class='ocr_par' dir='ltr' id='par_1_109' title="bbox 1876 5172 3444 5246">
     <span class='ocr_line' id='line_1_109' title="bbox 1876 5172 3444 5246; baseline -0.005 -15"><span class='ocrx_word' id='word_1_718' title='bbox 1876 5192 1992 5231; x_wconf 90' lang='lat' dir='ltr'><strong>cem</strong></span> <span class='ocrx_word' id='word_1_719' title='bbox 2012 5176 2323 5232; x_wconf 89' lang='lat' dir='ltr'><strong>etLeonem</strong></span> <span class='ocrx_word' id='word_1_720' title='bbox 2352 5176 2469 5246; x_wconf 87' lang='lat' dir='ltr'><strong>ejus</strong></span> <span class='ocrx_word' id='word_1_721' title='bbox 2497 5183 2810 5245; x_wconf 78' lang='lat' dir='ltr'><strong>cognatum,</strong></span> <span class='ocrx_word' id='word_1_722' title='bbox 2843 5174 2937 5244; x_wconf 89' lang='lat' dir='ltr'><strong>qui</strong></span> <span class='ocrx_word' id='word_1_723' title='bbox 2969 5173 3023 5226; x_wconf 93' lang='lat' dir='ltr'><strong>in</strong></span> <span class='ocrx_word' id='word_1_724' title='bbox 3050 5174 3241 5226; x_wconf 91' lang='lat' dir='ltr'><strong>urbem</strong></span> <span class='ocrx_word' id='word_1_725' title='bbox 3266 5172 3444 5240; x_wconf 91' lang='lat' dir='ltr'><strong>ipsum</strong></span> 
     </span>
    </p>
   </div>
   <div class='ocr_carea' id='block_1_110' title="bbox 1878 5259 3447 5332">
    <p class='ocr_par' dir='ltr' id='par_1_110' title="bbox 1878 5259 3447 5332">
     <span class='ocr_line' id='line_1_110' title="bbox 1878 5259 3447 5332; baseline -0.003 -15"><span class='ocrx_word' id='word_1_726' title='bbox 1878 5264 2225 5319; x_wconf 92' lang='lat' dir='ltr'><strong>inducerent.</strong></span> <span class='ocrx_word' id='word_1_727' title='bbox 2247 5264 2417 5332; x_wconf 85' lang='lat' dir='ltr'><strong>Quem</strong></span> <span class='ocrx_word' id='word_1_728' title='bbox 2453 5278 2575 5317; x_wconf 91' lang='lat' dir='ltr'><strong>cum</strong></span> <span class='ocrx_word' id='word_1_729' title='bbox 2601 5265 2928 5327; x_wconf 84' lang='lat' dir='ltr'><strong>tenuissent,</strong></span> <span class='ocrx_word' id='word_1_730' title='bbox 2950 5262 3251 5316; x_wconf 88' lang='lat' dir='ltr'><strong>luminibus</strong></span> <span class='ocrx_word' id='word_1_731' title='bbox 3281 5259 3447 5313; x_wconf 86' lang='lat' dir='ltr'><strong>orba-</strong></span> 
     </span>
    </p>
   </div>
   <div class='ocr_carea' id='block_1_111' title="bbox 1873 5352 3447 5431">
    <p class='ocr_par' dir='ltr' id='par_1_111' title="bbox 1873 5352 3447 5431">
     <span class='ocr_line' id='line_1_111' title="bbox 1873 5352 3447 5431; baseline -0.003 -23"><span class='ocrx_word' id='word_1_732' title='bbox 1873 5362 2026 5421; x_wconf 80' lang='lat' dir='ltr'><strong>runt,</strong></span> <span class='ocrx_word' id='word_1_733' title='bbox 2064 5354 2168 5409; x_wconf 81' lang='lat' dir='ltr'><strong>etsi</strong></span> <span class='ocrx_word' id='word_1_734' title='bbox 2217 5356 2337 5427; x_wconf 85' lang='lat' dir='ltr'><strong>ejus</strong></span> <span class='ocrx_word' id='word_1_735' title='bbox 2368 5354 2605 5431; x_wconf 56' lang='lat' dir='ltr'><strong>(necandi</strong></span> <span class='ocrx_word' id='word_1_736' title='bbox 2646 5355 2856 5409; x_wconf 89' lang='lat' dir='ltr'><strong>nullum</strong></span> <span class='ocrx_word' id='word_1_737' title='bbox 2884 5352 3195 5408; x_wconf 87' lang='lat' dir='ltr'><strong>mandatum</strong></span> <span class='ocrx_word' id='word_1_738' title='bbox 3221 5365 3447 5421; x_wconf 83' lang='lat' dir='ltr'><strong>accepe-</strong></span> 
     </span>
    </p>
   </div>
   <div class='ocr_carea' id='block_1_112' title="bbox 1876 5443 3449 5522">
    <p class='ocr_par' dir='ltr' id='par_1_112' title="bbox 1876 5443 3449 5522">
     <span class='ocr_line' id='line_1_112' title="bbox 1876 5443 3449 5522; baseline -0.003 -20"><span class='ocrx_word' id='word_1_739' title='bbox 1876 5458 2032 5504; x_wconf 86' lang='lat' dir='ltr'><strong>rant:</strong></span> <span class='ocrx_word' id='word_1_740' title='bbox 2087 5451 2182 5506; x_wconf 86' lang='lat' dir='ltr'><strong>sed</strong></span> <span class='ocrx_word' id='word_1_741' title='bbox 2228 5451 2330 5522; x_wconf 89' lang='lat' dir='ltr'><strong>ipsi</strong></span> <span class='ocrx_word' id='word_1_742' title='bbox 2384 5469 2413 5505; x_wconf 85' lang='lat' dir='ltr'><strong>a</strong></span> <span class='ocrx_word' id='word_1_743' title='bbox 2457 5466 2517 5507; x_wconf 88' lang='lat' dir='ltr'><strong>se</strong></span> <span class='ocrx_word' id='word_1_744' title='bbox 2553 5460 2746 5519; x_wconf 77' lang='lat' dir='ltr'><strong>sponte</strong></span> <span class='ocrx_word' id='word_1_745' title='bbox 2786 5449 3072 5513; x_wconf 79' lang='lat' dir='ltr'><strong>fecerunt,</strong></span> <span class='ocrx_word' id='word_1_746' title='bbox 3118 5459 3177 5501; x_wconf 89' lang='lat' dir='ltr'><strong>ut</strong></span> <span class='ocrx_word' id='word_1_747' title='bbox 3238 5453 3293 5501; x_wconf 87' lang='lat' dir='ltr'><strong>et</strong></span> <span class='ocrx_word' id='word_1_748' title='bbox 3347 5443 3449 5498; x_wconf 81' lang='lat' dir='ltr'><strong>Ro-</strong></span> 
     </span>
    </p>
   </div>
   <div class='ocr_carea' id='block_1_113' title="bbox 1492 5630 2170 5689">
    <p class='ocr_par' dir='ltr' id='par_1_113' title="bbox 1492 5630 2170 5689">
     <span class='ocr_line' id='line_1_113' title="bbox 1492 5630 2170 5689; baseline 0.004 -5"><span class='ocrx_word' id='word_1_749' title='bbox 1492 5631 1731 5689; x_wconf 75' lang='lat' dir='ltr'><strong>VARUE</strong></span> <span class='ocrx_word' id='word_1_750' title='bbox 1763 5630 2170 5689; x_wconf 78' lang='lat' dir='ltr'><strong>LECTIONES.</strong></span> 
     </span>
    </p>
   </div>
   <div class='ocr_carea' id='block_1_114' title="bbox 231 5750 1753 5836">
    <p class='ocr_par' dir='ltr' id='par_1_114' title="bbox 231 5750 1753 5836">
     <span class='ocr_line' id='line_1_114' title="bbox 231 5750 1753 5836; baseline 0.003 -36"><span class='ocrx_word' id='word_1_751' title='bbox 231 5750 279 5782; x_wconf 72' lang='grc' dir='ltr'><strong>υ</strong></span> <span class='ocrx_word' id='word_1_752' title='bbox 315 5750 679 5821; x_wconf 72' lang='grc' dir='ltr'><strong>Βαρνμιχαὴλ</strong></span> <span class='ocrx_word' id='word_1_753' title='bbox 708 5751 820 5814; x_wconf 71' lang='grc' dir='ltr'><strong>υἱὸς</strong></span> <span class='ocrx_word' id='word_1_754' title='bbox 855 5752 1263 5836; x_wconf 74' lang='grc' dir='ltr'><strong>Κωνσταντῖνος</strong></span> <span class='ocrx_word' id='word_1_755' title='bbox 1288 5768 1451 5824; x_wconf 85' lang='lat' dir='ltr'><strong>supra</strong></span> <span class='ocrx_word' id='word_1_756' title='bbox 1483 5770 1532 5825; x_wconf 78' lang='grc' dir='ltr'><strong>ιιι.</strong></span> <span class='ocrx_word' id='word_1_757' title='bbox 1568 5750 1675 5807; x_wconf 71' lang='lat' dir='ltr'><strong>2M</strong></span> <span class='ocrx_word' id='word_1_758' title='bbox 1702 5766 1753 5807; x_wconf 90' lang='lat' dir='ltr'><strong>c.</strong></span> 
     </span>
    </p>
   </div>
  </div>
