4158 6438
800 415 907 482 951

2060 412 2382 474 GEORGII
2415 412 2759 473 MONACHI

3956 404 4061 466 952

799 541 997 582 manus
1025 524 1374 595 imperatoris
1405 532 1559 593 pater
1584 524 1705 595 ejus
1756 524 1832 579 rei
1872 524 2093 581 nomine
2125 526 2374 597 indigna-

2486 523 2679 596 γνώμῃ
2718 524 2874 577 τοῦτο
2952 521 3349 593 πεποιηκότες,
3406 519 3482 583 ὡς
3532 513 3919 587 ἀγανακτῆσαι
3979 518 4066 570 ἐπὶ

796 628 887 674 tus
919 619 1007 673 sit.

864 710 953 763 3t.
998 707 1181 761 Mense
1222 708 1468 777 Augusto
1495 706 1726 763 detectae
1767 706 2115 765 Constantini
2156 708 2373 765 Ctema-

794 799 917 863 lini,
950 798 1172 853 Davidis
1216 797 1522 853 Camuliani
1560 810 1615 853 et
1661 799 1941 855 Michaelis
1988 816 2370 872 mangarorum

792 892 1068 945 curatoris
1114 890 1347 946 insidiae.
1398 892 1501 957 Qui
1549 891 1875 947 verberibus
1909 893 2144 957 subacti,
2188 892 2373 947 bonis-

793 997 901 1050 que
926 982 1220 1050 publicatis
1253 997 1350 1052 per
1382 981 1619 1037 mediam
1654 985 1845 1039 urbem
1879 1000 2073 1054 pompa
2106 985 2369 1050 traducti,

791 1072 988 1126 exsilio
1046 1073 1271 1142 relegati
1332 1083 1481 1128 sunt.
1522 1075 1810 1130 Adductus
1842 1082 1900 1129 et
1949 1075 2061 1129 Leo
2112 1076 2374 1145 magister

792 1179 856 1218 ac
896 1165 1173 1232 legionum
1229 1166 1569 1222 domesticus
1611 1169 1665 1221 in
1729 1167 1957 1233 urbem,
1994 1168 2255 1251 muloque
2292 1170 2375 1222 in.

794 1256 979 1309 sidens
1035 1256 1350 1327 ignominiaa
1400 1274 1565 1313 causa
1613 1274 1711 1327 per
1772 1259 2013 1313 medium
2044 1258 2225 1313 forum
2265 1269 2373 1313 tra-

793 1346 1013 1401 ductus.

865 1463 1053 1516 32—53.
1098 1462 1241 1528 Quin
1271 1471 1326 1515 et
1354 1462 1463 1517 Zoe
1496 1465 1738 1534 Augusta
1762 1464 2106 1532 deprehensa
2140 1465 2372 1520 Romani

793 1548 919 1603 vita:
986 1565 1083 1618 per
1129 1550 1282 1604 cibos
1344 1552 1648 1607 medicatos
1707 1553 1874 1623 890
1934 1554 2226 1618 insidiari,
2277 1572 2376 1625 per

794 1639 1150 1695 Theocletem
1204 1641 1418 1695 servitii
1479 1643 1755 1697 notarium
1807 1644 2127 1698 instructos.
2197 1644 2377 1710 Quare

793 1727 939 1785 hanc
997 1745 1221 1800 quoque
1268 1731 1391 1785 aula
1454 1730 1724 1801 dejectam
1770 1732 1936 1802 inque
1984 1733 2226 1787 Petrium
2283 1734 2377 1787 ab-

791 1820 1016 1875 ductam
1068 1823 1125 1876 in
1171 1832 1372 1877 sancta:
1424 1823 1747 1894 Euphemiaa
1795 1824 2129 1879 monasterio
2177 1824 2376 1880 deton-

792 1913 1014 1968 derunt.

862 2031 951 2085 δέ.
1005 2030 1271 2086 lnvitatos
1309 2046 1443 2085 vero
1472 2032 1539 2085 ad
1572 2030 1865 2100 prandium
1908 2048 1938 2087 a
1964 2031 2374 2104 TheOphylacto

791 2121 1025 2191 patricio
1061 2131 1116 2176 et
1154 2121 1355 2175 stabuli
1392 2121 1595 2175 comite
1642 2120 1993 2175 Theodorum
2027 2120 2373 2175 Constantini

788 2213 1141 2283 imperatoris
1159 2212 1514 2283 paedagogum
1536 2214 1765 2282 ejusque
1794 2212 2022 2267 fratrem
2047 2211 2372 2283 Symeouem

790 2306 1074 2375 ingressus
1100 2305 1455 2359 cxcubiarum
1494 2305 1847 2375 drungarius,
1880 2304 2126 2358 Curcuas
2157 2320 2373 2358 nuncn-

787 2404 971 2464 patus,
1020 2410 1143 2449 cum
1176 2394 1350 2448 multo
1376 2394 1658 2457 satellitio,
1696 2404 1945 2463 arreptos
1975 2395 2128 2448 velut
2174 2395 2370 2449 adver-

790 2497 885 2536 sus
936 2483 1242 2537 Romanum
1289 2482 1691 2545 machinantes,
1734 2483 1800 2536 ad
1844 2483 2124 2552 Opsicium
2170 2483 2224 2536 in
2261 2484 2375 2537 suis

794 2575 1041 2643 ipsorum
1078 2573 1416 2629 suburbanis
1451 2574 1735 2643 relegavit.

859 2776 947 2828 55.
1029 2774 1230 2829 Mensis
1299 2774 1644 2845 Septembris
1694 2776 1783 2829 die
1848 2776 2111 2845 vigesima
2178 2785 2372 2845 quarta

789 2868 1072 2922 Romanus
1116 2866 1348 2922 Caesaris
1382 2867 1620 2921 donatur
1652 2867 1962 2937 dignitate;
2004 2869 2208 2922 mensis
2243 2885 2373 2923 vero

790 2957 1108 3011 Decembris
1142 2956 1230 3010 die
1261 2956 1478 3011 decimo
1529 2957 1783 3026 septimo.
1814 2957 2096 3011 Dominica
2126 2957 2370 3022 Patrum,

789 3064 912 3117 qua:
955 3061 1041 3102 cst
1085 3059 1213 3103 ante
1246 3050 1508 3114 natalem,
1549 3049 1819 3119 imperiali
1857 3058 2145 3104 stemmate
2173 3066 2201 3104 a
2228 3050 2372 3105 Con-

789 3140 1031 3195 stantino
1067 3141 1399 3209 imperatore
1424 3148 1477 3195 et
1506 3141 1730 3195 Nicolao
1774 3142 2086 3211 patriarcha
2115 3143 2370 3197 donatur.

790 3233 952 3288 Sexta
1004 3235 1187 3302 itaque
1246 3234 1516 3294 Januarii.
1566 3250 1689 3303 quae
1737 3235 1856 3287 dies
1888 3250 2042 3289 sacra
2074 3236 2370 3289 Lumiuum

790 3337 895 3389 est,
956 3342 1181 3380 uxorem
1236 3342 1391 3380 suam
1440 3327 1788 3381 Theodoram
1846 3328 2132 3397 Augustali
2167 3344 2373 3383 corona

790 3417 996 3485 donat;
1074 3418 1197 3474 Maii
1274 3435 1405 3474 vero
1460 3420 1673 3475 decima
1737 3420 2013 3490 septima,
2073 3420 2374 3475 indictione

790 3512 1003 3581 quinta,
1042 3510 1477 3581 Christophorus
1508 3512 1739 3567 Romani
1774 3512 1920 3568 ﬁlius
1954 3514 2252 3583 imperator
2284 3529 2373 3567 sa-

789 3603 1019 3667 lutatur,
1082 3619 1147 3658 ac
1204 3605 1293 3658 die
1342 3613 1542 3674 quarto
1591 3619 1756 3674 supra
1806 3605 2128 3675 vigesimum
2183 3608 2239 3661 in
2284 3605 2374 3659 die

790 3706 985 3751 sancto
1008 3697 1365 3751 Pcntecostcs
1389 3714 1419 3750 a
1462 3696 1827 3752 Constantino
1851 3698 2185 3767 imperatore
2212 3712 2374 3751 coro-

791 3795 987 3853 natur;
1042 3786 1317 3855 amboque
1364 3786 1418 3839 hi
1467 3786 1570 3842 soli
1616 3788 1671 3841 in
1718 3802 1783 3840 ea
1835 3801 2033 3856 pompa
2085 3801 2374 3856 processe-

790 3890 945 3936 runt.

864 3973 983 4025 1-2.
1032 3971 1196 4026 Junio
1230 3978 1414 4026 autem
1449 3985 1660 4036 mense,
1710 3973 2010 4028 indictione
2039 3982 2251 4037 octava,
2284 3971 2375 4027 die

792 4064 1099 4126 Dominico,
1159 4063 1299 4118 facta
1353 4063 1610 4119 Ecclesia:
1642 4064 1820 4120 unitio
1864 4072 1949 4119 est
1996 4065 2244 4119 Romano
2279 4078 2379 4117 au-

792 4167 981 4221 ctore,
1029 4158 1278 4227 unitique
1339 4167 1468 4212 sunt
1526 4173 1756 4220 omnes,
1806 4157 2167 4227 metropolitaz
2210 4156 2370 4226 891

792 4250 1000 4321 pariter
1027 4264 1093 4303 ac
1119 4250 1330 4315 clerici,
1364 4250 1459 4319 qui
1499 4265 1529 4303 a
1560 4249 1787 4305 Nicolao
1812 4259 1868 4304 et
1894 4248 2188 4318 Euthymio
2218 4247 2375 4302 scissi

791 4343 1093 4399 schismate
1126 4352 1307 4397 erant.

864 4453 917 4506 5.
970 4452 1174 4507 Octava
1232 4452 1543 4515 Februarii,
1597 4452 1898 4507 indictione
1950 4467 2113 4516 nona,
2150 4452 2376 4506 mittens

2476 619 2650 686 τούτῳ
2682 615 2777 668 καὶ
2810 617 2900 667 τὸν
2935 612 3381 683 βασιλεοπάτωρα
3426 610 3723 681 Ῥωμανόν.

2553 705 2637 779 [Ρ.
2670 704 2796 777 574]
2834 706 2935 760 λα’.
2977 703 3273 773 Αὐγούστῳ
3333 702 3387 755 δὲ
3431 704 3562 772 μηνὶ
3602 706 3969 775 κατεμηνύθη
4002 705 4069 757 τὰ

2480 798 2579 867 τῆς
2634 796 2927 865 ὲπιϐουλῆς
2984 795 3397 848 Κωνσταντίνου
3440 793 3537 847 τοῦ
3584 795 3945 865 Κτηματινοῦ
3981 799 4069 849 καὶ

2481 888 2647 942 Δαϐὶδ
2699 887 3082 957 Καμουλιανοῦ
3138 888 3233 939 καλ⁸
3304 886 3522 955 Μιχαὴλ
3580 890 3936 956 κουράτωρος
3970 887 4069 939 τῶν

2484 979 2819 1049 μαγγάνων·
2881 978 2977 1032 καὶ⁵
3035 978 3333 1046 τυφθέντες
3393 972 3662 1032 οὗτοικαὶ
3704 979 4069 1048 δημευθέντες

2478 1072 2565 1125 διὰ
2600 1070 2773 1141 μέσης
2798 1069 3013 1139 διῆλθον
3036 1070 3133 1138 τῆς
3168 1069 3373 1131 πόλεως
3426 1069 3518 1122 καὶ
3567 1069 3749 1139 ὲξορίᾳ
3781 1072 4070 1139 παρεπέμ-

2480 1163 2716 1233 φθησαν.
2772 1162 3018 1230 Ἥγαγον
3045 1161 3100 1213 δὲ
3147 1162 3241 1213 καὶ
3298 1161 3503 1213 Λέοντα
3535 1163 3835 1231 μάγιστρον
3860 1162 4070 1215 x1160-

2483 1258 2741 1328 μέστικον
2796 1256 2905 1310 τῶν
2958 1256 3163 1325 σχολῶν
3214 1259 3271 1309 ὲν
3312 1259 3379 1325 τῇ
3430 1255 3605 1319 πόλει,
3631 1257 3725 1310 καὶ
3758 1256 3986 1327 διῆλθεν
4017 1258 4070 1309 ὲν

2485 1349 2624 1419 μέσῃ
2657 1351 2722 1418 τῇ
2758 1348 2939 1417 άγορᾷ
2966 1347 3175 1417 ἡμιόνῳ
3207 1344 3556 1417 ἐφεζόμενος.

2551 1458 2766 1530 λβ¹υλγ’.
2809 1458 3097 1530 Ἐφωράθη
3129 1458 3185 1511 δὲ
3227 1460 3321 1511 καὶ
3362 1459 3481 1528 Ζωὴ
3512 1456 3801 1525 Αὐγούστα
3848 1458 4069 1510 ἐπιϐου-

2481 1547 2713 1601 λεύουσα
2759 1547 3023 1617 Ῥωμανῷ
3079 1547 3167 1600 διὰ
3218 1548 3701 1617 πεφαρμαγμένων
3761 1546 4070 1618 βρωμάτων

2481 1641 2585 1693 ὑπὸ
2619 1640 2922 1711 Θεοκλήτου
2959 1639 3211 1712 νοταρίου
3255 1640 3355 1710 τῆς
3382 1641 3685 1709 ὑπουργίας
3734 1644 4067 1694 σκευασθένο

2479 1751 2607 1786 των.
2636 1733 2746 1784 Καὶ
2796 1731 3004 1802 ταύτην
3054 1730 3149 1785 τοῦ
3182 1731 3443 1785 παλατίου
3483 1730 3957 1793 καταϐιϐάζουσιν
3988 1733 4070 1783 καὶ

2481 1826 2561 1889 εἰς
2604 1825 2665 1877 τὸ
2704 1824 2935 1895 Πετρίον
2992 1824 3288 1892 ἀπάγουσι,
3327 1825 3395 1894 τῇ
3441 1825 3541 1894 τῆς
3578 1823 3740 1891 άγίας
3775 1824 4069 1893 Εὑφημίας

2484 1920 2622 1987 μονῇ
2661 1915 3087 1985 άποκείραντες.

2546 2028 2639 2081 λδ¹.
2674 2027 3033 2099 Προσεκλήθη
3063 2028 3118 2079 δὲ
3175 2026 3327 2097 παρὰ
3362 2026 3748 2094 Θεοφυλάκτου
3777 2027 4047 2096 πατρικίο-

2476 2119 2573 2172 καὶ
2597 2119 2837 2190 κόμητος
2868 2118 2962 2172 τοῦ
2999 2119 3231 2171 στάϐλου
3277 2120 3357 2180 είς
3403 2119 3626 2187 ἄριστον
3656 2119 3684 2169 ό
3713 2117 4067 2184 παιδαγωγᾱ

2476 2211 2887 2264 Κωνσταντίνου
2908 2210 3171 2281 βασιλέως
3196 2209 3474 2279 Θεόδωρος
3495 2211 3588 2261 καὶ
3606 2208 3835 2278 Συμεὼν
3851 2210 3879 2261 ό
3908 2208 4069 2261 αύτοῦ

2475 2302 2725 2372 ἀδελφός.
2771 2302 3091 2356 Ἐσθιόντων
3124 2297 3217 2355 οὖν
3278 2300 3528 2369 εἰσῆλθεν
3573 2301 3830 2370 Ἰωάννης
3877 2301 4070 2369 δρουγ-

2474 2396 2669 2465 ’γάριος
2720 2395 2817 2465 τῆς
2871 2394 3060 2465 βίγλης
3119 2396 3148 2447 ὁ
3204 2392 3526 2463 Κουρκούας
3583 2393 3883 2461 λεγόμενος
3938 2393 4069 2461 μετᾶ

2476 2487 2733 2540 πλείστου
2762 2487 2917 2551 λαοῦ,
2953 2488 3043 2539 καὶ
3081 2484 3303 2547 τούτους
3346 2486 3669 2555 ἀναρπάσας
3700 2487 3781 2547 είς
3810 2484 3875 2535 τὸ
3927 2484 4071 2552 Ὀψί-

2477 2597 2591 2632 κιον
2628 2579 2889 2648 ἐξώρισεν
2940 2581 2998 2630 ἐν
3028 2580 3139 2639 τοῖς
3188 2577 3370 2630 αὐτῶν
3410 2576 3761 2646 προαστείοις
3806 2576 3883 2639 ὡς
3931 2577 4069 2629 κατὰ

2472 2672 2567 2725 τοῦ
2614 2670 2898 2739 Ῥωμανοῦ
2939 2670 3307 2741 μελετῶντας.

2547 2785 2639 2839 λε’.
2680 2788 2910 2856 Εἰκοστῇ
2945 2788 3178 2857 τετάρτῃ
3230 2785 3325 2839 τοῦ
3373 2784 3752 2855 Σεπτεμϐρίου
3787 2785 3964 2856 μηνὸς
3994 2802 4070 2837 τι·

2480 2880 2650 2947 μᾶται
2699 2879 2977 2947 Ῥωμανὸς
3012 2882 3079 2950 τῇ
3111 2878 3206 2931 τοῦ
3244 2879 3523 2952 Καίσαρος
3546 2881 3694 2949 ἀξία,
3730 2880 3829 2931 καὶ
3856 2882 4068 2947 Δεκεμ-

2477 2970 2615 3041 ϐρίῳ
2642 2972 2773 3041 μηνὶ
2805 2971 3006 3041 δεκάτῃ
3038 2971 3241 3043 ἑϐδόμῃ
3278 2975 3342 3042 τῇ
3390 2972 3499 3026 τῶν
3530 2972 3793 3042 Πατέρων
3814 2973 4067 3041 Κυριακῇ

2475 3062 2552 3131 τῷ
2573 3064 2671 3133 τῆς
2703 3062 2980 3131 βασιλείας
3012 3063 3270 3130 στέφεται
3304 3063 3596 3133 διαδήματι
3630 3063 3781 3132 παρὰ
3807 3062 4071 3132 βασιλέως

2477 3155 2885 3209 Κωνσταντίνου
2904 3153 3154 3225 γαμϐροῦ
3180 3155 3345 3207 αὐτοῦ
3373 3156 3467 3209 καὶ
3499 3155 3770 3209 Νικολάου
3799 3157 4069 3224 πατριάρ-

2481 3264 2613 3316 χου,
2680 3247 2770 3299 καὶ
2851 3247 3183 3316 Ἰανουαρίου
3239 3253 3327 3310 ς’,
3398 3250 3464 3317 τῇ
3535 3248 3643 3299 τῶν
3707 3248 3883 3314 άγίων
3956 3246 4069 3298 Φώ-

2480 3355 2588 3390 των
2617 3340 2824 3409 ἡμέρα,
2886 3338 3073 3404 στέφει
3126 3336 3412 3408 Θεοδὼραν
3442 3338 3543 3409 τὴν
3594 3340 3835 3406 γυναῖκα
3883 3337 4066 3391 αὐτοῦ.

2480 3428 2642 3496 Μαΐῳ
2662 3428 2718 3480 δὲ
2755 3428 2886 3497 μηνὶ
2920 3427 3006 3491 ιζ’,
3044 3426 3377 3490 ίνδικτιῶνος
3405 3435 3468 3493 ε’,
3502 3429 3877 3500 Χριποφὸρος
3903 3431 3931 3481 ὁ
3961 3430 4069 3489 uia;

2492 3518 2775 3588 Ῥωμανοῦ
2836 3518 3234 3589 ἀναγορεύεται
3290 3519 3568 3590 βασιλεὺς,
3618 3522 3879 3589 στέφεται
3921 3520 4068 3588 δὲτῇ

2482 3612 2557 3663 κδ’
2588 3610 2681 3663 τοῦ
2714 3612 2879 3666 αὐτοῦ
2912 3613 3082 3681 μηνὸς
3142 3612 3293 3683 παρὰ
3328 3612 3747 3667 Κωνσταντίνου
3780 3613 4067 3682 βασιλέως,

2482 3704 2546 3771 τῇ
2569 3703 2668 3770 τῆς
2704 3703 2863 3769 ἁγίας
2898 3703 3280 3772 Πεντηκοστῆς
3333 3702 3551 3773 ἡμέρα·
3590 3705 3683 3755 καὶ
3726 3704 3881 3771 μόνοι
3927 3695 4069 3756 οὗτοι

2482 3796 2529 3845 οί
2555 3794 2648 3846 δύο
2676 3795 2735 3847 ὲν
2765 3794 2941 3866 ταύτῃ
2964 3798 3029 3865 τῇ
3063 3794 3385 3867 προελεύσει
3419 3794 3710 3866 προῆλθον.

2551 3975 2703 4044 α’-β’.
2740 3975 2941 4044 Ἰουνίῳ
2966 3976 3023 4029 δὲ
3055 3975 3205 4045 μηνὶ,
3234 3973 3566 4037 ίνδικτιῶνος
3601 3972 3672 4044 η’,
3713 3974 3907 4043 ἡμέρᾳ⁵
3958 3974 4068 4025 Κυ-

2486 4071 2670 4138 ριακῇ,
2705 4070 2736 4137 ἡ
2764 4067 2864 4136 τῆς
2916 4067 3243 4137 Ἐκκλησίας
3270 4068 3496 4135 γέγονεν
3521 4066 3717 4129 ἓνωσις
3746 4068 3905 4135 παρὰ
3936 4066 4065 4119 Ῥω-

2487 4163 2679 4235 μανοῦ,
2706 4163 2963 4217 ἁπάντων
2990 4160 3331 4226 ἑνωθέντων,
3392 4158 3818 4229 μητροπολιτῶν
3867 4175 3927 4211 τε
3982 4158 4067 4210 καὶ

2484 4254 2785 4324 κληρικῶν,
2818 4253 2926 4306 τῶν
2960 4252 3069 4305 ἀπὸ
3092 4250 3367 4306 Νικολάου
3396 4248 3744 4320 πατριάρχου
3777 4251 3881 4302 καὶ
3902 4249 4068 4302 E560-

2487 4346 2609 4414 μίου
2639 4345 2716 4397 διε
2726 4345 3059 4413 σχισμένων.

2553 4466 2624 4528 γ’.
2672 4458 2863 4529 Ὀγδόῃ
2915 4458 2973 4511 δε
3022 4456 3377 4527 Φεϐρουαρίῳ
3435 4456 3587 4526 μηνὶ,
3639 4455 3979 4515 ίνὸικτιῶνος
4008 4451 4065 4517 θ’,

792 4542 1076 4596 Romanus
1115 4541 1455 4611 Stephanum
1480 4541 1802 4596 Calomariaa
1835 4540 2029 4604 ﬁlium,
2054 4540 2211 4610 quasi
2237 4539 2374 4594 alle-

2482 4551 2808 4613 ἁποστείλας
2856 4549 3137 4620 Ῥωμανὸς
3187 4548 3274 4621 [Ρ.
3310 4547 3442 4619 575]
3484 4546 3808 4617 ὑπερορίζει
3849 4548 3942 4599 τὸν
3978 4548 4070 4614 tti-

793 4633 923 4685 ctati
974 4647 1133 4684 reum
1184 4632 1446 4701 imperii,
1514 4632 1569 4684 in
1622 4631 1881 4701 Antigoni
1944 4631 2181 4685 insulam
2233 4630 2377 4685 exsi-

793 4724 869 4777 lio
916 4724 1158 4791 relegat,
1210 4724 1584 4793 detondetque
1633 4727 1962 4779 monachum
2017 4738 2144 4777 cum
2198 4722 2378 4777 Theo-

794 4816 980 4884 phanc,
1021 4816 1273 4869 Tichiota
1308 4825 1364 4869 et
1397 4817 1570 4872 Paulo
1600 4815 2066 4889 Orphanotropho
2094 4815 2244 4869 illius
2273 4815 2374 4868 do-

794 4910 1065 4965 mesticis.

864 5112 919 5164 4.
988 5111 1268 5167 Romanus
1290 5113 1611 5182 imperator,
1645 5115 1876 5171 solemni
1912 5117 1980 5171 ad
2017 5118 2375 5173 tribunalium

800 5218 1085 5271 processu,
1122 5204 1338 5261 cunctis
1368 5206 1483 5261 illic
1518 5207 1839 5264 cohortibus
1880 5226 2005 5264 cum
2046 5213 2212 5267 armis
2247 5228 2379 5267 con-

793 5295 1053 5363 gregatis,
1106 5296 1491 5366 recensitoque
1534 5300 1780 5353 exercitu
1840 5312 2065 5371 repente
2097 5303 2378 5359 Romanus

795 5398 850 5441 et
878 5386 1278 5443 Constantinus
1320 5390 1577 5445 celeriter
1626 5392 1692 5446 ad
1741 5393 2001 5463 palatium
2048 5396 2374 5451 redierunt:

794 5477 1011 5534 delatus
1066 5480 1215 5535 enim
1272 5481 1537 5537 Arsenius
1585 5499 1616 5538 a
1674 5484 1860 5540 Leone
1906 5487 2025 5557 ejus
2072 5487 2277 5543 famulo
2323 5498 2379 5544 et

796 5571 1002 5627 Paulus
1033 5575 1366 5645 manglabita
1401 5576 1631 5631 insidias
1663 5588 1909 5645 struere;
1939 5597 2110 5651 quare
2134 5582 2379 5637 verberi-

799 5658 903 5715 bus
952 5661 1168 5716 subacti
1222 5665 1492 5735 bonisque
1555 5668 1845 5736 publicatis
1905 5671 2101 5725 exsilio
2154 5674 2375 5743 relegati

798 5761 948 5806 sunt.
977 5753 1104 5808 Erat
1152 5765 1281 5811 tunc
1324 5758 1774 5815 administranda:
1805 5762 2119 5831 reipublicae
2162 5765 2379 5835 adjutor

798 5856 864 5905 ac
900 5844 1155 5903 minister
1195 5849 1424 5907 intimus
1456 5852 1696 5908 Joannes
1738 5855 2025 5926 presbyter
2077 5869 2278 5915 rector.
2327 5861 2377 5916 Is

2480 4660 2703 4713 γιστρον
2726 4642 2997 4709 Στέφανον
3036 4640 3125 4694 τὸν
3172 4641 3271 4707 τῆς
3304 4639 3663 4710 Καλομαρίας
3693 4639 3773 4700 εἰς
3804 4637 3909 4708 τὴν
3958 4640 4069 4689 ’Δνο

2477 4735 2694 4803 τιγόνου
2725 4734 2888 4803 νῆσον
2914 4733 2990 4796 ὼς
3013 4733 3112 4800 τῆς
3142 4732 3421 4803 βασιλείας
3452 4729 3702 4800 ἐφίεσθαι
3752 4746 4070 4799 κατηγορη-

2480 4825 2663 4885 θέντα.
2724 4824 2957 4895 μοναχὸν
3004 4824 3169 4879 αὑτὸν
3222 4823 3527 4891 ἀποκείρας
3602 4822 3720 4892 ἅμα
3808 4822 4070 4889 Θεοφάνει

2480 4917 2750 4991 Τειχιώτῃ
2807 4918 2903 4971 καὶ
2960 4917 3160 4989 Παύλῳ
3224 4915 3688 4987 Ὀρφανοτρόφῳ,
3754 4914 4070 4985 ἀνθρώποις

2479 5014 2666 5069 αὑτοῦ.

2552 5128 2614 5183 δ’.
2654 5127 2907 5199 Ἐποίησε
2958 5127 3015 5180 δὲ
3053 5125 3334 5196 Ῥωμανὸς
3384 5123 3638 5194 βασιλεὺς
3665 5123 3725 5175 ἒν
3756 5122 3837 5191 τῷ
3859 5122 4071 5192 τριϐουο

2480 5221 2646 5291 ναλίῳ
2672 5220 2993 5290 πρόκενσον,
3040 5218 3397 5287 συνηγμένων
3440 5216 3697 5269 ἁπάντων
3737 5216 3925 5266 ὲκείσε
3961 5212 4071 5282 μεθ’

2480 5312 2679 5366 ὅπλων.
2706 5310 2813 5363 Τοῦ
2844 5309 3136 5380 άδνουμίου
3169 5309 3227 5362 δὲ
3278 5308 3572 5378 γενομένου
3622 5307 3896 5376 αἰφνίδιον
3941 5306 4069 5357 Ῥω-

2484 5403 2654 5473 μανὸς
2680 5403 2769 5456 καὶ
2804 5403 3217 5465 Κωνσταντῖνος
3271 5401 3428 5470 τάχει
3476 5399 3656 5469 πολλῷ
3688 5400 3767 5460 είς
3803 5399 3869 5450 τὸ
3902 5397 4069 5449 παλά-

2479 5512 2593 5549 τιον
2649 5493 3117 5564 ὑποστρέφουσιν·
3174 5492 3420 5563 ἐμηνύθη
3481 5490 3590 5559 γὰρ
3642 5490 3797 5559 παρὰ
3844 5488 4069 5545 Λέοντος

2481 5587 2771 5657 ἀνθρώπου
2843 5586 2937 5640 τοῦ
3012 5588 3289 5657 Ἀρσενίου
3343 5589 3376 5656 ἡ
3411 5585 3576 5639 αὑτοῦ
3636 5583 3731 5635 τοῦ
3787 5584 4069 5651 ’Ᾱρσενξου

2481 5679 2741 5748 ἐπιϐουλὴ
2794 5681 2889 5732 καὶ
2925 5679 3138 5732 Παύλου
3173 5678 3572 5747 μαγκλαϐίτου,
3618 5676 3667 5729 οἵ
3710 5675 3811 5728 καὶ
3840 5677 4069 5741 τυςθέν-

2481 5789 2569 5835 τες
2599 5772 2693 5825 καὶ⁵
2721 5770 3084 5842 δημευθέντες
3104 5770 3499 5841 ὲξωρίσθησαν.
3521 5764 3633 5822 Ἦν
3662 5767 3722 5821 δὲ
3748 5769 3875 5822 τότε
3898 5784 4069 5837 παραυ

2479 5858 2821 5917 δυναστεύων
2859 5861 2888 5914 ό
2925 5860 3298 5925 ποεσϐύτεοος
3337 5861 3589 5931 Ἰωάννης
3636 5861 3663 5913 ὁ
3696 5858 3977 5930 ραίκτωρ.
4018 5856 4068 5916 55'
