4158 6438
191 425 295 488 953

1286 426 1478 486 λ’[ΤιΕ
1516 380 2068 490 ΗΕΕΕΝΤΙΟίὶύΜ
2111 429 2303 491 IMPI’.

3326 433 3430 493 954

184 541 387 593 Λέοντα
410 536 499 589 τὸν
523 536 614 591 τοῦ
659 539 934 609 Ἀρσενίου
958 540 1212 609 ἐποίησεν
1244 540 1652 611 ὲϐδομαδάριον,
1675 541 1751 610 τῷ

1876 558 2096 597 .οοιιριιι
2133 546 2348 599 Arsenii
2380 545 2740 600 domesticum
2767 546 2893 600 fecit
2923 544 3435 603 hebdomadarinm.

187 631 394 698 βασιλεί
414 630 602 683 τοῦτον
631 631 1080 700 προσοικειώσας.

255 813 318 868 ε’.
367 816 614 883 Ἐγένετο
638 817 695 870 δέ
724 836 805 881 τις
857 818 1165 884 Ῥεντάκιος
1200 822 1257 873 ἐν
1295 818 1528 886 Ἑλλάδι,
1566 840 1758 891 συγγε-

186 908 283 977 νὴς
304 908 379 962 ὢν
407 910 622 980 Νικήτα
645 911 956 981 πατρικίου,
991 913 1314 974 ἀπαίδευτός
1340 933 1396 967 τε
1427 917 1521 967 καὶ
1556 934 1762 987 πατρα-

188 998 362 1062 λοίας,
396 1001 457 1063 ὃς
484 1001 577 1053 τὸν
615 1002 811 1055 ἑαυτοῦ
845 1003 1054 1075 πατέρα
1084 1006 1434 1059 καταδιώκων
1481 1007 1756 1073 φονεῦσαι,

184 1093 489 1163 ἐπειδήπερ
518 1098 721 1158 ἐκεῖνος
772 1098 991 1165 φεύγων
1046 1099 1209 1151 αὐτοῦ
1257 1099 1354 1168 τὴν
1407 1099 1652 1153 ἐπίθεσιν
1705 1103 1762 1154 ἐν

186 1188 361 1255 πλοίῳ
383 1188 639 1240 εἰσελθὼν
670 1190 883 1253 ἐξέπλει
918 1191 1012 1243 καὶ
1037 1191 1185 1259 παρὰ
1222 1192 1330 1244 τῶν
1362 1193 1595 1261 Κρητῶν
1636 1212 1763 1246 κατ-

187 1278 415 1348 εσχέθη,
442 1271 598 1341 οὗτος
633 1282 660 1333 6
698 1279 1009 1343 Ῥεντάιιιος
1056 1283 1240 1335 ἄδειαν
1269 1282 1449 1353 εὑρὼν
1481 1284 1660 1336 πάντα
1697 1286 1765 1336 τὰ

186 1371 285 1424 τοῦ
315 1372 518 1438 πατρὸς
543 1371 707 1425 αὐτοῦ
742 1373 1017 1441 ὲληῖσατο,
1048 1374 1142 1426 καὶ
1172 1377 1229 1426 ἐν
1261 1377 1326 1443 τῇ
1354 1374 1506 1426 πόλει
1528 1375 1765 1427 ἀνελθὼν

187 1466 256 1533 τῇ
286 1464 517 1533 Μεγάλῃ
575 1462 668 1517 τοῦ
717 1464 851 1517 Θεοῦ
902 1466 1169 1535 ἐκκλησίᾳ
1224 1468 1587 1536 προσέφυγεν.
1633 1467 1766 1519 Ῥω-

192 1555 364 1624 μανὸς
383 1556 437 1607 δὲ
456 1558 483 1607 6
509 1556 886 1623 ﬂaatlsbg‘rclt;
911 1558 1074 1611 αὐτοῦ
1104 1558 1329 1623 ἀταξίας
1358 1562 1450 1610 καὶ
1477 1559 1766 1629 λεηλασίας

187 1647 528 1716 καταμαθὼν
550 1647 738 1701 τοῦτον
765 1649 867 1717 τῆς
917 1649 1215 1719 ἐκκλησίας
1273 1650 1566 1718 ἐξαγαγεῖν
1616 1653 1769 1704 ἐϐου-

186 1736 430 1791 λεύσατο
454 1739 550 1791 καὶ
571 1738 883 1792 παιδεῦσαι.
913 1740 972 1792 '0
992 1741 1048 1793 δὲ
1076 1741 1291 1810 ψευδεῖς
1313 1744 1600 1806 ἐπιστολὰς
1634 1746 1769 1814 πρὸς

188 1828 542 1899 Βουλγὰρους
580 1831 929 1902 πλασάμενος
966 1834 1099 1905 πρὸς
1130 1836 1325 1897 αὐτοὺς
1344 1836 1386 1866 δ’
1404 1837 1771 1907 αὐτομολῆσαι

186 1921 573 1977 ἐϐουλεύσατο.
596 1924 902 1993 Κρατηθεὶς
924 1925 980 1977 δὲ
1012 1926 1105 1979 καὶ
1132 1927 1410 1997 ἐλεγχθεὶς
1437 1931 1561 1992 τοὺς
1575 1930 1773 1997 ὀφθαλ-

189 2012 334 2081 μοὺς
368 2002 777 2082 ἀποστερεῖται.

269 2102 349 2167 ς’.
389 2105 510 2158 Τῶν
541 2107 597 2159 δὲ
638 2106 964 2175 Βονλγάρων
1016 2107 1179 2171 πάλιν
1215 2108 1578 2174 ἐξελασάντων
1613 2111 1772 2181 μέχρι

188 2197 595 2267 Κατασυρτῶν,
647 2201 789 2268 μετὰ
817 2200 872 2252 δὲ
925 2200 1024 2270 τὴν
1056 2201 1373 2267 δομεστίκου
1419 2204 1770 2272 Ἀδρελαστοῦ

187 2289 477 2359 τελευτὴν,
535 2291 847 2363 προεϐλήθη
899 2292 1069 2356 Πόθος
1106 2294 1134 2344 6
1176 2294 1271 2346 τοῦ
1314 2295 1581 2364 ’Λργυροῦ
1617 2296 1766 2365 δομέ·

189 2398 385 2442 στικος
415 2382 523 2435 τῶν
553 2383 781 2453 σχολῶν,
844 2385 938 2437 καὶ
989 2386 1151 2454 μέχρι
1195 2386 1591 2455 Θερμοπόλεως
1636 2388 1773 2456 μετὰ

186 2472 304 2524 τῶν
334 2473 631 2540 ταγμάτων
650 2474 879 2541 ἐξελθὼν
906 2477 1190 2528 ἀπέστειλε
1221 2477 1437 2545 Μιχαὴλ
1456 2477 1545 2530 τόν
1575 2480 1773 2548 Μωρο-

184 2564 411 2627 λέοντος
465 2568 582 2619 υἱὸν
638 2569 1018 2639 τοποτηρητὴν
1078 2568 1205 2621 ὄντα
1258 2570 1383 2633 τοὺς
1432 2570 1770 2638 Βουλγάρους

186 2659 710 2725 κατασκοπήσοντα.
764 2661 825 2713 '0
863 2660 919 2713 δὲ
959 2661 1281 2730 ἁπροόπτως
1316 2661 1392 2729 τῷ
1425 2661 1566 2731 λόχῳ
1595 2663 1772 2715 αὐτῶν

186 2746 455 2799 εἰσελθὼν
484 2747 592 2801 ἔσω
644 2748 870 2812 πολλοὺς
903 2749 1001 2818 μὲν
1028 2749 1138 2802 τῶν
1174 2749 1499 2819 Βουλγάρων
1531 2752 1764 2815 ἀνεῖλεν,

187 2838 431 2905 πληγελς
467 2840 523 2892 δὲ
550 2839 645 2892 καὶ
678 2840 842 2903 αὐτὸς
896 2841 1157 2895 εἰσελθὼν
1190 2844 1248 2895 ὲν
1285 2845 1348 2911 τῇ
1381 2844 1530 2895 πόλει
1560 2843 1773 2896 ἐτελεύ-

183 2948 257 3001 τη
268 2948 383 2985 σεν.

263 3018 335 3084 ζ’-
380 3020 656 3093 Ἐμηνύθη
680 3023 737 3075 δὲ
760 3022 883 3077 τότε
932 3023 1020 3077 διὰ
1049 3023 1352 3094 Θεοκλήτου
1395 3025 1646 3095 νοταρίου
1674 3025 1773 3095 τῆς

186 3114 505 3184 ὑπουργίας
534 3116 567 3181 ἡ
601 3115 745 3169 κατὰ
788 3116 1073 3185 Ῥωμανοῠ
1102 3117 1196 3170 τοῦ
1220 3117 1480 3187 βασίλεως
1510 3118 1769 3188 ἐπιϐουλὴ

1860 637 2177 703 imperatori
2244 638 2634 693 commendans
2702 639 2865 707 inque
2915 641 3030 709 (jus
3075 638 3302 709 gratiam
3356 639 3427 691 in-

1858 744 2103 781 SlllllilllS.

1932 823 1981 873 ὃ.
2040 821 2161 874 Fuit
2190 822 2484 875 Rentacius
2510 822 2729 891 quidam
2768 822 2820 874 in
2847 819 3076 881 Grmcia,
3110 821 3312 874 Nicetae
3340 835 3405 888 pa
3430 850 3437 857 -

1864 915 2022 967 tricio
2059 914 2342 981 sanguinis
2387 915 2796 985 necessitudine
2854 914 3218 983 conjunctus,
3273 913 3439 965 homo

1864 1004 2106 1057 insolens
2156 1015 2210 1058 et
2260 1005 2550 1073 parricida.
2609 1005 2657 1058 ls
2714 1021 2835 1059 cum
2882 1014 3088 1073 patrem
3144 1018 3335 1058 necem
3385 1004 3437 1058 ei

1864 1097 2117 1150 illaturus
2158 1109 2602 1167 persequeretur,
2647 1116 2709 1152 ac
2745 1109 2898 1167 pater
2951 1100 3099 1155 illius
3140 1104 3250 1156 vim
3284 1102 3436 1158 furu-

1864 1207 2095 1260 remque
2126 1193 2411 1244 dc-clinans
2452 1209 2752 1248 conscensa
2790 1197 2911 1247 navi
2942 1211 2968 1249 a
2991 1196 3278 1253 Saracenis
3310 1196 3417 1252 Cre

1867 1284 2115 1337 tensibus
2153 1284 2294 1336 inter
2338 1285 2699 1353 navigandum
2753 1286 2945 1339 fuisset
2981 1296 3194 1355 captus,
3236 1299 3435 1343 nactus

1867 1374 2145 1428 licentiam
2208 1375 2377 1444 patris
2427 1377 2608 1428 omnia
2663 1377 2895 1445 diripuit
2951 1387 3116 1445 alque
3185 1380 3439 1439 vastavit.

1867 1468 2171 1535 urbemque
2228 1475 2418 1536 petens
2467 1468 2520 1520 in
2567 1468 2811 1537 Magnam
2857 1469 2946 1522 Dei
2978 1472 3269 1523 ecclesiam
3313 1488 3437 1540 pro-

1867 1558 2026 1627 fugit.
2084 1559 2365 1612 Romanus
2418 1573 2545 1612 vero
2599 1558 2896 1627 imperator
2930 1601 2943 1623 ,
2994 1561 3158 1630 892
3222 1561 3440 1630 cognita

1871 1650 2109 1705 hominis
2154 1653 2452 1719 petulantia
2506 1668 2569 1706 ac
2626 1654 2868 1722 rapinis,
2922 1656 3154 1708 ecclesia
3200 1654 3439 1710 educere

1871 1744 2416 1813 statueratjustaquc
2448 1745 2929 1798 animadversione
2959 1745 3176 1813 punire.
3229 1746 3299 1800 At
3349 1746 3441 1800 ille

1873 1830 2024 1885 falsis
2073 1832 2138 1885 ad
2181 1832 2442 1902 Bulgaros
2491 1834 2758 1888 confectis
2806 1835 3006 1889 litteris
3041 1835 3107 1889 ad
3152 1836 3277 1889 illos
3311 1852 3444 1890 con-

1877 1924 2063 1993 fugere
2109 1924 2528 1979 deliberaverat.
2574 1926 2779 1980 'l‘entus
2821 1927 3002 1995 itaque
3044 1941 3107 1981 ac
3156 1926 3442 1983 convictus

1874 2016 2093 2071 amissis
2128 2018 2427 2071 luminibus
2456 2018 2575 2071 luit.

1945 2108 1996 2162 6.
2052 2109 2297 2179 Bulgaris
2350 2122 2531 2163 autem
2591 2111 2657 2164 ad
2721 2110 3031 2182 Catasyrtas
3093 2128 3262 2182 usque
3323 2124 3445 2182 post

1876 2196 2145 2250 Adrelasti
2180 2198 2459 2250 domestici
2492 2212 2744 2250 occasum
2782 2198 2963 2251 denuo
2996 2199 3440 2263 excurrentibus,

1875 2288 2083 2342 Pothus
2116 2291 2356 2360 Argyrus
2388 2290 2698 2343 scholarum
2736 2290 3071 2344 domesticus
3110 2290 3441 2359 praeficitur;

1874 2383 2174 2451 castrisque
2206 2382 2269 2436 ad
2320 2383 2728 2451 Thermopolim
2770 2384 2961 2452 positis
2981 2384 3295 2438 Michaelem
3327 2384 3443 2438 Mo-

1874 2474 2115 2528 ruleonis
2149 2475 2318 2527 lilium
2359 2476 2591 2544 legatum
2624 2476 2915 2545 Bulgarum
2954 2486 3161 2530 motum
3193 2478 3443 2546 explora—

1875 2575 1990 2620 tum
2025 2568 2193 2619 misit.
2251 2567 2301 2621 Is
2342 2568 2637 2637 improvise
2692 2569 2744 2621 in
2783 2568 3139 2638 Bulgarorum
3190 2570 3448 2639 delapsus

1874 2676 2110 2714 cuneum
2133 2661 2354 2715 multam
2382 2662 2601 2730 quidem
2626 2661 3147 2732 Bulgarorumdedit
3168 2675 3405 2732 stragem
3430 2683 3444 2717 :

1873 2768 2063 2806 verum
2108 2753 2224 2822 ipse
2254 2769 2473 2823 quoque
2510 2763 2734 2823 accepto
2764 2755 2991 2809 vulnere
3032 2755 3087 2808 in
3126 2754 3320 2809 urbem
3358 2755 3446 2809 in-

1873 2858 2095 2913 gressus
2126 2854 2373 2898 mortuus
2399 2853 2502 2898 CSl.

1942 3020 1994 3074 7.
2029 3020 2108 3074 Eo
2142 3030 2387 3088 tempore
2408 3020 2637 3074 detectae
2664 3035 2692 3073 a
2716 3019 3014 3073 Theocleto
3038 3016 3202 3073 omcii
3234 3018 3451 3074 notario

1874 3122 2095 3168 structa:
2151 3114 2396 3168 Ruinano
2431 3112 2751 3181 imperatori
2793 3113 3004 3166 insidiae
3030 3112 3299 3167 Anastasii
3356 3126 3447 3166 sa-

200 3206 568 3258 Ἀναστασίου
618 3207 978 3278 σακε).λαρίου
1031 3210 1122 3261 καὶ
1154 3209 1414 3278 ἄρχοντος
1448 3208 1544 3262 τοῦ
1572 3227 1765 3279 χρυσο-

1876 3207 2077 3261 cellarii
2131 3215 2187 3260 et
2250 3206 2553 3260 aurificinae
2612 3205 2892 3275 praepositi
2927 3243 2941 3266 ,
3009 3211 3066 3257 et
3125 3201 3452 3257 Theodoriti

187 3299 401 3369 χοείου,
429 3302 521 3355 καὶ
542 3301 891 3373 Θεοδωρήτου
941 3304 1279 3369 κοιτωνίτου,
1318 3306 1410 3358 καὶ
1454 3306 1766 3376 Δημητρίου

190 3393 485 3463 βασιλικοῦ
547 3396 798 3466 νοταρίου
845 3396 941 3449 τοῦ
977 3396 1205 3460 εἰδικοῦ,
1237 3398 1329 3450 καὶ
1377 3399 1643 3452 Νικολάου
1676 3401 1769 3453 τοῦ

185 3484 518 3553 Κουϐάτζη,
553 3488 648 3540 καὶ
671 3486 925 3541 Θεοδότου
956 3490 1406 3558 πρωτοκαράϐου,
1449 3491 1498 3542 οἳ
1520 3492 1609 3544 καὶ
1632 3492 1771 3562 ὑπὲρ

188 3580 616 3633 Κωνσταντίνου
658 3579 921 3650 βασιλέως
955 3580 1113 3649 δῆθεν
1154 3581 1488 3645 ἐσπούδαζον
1513 3600 1524 3611 ·
1566 3583 1658 3635 καὶ
1708 3583 1771 3652 δὴ

184 3673 544 3740 ἐλεγχθέντες
581 3672 893 3743 ὲτύφθησαν
940 3672 1034 3724 καὶ
1061 3674 1118 3725 ἐν
1158 3674 1224 3742 τῇ
1274 3675 1413 3744 μέσῃ
1444 3674 1654 3743 διῆλθον
1680 3676 1774 3728 καὶ

187 3765 300 3821 ὐπε
311 3765 483 3836 ρόριοι
509 3766 871 3835 κατέστησαν.
903 3764 961 3816 '0
982 3764 1037 3817 δὲ
1054 3764 1394 3835 Θεοδώρητος
1410 3765 1489 3837 [Ρ.
1512 3766 1637 3837 576]
1670 3767 1774 3839 ἰδίᾳ

189 3857 257 3909 ἑν
314 3857 395 3926 τῷ
450 3857 729 3926 λεγομένῳ
787 3857 1076 3928 Τρικόγχῳ
1106 3856 1201 3911 τοῦ
1236 3859 1502 3911 παλατίου
1551 3859 1774 3926 τυφθεὶς

187 3951 295 4003 καὶ
340 3950 503 4011 αὐτὸς
535 3949 829 4021 ἐξωρίσθη.
869 3950 974 4004 Τδν
1001 3951 1058 4003 δὲ
1112 3950 1469 4021 σακελλάριον
1512 3953 1776 4008 Ἀναστά-

188 4061 319 4097 σιον
342 4043 643 4112 άπέκειραν
676 4043 734 4095 ἐν
769 4046 837 4113 τῇ
873 4046 1006 4113 μονῇ
1056 4043 1163 4095 τῶν
1201 4043 1498 4112 Ἐλεγμῶν,
1533 4044 1658 4099 ἔνθα
1685 4050 1780 4102 καὶ

186 4138 450 4207 τελευτᾷ.
478 4137 589 4204 Τῆς
614 4136 869 4205 τοιαύτης
887 4136 942 4189 δὲ
962 4139 1287 4206 προφάσεως
1312 4138 1609 4207 λαϐόμενος
1649 4141 1782 4192 Ῥω-

192 4229 377 4298 μανδς
431 4229 524 4281 τὸν
570 4228 797 4297 βασιλέα
852 4230 1260 4282 Κωνσταντῖνον
1310 4230 1629 4293 ύποϐιϐάζει
1686 4234 1781 4285 καὶ

187 4321 457 4389 δεύτερον
511 4320 862 4390 καθίστησιν,
912 4320 1077 4373 αὑτὸν
1121 4320 1178 4373 δὲ
1222 4322 1453 4391 προάγει
1485 4323 1564 4384 εἰς
1596 4320 1654 4373 τὸ
1686 4320 1785 4392 έμ-

188 4412 463 4481 προσθεν.

266 4504 403 4573 ηοθ¹.
422 4502 805 4570 Ἐκστρατεύει
822 4502 876 4555 δὲ
896 4503 1056 4555 πάλιν
1071 4503 1298 4572 Συμεὼν
1314 4505 1453 4557 κατὰ
1469 4503 1778 4575 Ῥωμαίων,

186 4596 298 4652 καὶ
329 4596 513 4666 πλήθη
546 4596 872 4665 Βουλγάρων
900 4596 1227 4660 ἀποστείλας
1246 4597 1359 4666 ἅμα
1389 4600 1659 4667 Καυκάνῳ
1682 4601 1777 4653 καὶ

184 4688 438 4759 nam;th
482 4688 578 4740 καὶ
610 4689 835 4756 ἑτέροις,
872 4688 1127 4741 ἐκέλευσε
1162 4688 1303 4741 κατὰ
1332 4690 1431 4757 τῆς
1463 4690 1671 4750 πόλεως
1696 4691 1777 4742 ὅτι

184 4782 435 4851 τάχιστα
486 4780 812 4845 ἐξελαύνειν.
870 4781 1178 4843 Διελθόντες
1210 4780 1302 4833 οὖν
1353 4774 1496 4834 οὗτοι
1544 4781 1631 4835 διὰ
1669 4781 1777 4835 τῶν

184 4874 344 4943 ὀρῶν
378 4868 540 4942 ἦλθον
571 4871 733 4941 μέχρι
792 4872 901 4925 τῶν
949 4873 1276 4941 Μαγγλαϐἄ.
1326 4874 1435 4943 Τὴν
1491 4874 1670 4926 αὐτῶν
1721 4875 1777 4927 δὲ

186 4964 392 5035 ἔφοδον
418 4963 606 5033 μαθὼν
638 4966 665 5016 ὁ
701 4964 951 5033 βασιλεὺς
986 4964 1285 5033 Ῥωμανὸς,
1314 4965 1668 5035 λογισάμενος
1704 4966 1778 5037 μὴ

183 5059 267 5113 τὰ
296 5057 410 5109 τῶν
441 5057 640 5126 Πηγῶν
667 5058 903 5111 παλάτια
953 5059 1045 5110 καὶ
1092 5057 1153 5110 τὸ
1207 5060 1398 5111 Στενὸν
1427 5058 1780 5122 κατελθόντες

186 5148 586 5218 ἑμπρήσωσιν,
636 5148 887 5217 Ἰωάννην
950 5148 1235 5219 ῥαίκτωρα
1289 5149 1609 5202 ἀποστέλλει
1664 5151 1781 5219 ἅμα

186 5240 397 5293 Λέοντι
421 5239 516 5290 καὶ
550 5239 707 5308 Πόθῳ
738 5241 850 5302 τοῖς
888 5241 1172 5308 Ἀργυροίς
1198 5241 1533 5311 λεγομένοις,
1557 5242 1780 5311 ἔχοντας

190 5330 325 5400 μεθ’
357 5329 569 5382 ἑαυτῶν
600 5330 799 5397 πλῆθος
832 5333 1016 5385 ἱκανὸν
1043 5333 1106 5386 ἔκ
1137 5350 1196 5385 τε
1232 5333 1339 5386 τῶν
1371 5334 1665 5404 βασιλικῶν
1689 5337 1781 5387 καὶ

183 5421 298 5501 τῇς
358 5421 637 5490 ἑταιρείας
666 5422 761 5475 καὶ
804 5422 911 5475 τῶν
965 5425 1279 5495 ταγμάτων.
1332 5420 1427 5488 Οἷς
1493 5426 1656 5494 συνῆν
1688 5426 1782 5479 καὶ

205 5511 455 5592 Ἀλέξιος
490 5516 821 5585 όπατρίκιος
852 5519 944 5570 καὶ
980 5517 1341 5588 δρουγγάριος
1374 5518 1483 5570 τῶν
1520 5518 1781 5588 πλωΐμων

186 5605 217 5655 6
252 5605 498 5672 Μωσηλὲ
530 5606 575 5639 ⁸³
608 5608 749 5676 μετὰ
795 5609 888 5662 τοῦ
922 5609 1051 5663 λαοῦ
1114 5610 1302 5664 αὐτοῦ.
1335 5606 1442 5664 Ἦν
1479 5610 1535 5662 δὲ
1592 5610 1633 5662 ε’
1674 5610 1781 5663 τῶν

190 5699 493 5763 Νηστειῶν
521 5700 774 5771 ἑϐδομὰς.
802 5702 1160 5768 Διατάξαντες
1184 5703 1277 5756 οὖν
1306 5704 1397 5756 τὸν
1428 5703 1557 5756 λαὸν
1586 5704 1644 5755 ἐν
1668 5705 1782 5766 τοῖς

1871 3299 2221 3362 cubicularii,
2260 3314 2323 3352 ac
2357 3298 2818 3351 Demetriizerarii
2855 3296 3053 3365 privati
3090 3296 3314 3359 notarii,
3348 3307 3454 3349 nec

1873 3409 1982 3447 non
2014 3391 2221 3445 Nicolai
2251 3390 2497 3445 Cubitzis
2532 3398 2588 3444 et
2632 3388 2901 3443 Theodoti
2937 3387 3315 3457 protocarabi;
3355 3387 3452 3456 qui

1872 3495 1927 3541 et
1953 3485 2313 3540 Constantino
2345 3484 2533 3552 utique
2575 3481 2888 3551 imperatori
2922 3481 3240 3535 studebant.
3300 3480 3452 3535 Con-

1872 3579 2003 3633 victi
2026 3594 2177 3641 vero,
2208 3577 2534 3630 verberibus
2560 3575 2770 3629 subacti
2794 3590 2856 3631 ac
2888 3590 2984 3644 per
3012 3574 3249 3645 mediam
3287 3560 3454 3627 delati

1874 3671 2094 3731 urbem,
2142 3670 2197 3722 in
2242 3668 2494 3722 exsilium
2526 3668 2687 3736 ejecti
2716 3675 2865 3721 sunt.
2902 3666 3275 3719 Theodoritus
3296 3678 3454 3719 seor-

1876 3780 1995 3819 sum
2021 3764 2077 3817 in
2105 3762 2413 3816 Triconcho
2439 3760 2627 3814 Palatii
2657 3775 2851 3821 caesus,
2870 3760 2985 3827 ipse
3012 3772 3231 3828 quoque
3260 3756 3455 3811 exsilio

1876 3858 2148 3927 relegatus
2204 3864 2308 3910 est.
2373 3853 2718 3907 Anastasinm
2768 3867 2937 3922 porro
2985 3850 3356 3906 Sacellarium.
3394 3849 3453 3903 in

1878 3952 2229 4019 Elegmorum
2277 3948 2670 4001 monasterium
2724 3946 2947 4000 caesarie
2985 3944 3323 4007 multarunt,
3359 3944 3455 3998 ubi

1878 4042 2041 4112 893
2072 4050 2129 4095 et
2161 4039 2418 4093 moritur.
2472 4038 2550 4091 Eo
2577 4038 2857 4090 Romanus
2896 4044 3160 4105 praetextu
3205 4050 3269 4088 ac
3297 4049 3456 4089 occa.

1882 4134 2035 4187 sione
2091 4131 2514 4185 Constantinum
2562 4128 2947 4196 imperatorem
2997 4125 3189 4195 dejicit.
3245 4140 3309 4178 ac
3365 4139 3455 4179 se-

1883 4224 2066 4280 cundo
2118 4224 2315 4278 ordine
2364 4220 2674 4285 constituit,
2729 4219 2947 4289 sibique
2990 4219 3106 4288 ipse
3137 4218 3345 4288 primas
3376 4225 3459 4275 ειη

1886 4316 2100 4372 tribuit.

1956 4493 2074 4548 8-9.
2115 4491 2351 4562 Symeon
2407 4505 2538 4544 vero
2587 4488 2849 4542 adversus
2904 4487 3181 4540 Romanos
3238 4497 3457 4537 rursum

1884 4586 2067 4655 copias
2105 4584 2334 4648 educit;
2381 4583 2655 4651 missaque
2697 4580 3055 4647 Bulgarorum
3106 4574 3459 4629 multitudine

1884 4696 2008 4735 cum
2038 4679 2292 4733 Caucanu
2322 4686 2379 4730 et
2411 4676 2620 4729 Meuico
2659 4674 2912 4741 aliisque,
2954 4670 3177 4724 mandat
3204 4680 3265 4723 ut
3294 4684 3458 4738 quam

1885 4770 2168 4826 celerrime
2186 4768 2448 4821 adversus
2467 4764 2659 4819 urbem
2679 4763 2940 4831 impetum
2961 4760 3155 4814 ferant.
3177 4758 3459 4827 Superatis

1887 4864 2067 4932 itaque
2095 4861 2395 4926 montibus,
2426 4868 2481 4912 et
2511 4873 2606 4927 per
2626 4872 2721 4911 eos
2742 4856 3041 4925 dirigentes
3066 4854 3191 4909 iter.
3216 4854 3282 4906 ad
3311 4853 3459 4905 Man-

1888 4956 2044 5026 glaba
2073 4968 2245 5022 usque
2270 4961 2656 5021 pervenerant.
2694 4947 2923 5017 Cognita
2964 4957 3145 5000 autem
3180 4947 3459 4999 Romanus

1888 5048 2182 5115 imperator
2227 5045 2421 5097 horum
2460 5042 2799 5110 irruptione,
2840 5039 3047 5092 veritus
3075 5054 3143 5091 ne
3191 5040 3456 5106 Pegarum

1888 5138 2064 5206 regias
2118 5136 2263 5190 aedes
2314 5135 2650 5201 Stcnumque
2702 5131 2827 5185 inde
2879 5128 3035 5183 effusi
3079 5128 3457 5191 incenderent,

1886 5236 2152 5290 Joannem
2185 5240 2451 5285 rectorem
2476 5244 2579 5281 una
2602 5242 2725 5281 cum
2750 5227 2938 5280 Leone
2955 5234 3010 5278 et
3034 5222 3205 5277 Potho
3240 5220 3462 5290 Argyris

1890 5327 2168 5398 irejussit,
2189 5326 2370 5379 valido
2394 5340 2456 5377 ex
2482 5320 2826 5392 prcetorianis
2842 5327 2897 5371 et
2927 5315 3205 5371 foederatis
3229 5314 3461 5381 aliisque

1889 5422 2207 5478 cohortibus
2258 5418 2490 5474 conﬂato
2540 5414 2805 5469 exercitu.
2870 5410 3067 5463 Adibat
3125 5417 3180 5462 et
3239 5406 3462 5460 Alexius

1890 5514 2091 5567 Musele
2118 5510 2378 5580 patricius
2413 5507 2605 5576 reique
2626 5504 2834 5558 navalis
2862 5499 3211 5569 drungarius,
3247 5512 3371 5552 cum
3396 5496 3461 5550 its

1891 5607 2065 5676 copiis
2095 5604 2297 5674 quibus
2331 5601 2617 5672 prwfectus
2660 5607 2798 5653 erat.
2843 5595 3117 5666 Agebatur
3154 5591 3344 5661 quinta
3378 5589 3461 5660 je—

1885 5700 2171 5771 juniorum
2219 5694 2581 5754 hebdomada.
2635 5692 2695 5748 ln
2742 5687 3141 5760 campestribus
3184 5684 3367 5752 itaque
3398 5696 3461 5735 ac

1472 5796 1704 5851 VABl/E
1759 5795 2162 5851 LECTIONES.

271 5896 315 5926 "
344 5894 546 5957 αὐτοὺς
582 5894 824 5948 additum
861 5909 891 5948 e
921 5910 971 5963 p.
1002 5893 1105 5947 “li?
1138 5910 1185 5947 ιι.

1277 5892 1320 5923 ³³
1350 5894 1466 5947 Ma")
1481 5892 1595 5945 3;).‘2
1626 5907 1679 5962 p.
1716 5891 1817 5947 4'38
1854 5908 1881 5947 c
1908 5890 1968 5946 (ί.
