4158 6438
139 412 240 475 957

1227 423 1426 482 ΗΤᾸΞ
1465 424 2014 490 RECENTIORUM
2053 433 2253 495 IMPP.

3280 452 3386 512 958

135 530 398 599 γενναίως
425 530 832 603 ἀγωνισάμενος
854 533 1080 600 πολλοὺς
1106 538 1311 592 ἀνελὼν
1333 542 1519 595 οὐκέτι
1547 545 1690 597 ἀντέ-

1807 557 1988 601 autem
2015 560 2238 606 strenue
2269 555 2455 621 praelio
2489 556 2830 624 perfunctus,
2877 559 3114 629 dataque
3146 561 3383 619 hostium

135 639 251 691 χειν
271 620 500 690 ἠδύνατο
543 623 677 694 πρὸς
706 625 766 677 τὸ
799 625 1002 696 πλῆθος
1028 628 1135 681 τῶν
1159 631 1456 700 πολεμίωνν
1487 636 1708 703 μεθίησι

134 712 228 766 τοῦ
265 715 436 768 ἵππου
465 715 558 769 τὸν
587 717 803 785 χαλινὸν
841 721 936 772 καὶ
964 722 1044 782 εἰς
1088 723 1267 792 φυγὴν
1314 726 1567 794 ἧλαυνεν.
1603 730 1707 781 Πο-

132 806 306 874 ταμὸν
359 808 415 861 δέ
446 825 566 862 τινα
612 811 791 864 ἐκεῖσε
850 815 1236 885 παραρρέοντα
1279 819 1574 890 διαπερῶν,
1611 821 1706 874 τοῦ

136 899 304 951 ῐππου
326 901 494 954 αὐτοῦ
518 905 573 955 ἐν
589 907 652 972 τῇ
675 905 782 958 tm
803 908 1166 976 ἐμπαγέντος,
1184 913 1545 982 τιτρώσκεται
1569 917 1708 969 κατὰ

131 990 231 1056 τῆς
268 992 432 1061 ἕδρας
479 995 571 1046 καὶ
603 996 697 1048 τοῦ
727 997 923 1065 μηροῦ.
959 1002 1129 1064 Μόλις
1155 998 1248 1055 οὖν
1300 1003 1392 1056 τοῦ
1431 1005 1596 1057 ἵππου
1644 1010 1707 1059 ἐκ

133 1086 232 1151 τῆς
285 1085 428 1146 ἰλύος
485 1086 945 1155 ἀνασπασθέντος,
993 1093 1397 1162 συνεργούντων
1445 1096 1554 1149 τῶν
1604 1099 1708 1152 ὑπὸ

133 1181 312 1247 χεῖρα,
340 1179 666 1245 διασώζεται
692 1183 852 1252 μέχρι
883 1185 993 1238 τῶν
1025 1185 1364 1256 Βλαχερνῶν,
1387 1192 1482 1242 καὶ
1499 1192 1705 1248 τίθεται

131 1274 187 1323 ἐν
235 1277 301 1342 τῇ
355 1276 488 1346 ἁγίᾳ
514 1277 677 1348 σορῷ.
707 1280 946 1349 Καιρίας
977 1281 1077 1350 τῆς
1103 1282 1148 1316 ⁸⁸
1193 1284 1407 1354 πληγῆς
1445 1287 1612 1356 οὖσης
1640 1291 1703 1359 τῇ

130 1367 283 1418 νυκτὶ
318 1369 571 1438 ὲτελεύτη
582 1387 660 1423 σε.

197 1455 287 1523 ιγ’.
342 1459 658 1526 Τηνικαῦτα
687 1463 742 1514 δὲ
773 1465 865 1516 καὶ
913 1467 1204 1537 Πετρωνὶς
1255 1469 1704 1540 αἰδεσιμώτατος,

131 1549 422 1615 προστάξει
468 1552 748 1620 Ῥωμανοῦ
784 1556 1066 1624 βασιλέως,
1107 1559 1284 1628 ἦγαγε
1343 1561 1590 1628 λάρνακα
1620 1563 1702 1615 ἔν-

127 1638 292 1701 ζωδον
328 1644 422 1694 καὶ
451 1644 610 1713 ἕτερα
637 1645 729 1698 δύο
751 1647 962 1717 γλυφῆς
993 1650 1327 1718 ἀμοιροῦντα
1382 1656 1446 1706 ἐκ
1486 1655 1584 1722 τῆς
1608 1654 1702 1707 τοῦ

136 1728 321 1796 Ἀγίου
345 1733 641 1798 Μάμαντος
669 1738 837 1806 μονῆς
861 1739 1134 1809 ἀνδρείας,
1160 1745 1256 1811 τῆς
1279 1745 1508 1813 πλησίον
1537 1745 1702 1812 οὔσης

124 1817 220 1888 τῆς
259 1824 605 1896 Ξυλοκέρκου
661 1828 960 1902 λεγομένης
1014 1835 1242 1904 πόρτης,
1301 1839 1358 1889 ἐν
1400 1833 1482 1900 οἷς
1535 1855 1701 1907 φασιν

124 1914 512 1970 ἐναποκεῖσθαι
569 1919 651 1991 [Ρ.
689 1922 815 1993 578]
860 1926 1172 1995 Μαυρίκιον
1232 1929 1327 1980 σὺν
1373 1933 1483 1991 τοῖς
1537 1929 1699 1982 αὑτοῦ

123 2008 312 2060 παισίν
333 2025 345 2037 ·
382 2009 417 2062 ἃ
441 2013 536 2064 καὶ
559 2014 798 2084 ἀπετέθη
827 2016 884 2069 ὲν
905 2019 968 2088 τῇ
994 2017 1086 2071 τοῦ
1120 2018 1386 2090 βασιλέως
1420 2025 1552 2092 μονῇ
1582 2022 1700 2094 ἦτοι

123 2102 198 2164 εἰς
228 2103 289 2155 τὸ
319 2106 652 2174 Μυρέλαιον.

188 2194 270 2250 ιδ’.
321 2197 605 2266 Ἀδριανὸς
646 2202 703 2256 δέ
728 2220 812 2267 τις
863 2205 1090 2270 Χάλδος,
1137 2208 1356 2278 πρὸς.δὲ
1392 2211 1486 2264 καὶ
1524 2213 1698 2278 Τζάν-

123 2285 247 2354 τζης
283 2287 331 2317 ⁸⁸
372 2287 658 2358 ’Λρμένιος
691 2295 945 2358 πλούσιος
991 2298 1154 2360 πάνυ,
1196 2304 1259 2371 τῇ
1298 2303 1551 2375 ὑποθήκῃ
1601 2307 1697 2359 καὶ

123 2377 403 2449 συμϐουλῇ
447 2381 628 2452 Βάρδα
683 2386 777 2439 τοῦ
843 2388 1004 2442 Βόῖλα
1037 2392 1080 2421 ⁸⁷
1141 2394 1576 2462 στρατηγοῦντος
1635 2401 1694 2450 ὲν

119 2468 344 2542 Χαλδίᾳ,
397 2475 688 2544 τυραννίδα
728 2480 820 2531 καὶ¹
870 2481 1168 2551 ἀνταρσίαν
1229 2485 1368 2538 κατὰ
1410 2488 1692 2556 Ῥωμανοῦ

120 2561 387 2630 βασιλέως
441 2570 857 2632 συσκευάζουσι,
912 2572 972 2624 τὸ
1022 2575 1298 2645 Παῖπερτε
1329 2577 1623 2647 λεγόμενον
1647 2580 1693 2612 ⁸³

117 2653 380 2726 ὀχύρωμα
412 2662 778 2728 κατασχόντες
802 2680 817 2694 ο
841 2663 935 2727 οὓς
959 2667 986 2717 δ
1005 2665 1112 2718 τῶν
1146 2669 1348 2734 σχολῶν
1379 2671 1694 2739 δομέστικος

129 2747 386 2818 Ἰωάννης
457 2753 485 2803 δ
543 2754 790 2820 Κροκόας
842 2755 886 2790 ⁸⁸
921 2759 1382 2828 καταπολεμήσας
1423 2765 1547 2826 τοὺς
1596 2765 1694 2832 μὲν

115 2840 401 2910 κατέσχεν,
442 2837 517 2895 ὧν
555 2845 682 2908 τοὺς
717 2850 1219 2920 περιφανεστέρους
1246 2853 1565 2922 ἁποτυῳλοῖ,
1595 2858 1692 2919 τὰς

114 2931 298 2994 οὐσίας
337 2933 522 2986 αὐτῶν
549 2935 850 3006 δημεύσας,
877 2939 1005 3001 τοὺς
1031 2941 1088 2992 δὲ
1124 2946 1416 3012 πενιχροὺς
1437 2947 1529 2996 καὶ
1551 2948 1689 3018 ἀσή-

119 3039 243 3086 μους
263 3023 476 3086 άθὼους
506 3027 770 3093 κελεύσας
795 3031 917 3083 ὅποι
941 3031 1217 3100 βούλοιντο
1243 3036 1484 3090 ἀπιέναι.
1514 3039 1689 3101 Τζάν-

111 3114 237 3182 τζης
269 3115 328 3169 δὲ
380 3119 438 3170 ὲν
502 3119 674 3190 ἑτέρῳ
711 3123 1040 3191 δχυρωτάτῳ
1075 3127 1378 3198 καστελλίῳ
1408 3131 1687 3198 διαφυγὼν

1811 639 2018 706 ingenti
2053 650 2252 712 strage,
2283 659 2406 698 cum
2445 655 2607 701 tantm
2630 661 2821 702 eorum
2848 651 3189 706 multitudini
3222 657 3386 708 susti-

1810 731 2001 782 nend-.e
2026 731 2258 798 amplius
2281 749 2377 801 par
2394 750 2500 788 non
2518 746 2686 798 esset,
2713 736 2906 790 laxatis
2927 738 3157 794 habenis
3178 757 3383 809 equum

1809 823 1874 875 ad
1907 823 2084 893 fugam
2121 824 2367 894 impellit.
2408 828 2541 881 Dum
2571 838 2754 884 autem
2784 833 3242 898 prmterlluentem
3277 833 3382 888 llu-

1811 916 1957 968 vium
1986 917 2276 985 quemdam
2306 926 2476 972 tenlat
2523 921 2793 988 trajicere,
2834 935 2977 990 equo
3011 922 3066 975 in
3105 923 3235 976 limo
3275 925 3384 979 ha:-

1809 1018 1965 1062 rente
1988 1010 2186 1063 vulnus
2212 1010 2266 1063 in
2295 1024 2458 1063 suum
2483 1020 2538 1063 et
2569 1012 2748 1066 femur
2769 1013 2987 1081 accipit.
3023 1013 3174 1082 Equo
3202 1027 3378 1070 tamen

1808 1115 1949 1166 σθαι-ο
1981 1101 2199 1154 tandem
2229 1116 2452 1154 suorum
2475 1117 2603 1155 cura
2623 1111 2680 1156 et
2705 1104 2971 1157 industria
2999 1121 3028 1159 e
3046 1108 3384 1178 cmn0896

1807 1192 2018 1250 evulso.
2041 1191 2106 1243 ad
2128 1191 2455 1246 Blacbernas
2473 1208 2644 1261 usque
2668 1193 2842 1246 evasit
2867 1210 2880 1255 ;
2907 1195 2997 1248 ubi
3033 1195 3100 1248 ad
3131 1207 3380 1250 sanetum

1808 1285 2048 1338 loculum
2097 1287 2328 1354 positus,
2376 1287 2523 1356 quod
2594 1287 2794 1341 vulnus
2840 1289 3002 1342 letale
3047 1299 3185 1352 erat,
3243 1291 3382 1344 vivis

1808 1376 2042 1428 t‘XCt‘tlll.

1880 1467 1965 1520 i5.
2003 1467 2116 1520 Sub
2145 1467 2285 1520 idem
2311 1475 2524 1534 tempus
2547 1467 2828 1533 Petrunas,
2859 1470 2942 1521 vir
2972 1467 3379 1522 venerabilissi-

1808 1575 1948 1616 mus.
1990 1560 2216 1613 Romani
2266 1561 2615 1627 imperatoris
2641 1561 2793 1628 jussu
2842 1576 3034 1614 urnam
3087 1560 3275 1628 ﬁguris
3316 1575 3380 1614 ac

1807 1652 2137 1720 imaginibus
2171 1652 2437 1718 sculptam
2474 1652 2718 1720 aliasque
2748 1653 2885 1706 duas
2918 1654 3065 1706 nulla
3109 1653 3380 1706 caelatura:

1805 1752 1921 1797 arte
1947 1745 2186 1812 sculptas
2218 1759 2283 1796 ex
2320 1744 2374 1797 S.
2425 1744 2709 1799 Mamantis
2738 1746 2981 1798 virorum
3023 1746 3376 1807 monasterio,

1805 1835 1950 1902 quod
1980 1843 2064 1888 est
2094 1850 2264 1903 prope
2289 1845 2497 1903 portam
2531 1851 2691 1904 quam
2717 1836 3000 1905 Xylocerci
3032 1843 3246 1892 vocant.
3279 1834 3380 1888 ad-

1803 1923 1950 1976 vexit
1981 1939 1996 1988 ;
2034 1923 2086 1976 in
2126 1924 2328 1991 quibus
2360 1924 2497 1978 fama
2532 1934 2613 1978 est
2649 1925 2930 1978 conditum
2965 1924 3133 1978 fuisse
3178 1925 3380 1978 Mauri-

1801 2015 1948 2069 cium
1987 2030 2112 2069 cum
2155 2004 2391 2078 liberis;
2424 2031 2545 2084 quae
2579 2024 2635 2070 et
2685 2015 2737 2068 in
2769 2015 2997 2068 Romani
3045 2015 3376 2069 monasterio

1801 2109 1878 2177 (in
1913 2109 2161 2178 Myrelaeo
2185 2108 2412 2179 scilicet)
2435 2109 2589 2163 fuere
2621 2109 2906 2176 depositae.

1872 2203 1956 2256 Η.
1979 2201 2250 2257 Adrianus
2275 2217 2403 2258 vero
2423 2202 2644 2270 quidam
2657 2201 2919 2263 Clialdus,
2947 2203 3214 2258 Tzantzcs
3245 2209 3372 2258 item

1797 2294 2110 2358 Armenius,
2155 2295 2237 2348 vir
2287 2309 2498 2350 summe
2551 2295 2821 2364 locuples,
2868 2295 3058 2350 Bardze
3112 2297 3276 2351 Boilae
3318 2299 3374 2351 in

1795 2387 2020 2442 Clialdia
2060 2397 2172 2440 tum
2198 2387 2353 2442 ducis
2397 2387 2756 2455 praetorisque
2787 2387 3003 2440 hortatu
3039 2403 3103 2441 ac
3141 2389 3372 2443 consilio

1798 2479 2139 2550 tyrannidem
2172 2488 2393 2534 struunt
2417 2494 2482 2534 ac.
2505 2479 2859 2534 rebellionem
2883 2481 3148 2535 adversus
3168 2480 3370 2534 Roma-

1795 2588 1926 2625 num
1961 2569 2366 2640 imperatorem,
2413 2572 2686 2642 Paiperte,
2723 2572 2870 2641 quod
2903 2572 2984 2626 sic
3017 2584 3236 2635 vocant,
3269 2589 3370 2640 op-

1797 2666 1925 2734 pido
1979 2667 2188 2719 munito
2256 2675 2544 2735 occupato.
2603 2667 2810 2720 Horum
2864 2667 3077 2735 potitus
3131 2667 3372 2720 Joannes

1791 2759 2028 2813 Crocoas
2055 2760 2326 2828 legionum
2347 2761 2702 2823 domesticus,
2738 2777 2803 2814 ac
2829 2776 2954 2814 cum
2991 2761 3278 2822 tenuisset,
3301 2762 3370 2814 iis

1792 2849 2012 2917 quidem
2062 2849 2154 2917 qui
2213 2849 2540 2903 illustriores
2589 2860 2794 2912 essent,
2845 2850 3138 2918 publicatis
3177 2865 3367 2902 eorum

1794 2942 1970 3004 bonis,
1997 2941 2183 2995 oculos
2224 2941 2450 3007 adimit;
2487 2942 2642 3004 alios,
2695 2943 2788 3012 qui
2835 2944 3154 3010 pauperculi
3179 2957 3243 2994 ac
3269 2941 3369 2996 ob-

1791 3035 1936 3090 scuri
1963 3042 2165 3097 essent,
2185 3048 2293 3103 quo
2316 3034 2516 3088 vellent
2538 3034 2693 3088 abire
2722 3035 2895 3103 jussit.
2923 3033 3189 3086 Tzantzes
3213 3047 3366 3092 vero,

1791 3128 1894 3181 alia
1923 3125 2287 3180 munitissima
2317 3142 2441 3180 arce
2468 3137 2732 3195 occupata
2765 3142 2827 3178 ac
2859 3126 3224 3180 immunitalis
3261 3124 3370 3180 ﬁde

113 3206 200 3259 καὶ
223 3207 387 3274 λόγον
418 3209 688 3274 ἀπαθείας
707 3213 1004 3282 δεξάμενος
1034 3218 1092 3270 ἐν
1125 3221 1191 3287 τῇ
1224 3220 1374 3273 πόλει
1406 3224 1681 3291 εἰσεληλῦ-

1792 3219 1856 3272 ab
1883 3220 2188 3273 scholarum
2226 3219 2526 3272 domestico
2557 3228 2800 3286 accepta,
2832 3217 3150 3286 Byzantium
3177 3218 3365 3283 venit;

114 3297 210 3361 θει,
236 3303 332 3354 καὶ
355 3304 420 3371 τῇ
445 3303 539 3355 τοῦ
570 3305 944 3372 μαγγλαῦίτου
968 3309 1092 3380 ἀξίᾳ
1115 3312 1366 3379 τιμηθεὶς
1384 3315 1440 3365 ἐν
1457 3315 1534 3384 τῷ
1555 3317 1686 3388 οἴκῳ

110 3392 212 3446 τῶν
245 3396 547 3463 μαγγάνων
573 3396 794 3466 διῃτᾶτο
819 3417 884 3468 τη
894 3399 985 3466 pati
997 3419 1180 3469 μενος,
1214 3403 1457 3474 δρασμὸν
1477 3408 1533 3459 δὲ
1562 3410 1688 3476 βου-

109 3483 439 3553 λευσάμενος
464 3487 748 3541 ἁλίσκεται
780 3490 874 3543 καὶ
903 3491 1012 3544 τῶν
1043 3492 1343 3564 ὀφθαλμῶν
1397 3500 1686 3568 στερίσκε-

109 3594 210 3633 ται.
271 3579 488 3648 Βάρδαν
533 3581 625 3634 τὸν
662 3582 856 3636 Βὸῐλαν
903 3585 1205 3657 ἀπέκειραν
1267 3591 1540 3662 μοναχὸν,
1592 3596 1684 3649 τοῦ

111 3671 374 3740 βασιλέως
395 3673 764 3742 οἰκτείραντος
796 3675 948 3744 φίλον
976 3679 1338 3748 τυγχάνοντα.

176 3761 255 3816 ιε’.
290 3762 401 3816 Τοῦ
433 3763 488 3816 δὲ
519 3766 811 3834 πατρικίου
840 3767 932 3819 τοῦ
977 3770 1453 3842 ἐπονομαζομένου
1487 3776 1684 3846 Μωρο-

109 3853 315 3915 λέοντος
372 3855 815 3924 ’Λδριανούπολιν
867 3861 1337 3928 στρατηγοῦντος,
1391 3867 1682 3932 κρατίστου

109 3943 269 3997 πολλὰ
303 3946 402 3998 καὶ
459 3940 636 4009 δεξιοῦ
690 3949 1071 4016 τυγχάνοντος,
1129 3951 1188 4013 ὃς
1228 3953 1486 4018 πλείστας
1543 3959 1682 4010 κατὰ

107 4034 428 4106 Βουλγάρων
455 4038 819 4105 ἀνδραγαθίας
873 4041 1186 4104 ἐπεδείξατο
1209 4045 1278 4104 ⁸ο,
1321 4047 1413 4098 καὶ¹
1465 4049 1626 4100 πάλιν
1655 4050 1682 4101 δ

111 4124 411 4195 Βοῦλγαρος
445 4129 671 4196 Συμεὼν
694 4131 790 4183 σὺν
818 4133 980 4183 ’παντί⁹
1009 4133 1086 4202 τῷ
1117 4137 1486 4204 στρατεύματι
1515 4140 1680 4192 αὐτοῦ

105 4216 197 4284 τὴν
226 4217 530 4286 εἰρημένην
562 4219 718 4270 πόλιν
749 4220 1218 4289 περιεκύκλωσαν.
1269 4227 1421 4278 Ἐπεὶ
1451 4227 1506 4278 δὲ
1562 4229 1590 4280 ὃ
1623 4247 1679 4283 τε

108 4308 242 4370 σῖτος
264 4310 396 4370 τοὺς
430 4310 489 4360 ὲν
524 4312 587 4379 τῇ
624 4310 778 4363 πόλει
810 4312 1143 4367 ἐπιλελοίπει
1175 4317 1269 4368 καὶ
1298 4317 1455 4386 λιμὸς
1497 4321 1676 4385 ἐπίεζε

107 4398 332 4466 χαλεπὸς
384 4399 705 4469 (οὐδαμόθεν
771 4403 878 4472 γὰρ
909 4399 1056 4472 εἶχεν
1108 4407 1557 4477 ἐπισιτίσασθαι),
1610 4415 1674 4481 τῇ

107 4490 269 4561 ἐνδείᾳ
315 4490 631 4558 πιεζόμενοι
667 4493 1070 4562 προδεδώκασιν
1101 4499 1330 4561 ἑαυτούς
1359 4518 1417 4552 τε
1450 4502 1545 4553 καὶ
1583 4503 1675 4555 τὸν

110 4582 409 4652 στρατηγὸν
424 4586 537 4645 τοῖς
558 4584 888 4657 Βουλγάροις
905 4602 916 4614 °
939 4587 998 4639 ὃν
1018 4590 1425 4658 χειρωσάμενος
1449 4594 1677 4664 Συμεὼν
1709 4572 1750 4627 D

106 4675 189 4726 καὶ
233 4674 412 4740 δεσμὰ
461 4675 585 4728 καθ’
617 4677 738 4729 ὅλου
771 4678 865 4731 τοῦ
910 4677 1161 4747 σώματος
1195 4683 1528 4752 περιϐαλὼν,
1582 4689 1675 4740 καὶ

109 4764 321 4832 μυρίαις
354 4764 562 4828 αἰκίαις
611 4767 802 4820 τοῦτον
831 4773 1310 4840 τιμωρησάμενος,
1362 4775 1675 4831 τελευταῖον

105 4855 386 4911 ἀπέκτεινε
424 4859 638 4929 Θανάτῳ
667 4861 872 4930 πικρῷ,
909 4862 1045 4931 ἀξίῳ
1077 4864 1175 4932 τῆς
1221 4867 1416 4920 ἑαυτοῦ
1471 4872 1673 4940 ἀπηνε-

106 4952 297 5019 στάτης
318 4952 413 5003 καὶ
440 4950 731 5020 ῶμοτάτης
753 4954 954 5024 ψυχῆς.
981 4955 1312 5027 Βουλγάροις
1337 4960 1430 5014 οὖν
1449 4961 1548 5032 τὴν
1574 4963 1674 5029 τῆς

107 5043 297 5106 πόλεως
326 5044 580 5113 φυλακὴν
613 5047 889 5116 παραδοὺς
927 5048 1312 5119 ὑπεχώρησεν·
1351 5053 1399 5106 οἳ
1430 5054 1528 5124 τὴν
1552 5054 1673 5108 κατ’

106 5133 272 5186 αὐτῶν
320 5135 420 5188 τοῦ
467 5137 760 5205 Ῥωμαίων
815 5139 1050 5209 στρατοῦ
1109 5141 1297 5210 ἔφοδον
1335 5146 1664 5213 ἀκηκοότες,

107 5228 293 5296 ταύτην
319 5231 800 5296 καταλελοιπότες,
826 5235 1091 5304 ἀπῆλθον,
1119 5238 1212 5290 καὶ
1235 5239 1397 5292 πάλιν
1419 5240 1673 5294 ὑπδῬω-

111 5321 290 5386 μαίους
319 5322 465 5391 αὑτὴ
499 5323 743 5389 ἐγένετο.

179 5420 268 5477 ις’.
305 5415 538 5476 Λέοντος
569 5416 626 5468 δὲ
683 5417 778 5470 τοῦ
819 5419 1142 5488 Τριπολίτου
1205 5423 1339 5493 μετά
1389 5424 1671 5494 δυνάμεως

108 5504 294 5574 πολλῆς
330 5506 426 5559 καὶ
450 5507 650 5561 πλοίων
677 5511 989 5582 πολεμικῶν
1023 5515 1164 5567 κατὰ
1200 5514 1486 5584 Ῥωμαίων
1520 5518 1670 5584 ἐξελ-

110 5593 276 5661 θόντος
295 5597 393 5652 καὶ
429 5600 486 5651 ἐν
517 5601 582 5670 τῇ
623 5601 771 5672 νήσῳ
810 5603 1015 5675 Λήμνῳ
1051 5605 1468 5671 καταλαϐόντος,
1490 5610 1670 5664 Ἰωάν-

1791 3311 1974 3378 ibique
2003 3311 2344 3379 manglabitzn
2373 3310 2636 3377 dignitate
2667 3319 2862 3362 auctus
2888 3309 2940 3360 in
2977 3308 3363 3377 Manganorum

1790 3402 1951 3454 domo
1980 3403 2080 3454 sub
2104 3402 2350 3455 custodia
2381 3401 2590 3470 agebat.
2624 3401 2758 3454 Cum
2791 3414 2922 3452 vero
2951 3397 3134 3466 fugam
3179 3397 3365 3450 moliri

1789 3493 2168 3562 deprehensus
2217 3501 2381 3556 esset,
2437 3493 2612 3546 oculis
2659 3492 2904 3559 privatus
2969 3505 3071 3544 ρει.
3131 3490 3362 3542 Bardam

1789 3581 2016 3643 Builam,
2052 3581 2213 3650 397
2243 3582 2362 3649 ejus
2393 3583 2618 3634 miserto
2662 3581 3017 3647 imperatore,
3054 3595 3216 3648 quem
3259 3578 3365 3633 sibi

1786 3673 2012 3726 charum
2039 3672 2173 3725 habe
2187 3682 2287 3734 ret,
2318 3672 2569 3726 monachi
2612 3672 2720 3724 ritu
2752 3671 3075 3725 detondere.

1859 3767 1943 3820 15.
2004 3766 2240 3819 Patricio
2285 3779 2414 3818 vero
2472 3763 2559 3817 cui
2628 3763 2958 3817 Moroleonis
3024 3777 3361 3831 cognomen,

1785 3859 2272 3928 Adrianopolitano
2299 3865 2551 3925 praetore,
2572 3855 2690 3908 viro
2722 3856 2914 3909 bellica
2951 3855 3276 3908 fortitudine
3298 3870 3364 3909 ac

1784 3948 2004 4001 solertia
2032 3945 2249 4016 egregie
2280 3946 2568 4005 instructo.
2593 3945 2796 4013 quique
2825 3945 3060 4013 plurima
3092 3946 3367 3998 adversus

1783 4040 2044 4109 Bulgaros
2076 4039 2204 4092 belli
2233 4037 2472 4092 lacinora
2503 4037 2764 4105 praeclare
2787 4037 3144 4104 design-asset,
3170 4053 3365 4092 rursus

1783 4136 2015 4205 Symeon
2049 4134 2138 4186 ille
2173 4132 2433 4200 Bulgarus
2459 4130 2718 4182 omnibus
2753 4129 2926 4196 copiis
2972 4131 3159 4184 urbem
3195 4132 3359 4185 obse-

1781 4228 1880 4282 dit.
1933 4225 2202 4296 Oppidani
2243 4237 2457 4276 annona
2489 4222 2800 4283 deﬁciente,
2833 4238 2897 4276 ac
2931 4222 3074 4276 laute
3117 4225 3361 4290 graviter

1779 4322 2112 4384 alllicti,cum
2128 4317 2352 4388 parandi
2372 4327 2710 4370 commeatus
2732 4316 2880 4368 nulla
2897 4330 3022 4382 spes
3043 4315 3360 4380 aﬂ‘ulgeret,

1780 4413 2009 4484 penuria
2044 4411 2216 4480 pressi
2239 4425 2297 4464 se
2318 4423 2588 4477 suumque
2619 4416 2908 4476 prtetorem
2932 4407 3183 4477 Bulgaris
3203 4408 3364 4460 dedi-

1779 4511 1930 4563 dere.
1968 4507 2126 4560 Hunc
2177 4504 2230 4557 in
2273 4496 2596 4571 potestatem
2632 4509 2919 4568 acceptum
2952 4501 3189 4570 Symeon
3241 4511 3364 4557 toto

1781 4602 1951 4656 vinxit
1978 4614 2229 4668 cerpore,
2266 4611 2328 4650 ac
2356 4611 2476 4664 qua:
2507 4609 2800 4648 numerum
2833 4596 3124 4658 excedant,
3157 4612 3361 4650 excru-.

1781 4697 1980 4752 ciatnm
2004 4690 2288 4760 suppliciis
2314 4689 2733 4742 dehonestatum
2752 4686 2946 4738 acerba
2970 4685 3190 4739 demum
3220 4702 3361 4743 nece

1780 4785 2021 4845 sustulit,
2061 4783 2223 4851 digna
2265 4793 2395 4834 sane
2431 4777 2824 4831 immanissima
2855 4777 3353 4846 crudelissimeque

1779 4878 1884 4932 viri
1921 4876 2098 4931 indole
2131 4889 2193 4928 ac
2224 4872 2461 4942 ingenio.
2501 4869 2833 4923 Demandata
2879 4869 3064 4936 itaque
3104 4869 3353 4937 Bulgaris

1780 4970 1932 5022 urbis
1978 4965 2222 5020 custodia
2278 4963 2521 5018 recessit.
2573 4961 2610 5014 li
2659 4961 2738 5014 sic
2771 4961 3094 5029 praesidiarii
3147 4961 3353 5024 relicti,

1779 5059 1966 5112 audito
1983 5057 2351 5110 Romanorum
2371 5053 2553 5120 copias
2577 5050 2787 5103 infensa
2807 5051 2913 5104 illis
2930 5052 3047 5103 acie
3069 5051 3350 5120 ingruere.

1778 5152 1965 5205 relicta
1992 5147 2126 5200 urbe
2159 5145 2447 5207 abierunt;
2497 5142 2662 5210 inque
2699 5142 2845 5196 hunc
2880 5141 3103 5195 modum
3140 5142 3276 5196 urbs
3319 5158 3354 5196 a

1781 5240 2041 5298 Romanis
2075 5247 2291 5306 recepta
2325 5245 2427 5288 est.

1848 5423 1934 5476 16.
1975 5421 2085 5476 Leo
2117 5417 2382 5487 Tripolita
2412 5429 2535 5469 cum
2575 5414 2788 5484 magnis
2822 5414 2996 5482 cepiis
3031 5415 3350 5483 ingentique

1774 5521 1980 5570 armata
1998 5514 2168 5567 classe
2189 5509 2451 5564 adversus
2478 5506 2753 5561 Romanos
2776 5519 3032 5573 egressus
3064 5505 3156 5558 ubi
3194 5503 3335 5557 Lem-

1774 5623 1907 5664 num
1953 5605 2225 5665 venisset.
2272 5602 2510 5656 Joannes
2560 5599 2828 5670 patricius
2872 5598 3121 5653 Radinus
3166 5597 3349 5651 dictus

1383 5723 1614 5782 ΥΑΒΙᾸΞ
1648 5721 2048 5781 LECTIONES.

177 5807 454 5893 ‘fh'rﬁslﬁt
487 5812 612 5887 τῇςῗ
688 5817 723 5842 “
762 5817 942 5881 Τατζά
965 5835 1044 5884 ἠς
1080 5835 1130 5888 p.
1161 5820 1267 5878 230
1296 5823 1346 5877 Ι».
1427 5823 1465 5852 ³⁷
1494 5823 1667 5893 Βοήλα
1695 5823 1763 5877 ib.
1843 5820 1967 5874 ⁴⁸τὸ
1998 5817 2215 5885 Παῒπερ
2247 5815 2306 5868 τὸ
2326 5813 2440 5882 λετ.
2466 5812 2524 5867 Ρ.
2580 5812 2621 5845 δ’
2644 5810 2962 5882 Κουρκνδαῖ
2985 5810 3072 5864 Η·

114 5875 428 5947 ιδείξατξῬ.

3174 5809 3219 5840 ⁸⁸
3245 5807 3320 5858 ὑπ
