4158 6438
774 427 881 488 959

2035 413 2353 472 GEORGII
2398 409 2734 469 MONACHI

3929 407 4037 467 980

772 535 961 600 reique
1008 528 1217 582 navalis
1267 525 1597 593 drungarius
1647 532 1872 591 repente
1919 538 2044 575 eum
2090 536 2345 590 egressus

2470 536 2541 589 ιης
2567 516 2857 586 πατρίκιος
2879 514 2973 567 καὶ
3005 512 3362 583 δρουγγάριος
3395 511 3488 563 τοῦ
3526 510 3795 578 nimium,
3826 518 3854 565 ὸ
3907 516 4034 568 Ῥει-

772 624 1007 675 insulam
1042 622 1221 690 petiit,
1264 618 1433 687 898
1458 625 1819 682 consertaque
1854 630 2032 683 pugna
2075 615 2351 681 Agareno—

774 730 893 767 rum
930 713 1032 765 sub
1072 729 1136 765 eo
1168 711 1342 764 aciem
1378 710 1519 763 fudit
1551 708 1885 777 fugavitque.
1919 707 2036 775 Ipse
2082 704 2349 772 Tripolita

771 821 914 875 {egre
942 806 1065 873 fuga
1100 804 1333 856 salutem
1354 800 1617 869 expediit.

844 980 931 1032 l7.
970 978 1154 1031 Mense
1191 975 1525 1044 Septembri,
1578 974 1881 1027 indictione
1929 971 2190 1031 secunda,
2248 969 2349 1038 Sy—

774 1086 935 1124 meon
968 1069 1233 1138 Bulgariae
1273 1068 1531 1137 princeps
1564 1083 1687 1121 cum
1740 1067 1999 1119 omnibus
2034 1064 2207 1132 copiis
2250 1064 2348 1115 ad-

775 1179 965 1215 versus
1022 1162 1344 1232 Byzantium
1401 1161 1680 1229 profectus
1743 1170 1828 1213 est
1875 1177 1887 1211 :
1944 1173 2009 1211 ac
2061 1156 2351 1210 Thraciam

774 1258 998 1327 quidem
1041 1267 1097 1311 et
1142 1256 1513 1310 Macedoniam
1560 1254 1874 1322 populatur,
1907 1252 2352 1306 succenditvero

774 1351 958 1404 omnia
993 1359 1048 1404 et
1077 1349 1295 1410 evertit,
1325 1346 1660 1416 arboresque
1696 1346 1950 1399 succidit.
1992 1346 2068 1396 Ad
2102 1345 2354 1397 Blaeher-

776 1458 874 1495 nas
904 1457 1077 1509 usque
1118 1455 1239 1493 cum
1274 1438 1539 1498 venisset.
1578 1438 1860 1491 Nicolaum
1892 1435 2259 1504 patriarcham
2292 1450 2355 1487 ac

776 1548 1068 1600 procerum
1103 1530 1388 1599 quosdam,
1433 1530 1761 1599 quibuscum
1805 1528 1872 1580 de
1909 1542 2037 1595 pace
2070 1534 2351 1588 tractaret,

776 1624 842 1677 ad
867 1640 923 1676 se
948 1622 1091 1675 mitti
1124 1623 1355 1692 rogavit.
1388 1622 1535 1674 Datis
1558 1622 1740 1688 itaque
1772 1621 2027 1689 utrinque
2067 1619 2355 1672 obsidibus

773 1715 1051 1776 exierunt,
1078 1716 1315 1783 primum
1346 1714 1567 1781 quidem
1598 1712 1931 1781 patriarcha,
1966 1724 2077 1765 tum
2126 1711 2351 1764 Michael

776 1806 1041 1875 patricius
1060 1814 1422 1874 cognomento
1438 1804 1734 1874 Stypiotes,
1751 1812 1806 1856 et
1835 1803 2073 1856 Joannes
2094 1802 2356 1872 mysticus

777 1891 1071 1963 rerumque
1106 1895 1667 1949 administrandarum
1697 1895 2012 1963 imperatori
2048 1894 2265 1962 adjutor
2291 1908 2355 1948 ac

778 1991 1032 2044 minister
1059 1990 1439 2045 intimus.Jam
1460 1991 1605 2044 enim
1631 1990 1867 2043 Joannes
1903 1998 2083 2043 rector
2106 1988 2354 2043 criminis

778 2082 993 2136 delatus
1020 2084 1161 2152 apud
1192 2084 1601 2152 imperatorem,
1623 2082 2003 2151 aegritudinem
2026 2091 2354 2149 praetexens,

780 2175 902 2229 aula
958 2187 1271 2230 excesserat
1327 2183 1491 2243 atque
1538 2175 1590 2228 in
1641 2190 1741 2227 suo
1795 2176 2147 2236 monasterio,
2210 2174 2354 2243 quod

782 2266 926 2319 haud
964 2268 1153 2336 procul
1181 2266 1498 2321 Galacrenis
1526 2273 1629 2326 est,
1666 2266 1918 2320 monachi
1960 2267 2066 2319 ritu
2095 2267 2359 2320 detonsus

782 2361 980 2416 fuerat.

855 2453 940 2505 18.
968 2452 1163 2519 Legati
1199 2452 1365 2519 igitur
1394 2468 1518 2506 cum
1542 2452 1812 2523 Symeone
1836 2453 1902 2505 de
1927 2468 2056 2520 pace
2084 2453 2360 2521 colloque-

784 2542 1005 2597 hantur.
1040 2542 1275 2612 Symeon
1307 2558 1441 2596 vero
1472 2543 1578 2597 illis
1619 2543 1923 2609 repudiatis
1963 2544 2141 2609 ipsum
2190 2544 2361 2610 impe-

784 2644 1023 2688 ratorem
1070 2634 1258 2688 videre
1295 2636 1525 2703 ejusque
1562 2650 1857 2703 congressu
1891 2633 1997 2686 frui
2031 2634 2359 2701 expetebat:

784 2735 937 2781 certo
961 2727 1108 2779 enim
1145 2726 1320 2780 relatu
1350 2726 1417 2779 de
1454 2726 1573 2795 ejus
1617 2726 1910 2795 prudentia
1942 2733 1998 2778 et
2039 2724 2363 2777 fortitudine

786 2818 1163 2886 sapientiaque
1194 2828 1501 2886 acceperat.
1544 2819 1799 2885 Pergrata
1828 2831 1891 2869 ea
1923 2833 2011 2869 res
2041 2816 2143 2868 fuit
2167 2816 2364 2869 Roma-

787 2924 878 2973 no,
907 2911 1111 2978 quippe
1150 2910 1242 2977 qui
1275 2910 1426 2977 pacis
1460 2909 1737 2963 desiderio
1773 2908 2065 2961 tenchalur
2090 2922 2153 2960 ac
2184 2907 2365 2975 quoti-

787 2998 964 3053 dianis
998 3001 1256 3069 utrinque
1284 3001 1526 3054 caedibus
1558 3001 1721 3054 finem
1767 3000 2053 3067 imponere
2085 2998 2361 3052 studebat.

793 3091 955 3145 Mittit
994 3092 1176 3161 itaque
1202 3093 1293 3160 qui
1321 3092 1387 3145 ad
1424 3108 1573 3146 mare
1611 3094 1665 3146 in
1691 3091 1955 3146 Cosmidii
1982 3092 2164 3145 littore
2205 3092 2366 3145 tutis-

789 3183 983 3237 simam
1016 3184 1430 3238 exscensionem
1472 3191 1769 3243 struerent,
1798 3197 1907 3249 quo
1952 3181 2073 3235 loco
2116 3181 2367 3250 praetoria
2396 3199 2438 3255 ε

790 3274 946 3327 navis
969 3289 1032 3327 ac
1053 3274 1293 3327 triremis
1316 3273 1635 3341 appellenda
1659 3283 1823 3326 esset.
1851 3273 1995 3326 Loco
2022 3272 2187 3340 igitur
2212 3272 2368 3325 undi-

789 3381 895 3436 que
922 3367 1282 3427 communito,
1307 3366 1474 3435 899
1508 3367 1560 3419 in
1581 3366 1764 3419 medio
1790 3366 1953 3433 jussit
1983 3375 2197 3433 septum
2228 3364 2368 3425 lieri,

790 3459 885 3512 ubi
959 3474 1268 3513 sermonem
1305 3458 1555 3512 eollaturi
1611 3458 2047 3513 erant.luterim
2108 3458 2367 3526 Symeon,

792 3550 959 3605 misso
987 3565 1211 3603 suorum
1244 3551 1546 3617 manipulo,
1575 3558 1775 3604 sancta:
1798 3551 1893 3603 Dei
1920 3550 2216 3604 Gcnitricis
2236 3558 2371 3603 tem-
2412 3555 2417 3563 ’

793 3644 961 3711 plum,
991 3643 1137 3711 quod
1181 3642 1233 3695 in
1266 3644 1404 3711 Pega
1443 3650 1547 3704 est,
1584 3643 1848 3705 incendit,
1881 3657 1944 3695 ac
1980 3641 2371 3695 circumvicina

791 3750 1021 3804 qumque
1060 3735 1167 3804 igni
1227 3734 1483 3802 ferroque
1540 3736 1819 3798 vastavit;
1866 3748 1972 3801 qua
2028 3748 2087 3786 re
2131 3732 2369 3786 alienum

792 3827 954 3894 plane
997 3842 1025 3879 a
1070 3842 1201 3895 pace
1238 3826 1506 3895 prodebat
1539 3825 1808 3884 animum,
1840 3839 2089 3892 vanaque
2108 3841 2232 3878 cum
2272 3825 2373 3877 im-

791 3927 1099 3987 peratorem
1126 3934 1219 3986 spe
1256 3905 1521 3972 deludere
1552 3916 1698 3970 haud
1729 3916 2027 3969 obscurum
2054 3924 2190 3968 erat.

866 4012 947 4065 l9.
980 4011 1219 4064 Veniens
1242 4019 1423 4064 autem
1459 4010 1761 4077 imperator
1791 4024 1914 4062 cum
1956 4007 2180 4061 Nicolao
2207 4006 2372 4075 patri«

792 4102 981 4163 archa,
1025 4102 1091 4155 ad
1137 4109 1390 4156 sanetum
1441 4102 1722 4170 ingressus
1766 4100 2031 4160 loculum,
2066 4113 2261 4152 manus
2307 4098 2373 4151 ad

791 4206 987 4263 preces
1028 4193 1293 4247 extendit.
1328 4194 1468 4247 Tum
1502 4207 1712 4261 pronus
1744 4190 1799 4244 in
1835 4201 2039 4245 terram
2081 4188 2378 4259 procidens

794 4299 1011 4338 sacrum
1040 4285 1281 4339 ubertim
1313 4284 1490 4338 solum
1531 4282 1664 4336 illud
1692 4283 1948 4352 lacrymis
1979 4280 2211 4351 rigabat,
2240 4280 2377 4334 inte-

796 4375 1216 4428 meratissimam
1236 4374 1330 4427 Dei
1360 4373 1694 4428 Genitricem
1719 4373 2090 4429 obsecransut
2115 4371 2375 4425 inﬂexum

795 4464 1106 4532 durumque
1159 4465 1378 4534 tyranni
1444 4465 1779 4533 superbique
1831 4464 2119 4525 Svmeonis
2184 4472 2377 4532 pectus

2453 610 2593 671 δενὺς
2625 605 3155 676 κατονομαζόμενος,
3186 604 3465 673 αἰφνιδίως
3500 604 3729 657 ἐπέθετο
3756 606 3912 675 αὐτῴ
3947 609 4035 659 καὶ

2452 703 2551 772 τὴν
2593 704 2756 771 νῆσον
2788 697 3121 751 κατέλαϐεν’
3159 697 3252 749 καὶ
3288 696 3530 764 πολέμου
3566 696 3869 762 γεγονότος,
3901 696 4035 748 Geo-2

2457 792 2720 862 συνεργίᾳ
2752 792 2803 843 οἱ
2838 790 2930 843 ὑπ’
2981 789 3142 843 αὑτὸν
3174 790 3469 858 τρέπονται
3510 788 3824 857 Ἀγαρηνοὶ,
3877 790 4011 853 peiuro

2452 884 2509 936 δέ
2540 884 2570 935 ὀ
2604 879 2939 951 Τριπολίτης
2969 880 3116 948 φυγῇ
3141 877 3488 939 διασώζεται.

2523 974 2609 1039 ιζ’.
2648 973 3006 1043 Σεπτεμϐρίῳ
3060 972 3117 1025 δέ
3145 972 3297 1039 μηνὶ,
3333 969 3663 1032 ίνδικτιῶνος
3690 968 3757 1038 β’,
3806 969 4039 1038 Συμεὼι

2456 1065 2557 1138 [δὲ]
2583 1069 2611 1119 6
2658 1066 2843 1136 ἄρχων
2874 1065 2959 1135 [Ρ.
2991 1062 3119 1133 579]
3148 1060 3489 1129 Βουλγαρίας
3540 1060 3849 1129 πανστρατὶ
3898 1058 4041 1111 κατς

2454 1157 3083 1217 Κωνσταντινουπόλεως
3109 1154 3481 1225 ἑκστρατεύει,
3516 1154 3611 1205 καὶ
3634 1151 3887 1221 ληῖζεται
3942 1152 4032 1219 μὲι

2455 1247 2678 1316 Θρᾴκην
2707 1263 2767 1298 τε
2790 1246 2883 1299 καὶ
2915 1245 3277 1308 Μακεδονίαν,
3305 1243 3602 1312 ἐμπυρίζει
3626 1242 3685 1296 δέ
3721 1243 3905 1296 πάντα
3948 1241 4037 1294 καὶ

2458 1339 2825 1406 καταστρέφει
2850 1338 2945 1390 καὶ
2972 1336 3336 1404 δενδροτομεῖ.
3367 1336 3546 1403 Μέχρι
3580 1332 3912 1403 Βλαχερνῶν
3945 1350 4039 1384 πα-

2459 1428 2822 1498 ραγενόμενος
2864 1426 3206 1494 ἐπεζήτησεν
3245 1426 3289 1455 ⁵⁸
3333 1424 3481 1491 αὑτῷ
3527 1424 3910 1491 ἀποσταλῆναι
3950 1425 4038 1473 τδρ

2458 1521 2805 1590 πατριάρχην
2822 1520 3090 1571 Νικόλαον
3111 1518 3202 1571 καί
3222 1534 3375 1580 τινας
3391 1518 3501 1570 τῶν
3528 1518 3871 1585 μεγιστάνων
3896 1515 4034 1568 ὥστε

2458 1616 2584 1679 περὶ
2610 1614 2833 1681 εἰρήνης
2855 1611 3035 1671 αὐτοῖς
3066 1610 3371 1678 συντυχεῖν.
3410 1608 3642 1660 Ἔλαϐον
3665 1608 3763 1661 οὖν
3790 1609 4037 1677 ὁμήρους

2460 1705 2587 1772 παρ’
2612 1705 2858 1774 ἀλλήλων
2888 1703 3210 1772 ἀμφότεροι,
3243 1702 3336 1754 καὶ
3360 1699 3579 1771 ἐξῆλθον
3626 1702 3896 1769 πρότερον
3944 1702 4037 1769 μὲν

2455 1799 2483 1849 6
2543 1795 2920 1865 πατριάρχης,
2972 1789 3089 1845 εἶτα
3134 1793 3353 1861 Μιχαὴλ
3389 1791 3677 1862 πατρίκιος
3710 1793 3737 1843 6
3767 1808 4035 1861 προσαγο-

2384 1860 2429 1918 B
2463 1892 2750 1960 ρευὸμενος
2790 1888 3133 1954 Στυπιώτης,
3172 1887 3266 1939 καὶ
3311 1886 3562 1954 Ἰωάννης
3590 1884 3848 1953 μυστικός
3867 1900 3930 1936 τε
3947 1886 4039 1935 καὶ

2458 1980 2945 2049 παραδυναστεύων
2966 1995 2977 2007 ·
2994 1978 3096 2048 ήδη
3121 1976 3228 2047 γὰρ
3244 1976 3496 2045 Ἰωάννης
3519 1974 3547 2026 ό
3564 1974 3809 2043 ραίκτωρ
3824 1971 4040 2040 διαϐλη-

2458 2072 2572 2134 θεὶς
2594 2073 2729 2141 πρὸς
2759 2073 2849 2124 τὸν
2876 2070 3122 2140 βασιλέα,
3142 2068 3428 2121 ἀσθένειαν
3454 2064 3932 2136 προφασισαμένος
3953 2061 4040 2115 τοῦ

2460 2162 2723 2215 παλατίου
2750 2160 3109 2229 κατεληλύθει
3141 2158 3234 2212 καὶ
3262 2160 3320 2210 ἐν
3351 2160 3417 2227 τῇ
3442 2154 3611 2210 αὑτοῦ
3643 2157 3780 2225 μονῇ
3808 2152 4038 2221 πλησίον

2460 2254 2830 2325 Γαλακρηνῶν
2863 2253 3141 2323 ἀπεκάρη.

2539 2438 2624 2500 ιη’.
2663 2431 2727 2483 Oi
2759 2430 2856 2498 μὲν
2883 2428 2975 2481 οὖν
3008 2427 3144 2499 μετὰ
3174 2426 3399 2496 Συμεὼν
3443 2426 3570 2493 περὶ
3616 2425 3843 2494 εἰρήνης
3873 2424 4043 2476 διελέ-

2462 2541 2643 2591 γοντο,
2674 2523 2701 2573 6
2729 2523 2784 2574 δὲ
2820 2522 3015 2577 αὐτοὺς
3046 2518 3429 2587 ἀπεπέμψατο,
3458 2517 3620 2570 αὑτὸν
3660 2516 3717 2569 δὲ
3744 2517 3839 2568 τὸν
3897 2517 4043 2584 βασι-

2464 2617 2559 2667 λέα
2602 2614 2878 2680 Ῥωμανὸν
2925 2612 3107 2681 ἐζήτει
3153 2610 3474 2664 θεάσασθαι.
3514 2609 3671 2678 Παρὰ
3730 2607 3945 2659 πολλῶν
3991 2608 4045 2658 δὲ

2467 2704 2927 2773 πεπληροφόρητο
2960 2703 3091 2772 περί
3139 2719 3195 2753 τε
3242 2700 3343 2765 τῆς
3386 2697 3551 2753 αὑτοῦ
3602 2700 3925 2769 φρονήσεως
3957 2702 4046 2749 καὶ

2466 2796 2692 2865 ἀνδρίας
2743 2795 2836 2847 καὶ
2886 2795 2985 2863 τῆς
3018 2793 3308 2854 συνέσεως.
3348 2792 3405 2845 Ὀ
3440 2792 3622 2843 τοίνυν
3655 2790 3913 2859 βασιλεὺς
3958 2792 4046 2840 ἐπὶ

2468 2888 2657 2941 τοίτου
2686 2887 2893 2955 σφόδρα
2915 2884 3289 2953 ἠγαλλιάσατο
3309 2901 3320 2912 ·
3357 2881 3541 2935 ἐπόθει
3571 2884 3681 2949 γὰρ
3711 2882 3811 2949 τὴν
3830 2883 4045 2951 εἰρήνην

2469 2977 2658 3030 καὶτὸ
2694 2978 2886 3043 στῆναι
2942 2974 3041 3037 τὰς
3086 2974 3207 3025 καθ’
3248 2972 3486 3039 ἑκάστην
3518 2972 3890 3041 ἐγγινομένας
3946 2972 4048 3021 τῶν

2471 3070 2721 3139 αἱμάτων
2749 3066 3026 3135 ἐκχύσεις.
3063 3065 3415 3126 Ἀποστείλας
3438 3064 3530 3116 οὖν
3559 3067 3616 3117 ὲν
3646 3064 3723 3135 τῷ
3753 3064 4049 3131 Κοσμιδίου

2470 3162 2704 3230 αἰγιαλῷ
2754 3160 3158 3212 κατεσκεύασεν
3214 3160 3271 3210 ἐν
3305 3160 3371 3228 τῇ
3408 3157 3655 3228 θαλάσσῃ
3698 3158 4049 3224 ὀχυρωτάτην

2473 3258 2761 3319 ἀπόϐασιν,
2790 3254 2929 3307 ὥστε
2957 3255 3055 3321 τὴν
3079 3252 3366 3322 βασιλικὴν
3391 3252 3516 3321 τριή
3529 3267 3628 3319 ρην
3656 3250 4051 3302 διεκπλέουσαν

2474 3351 2531 3400 ἐν
2578 3350 2717 3416 αὐτῇ
2778 3344 3262 3415 προσορμίζεσθαι.
3327 3340 3681 3411 Περιφράξας
3731 3340 3828 3393 οὖν
3888 3343 4051 3407 αὐτὴν

2474 3440 2739 3492 πάντοθεν
2754 3439 3098 3506 διατείχισμα
3129 3436 3293 3504 μέσον
3328 3432 3579 3499 γενέσθαι
3610 3432 3969 3501 προσέταξεν,
3999 3437 4051 3482 ἐν

2473 3528 2517 3602 ᾧ
2539 3534 2788 3602 ἀλλήλοις
2812 3532 3035 3601 ἔμελλον
3059 3530 3287 3598 ὁμιλεῖν.
3337 3526 3690 3588 Ἀποστεέλας
3718 3526 3813 3579 οὖν
3836 3528 3905 3578 Συ
3918 3527 4055 3594 μείων

2473 3630 2565 3682 τὸν
2611 3630 2708 3696 τῆς
2762 3625 3065 3695 ὑπεραγίας
3089 3622 3358 3675 Θεοτόκου
3411 3622 3536 3673 ναὸν
3566 3619 3659 3671 τὸν
3691 3620 3751 3671 ἐν
3802 3623 3868 3688 τῇ
3902 3622 4053 3687 Πηγῇ

2476 3721 2774 3790 ἐνέπρησεν
2807 3717 2897 3769 καὶ
2950 3716 3019 3767 τὰ
3062 3714 3222 3783 πέριξ
3249 3712 3412 3766 αὐτοῦ
3437 3711 3760 3781 σύμπαντα,
3798 3711 3958 3778 δῆλος
3987 3709 4057 3763 ᾧ)

2476 3812 2725 3866 ἐντεῦθεν
2761 3812 2833 3880 μὴ
2865 3809 2963 3876 τὴν
2990 3808 3215 3876 εἰρήνην
3245 3805 3467 3869 ἐθέλων,
3487 3802 3603 3857 ἀλλ’
3637 3802 3826 3855 ἐλπίσι
3862 3801 4059 3871 μετεώ-

2480 3922 2595 3975 ροις
2629 3903 2819 3956 τοῦτον
2850 3899 3157 3965 ἐξαπατῶν.

2554 3996 2640 4049 ιϐ’.
2699 3992 3157 4063 Παραγενόμενος
3184 3990 3240 4043 δὲ
3276 3991 3335 4041 ἐν
3379 3986 3715 4055 Βλαχέρναις
3748 3987 3776 4037 6
3815 3983 4059 4052 βασιλεὺς

2482 4092 2597 4157 ἅμα
2629 4087 2880 4155 Νικολάῳ
2909 4086 2987 4155 τῷ
3017 4084 3331 4154 πατριάρχῃ
3375 4082 3433 4133 ἐν
3458 4083 3527 4150 τῇ
3560 4080 3691 4149 ἁγία
3730 4076 3880 4147 σορῷ
3949 4079 4060 4128 εἰσ-

2482 4180 2609 4250 eaea
2640 4179 2736 4230 καὶ
2757 4177 2855 4238 τὰς
2886 4178 3073 4244 χεῖρας
3094 4173 3355 4237 ἐξέτεινεν
3381 4171 3461 4232 είς
3486 4168 3678 4237 εὐχὴν,
3715 4163 3840 4219 εἶτα
3858 4164 4061 4235 πρηνὴς

2483 4270 2664 4324 πεσὼν
2720 4269 2779 4322 τὸ
2833 4268 2989 4335 ἅγιον
3026 4265 3221 4333 ἔδαφος
3270 4263 3447 4315 ἐκεῖνο
3493 4262 3607 4322 τοῖς
3647 4258 3889 4327 δάκρυσι
3935 4272 4059 4307 κατ-

2484 4363 2709 4433 έϐρεχε,
2756 4360 2855 4424 τὴν
2920 4359 3298 4426 πανάχραντον
3348 4352 3611 4406 Θεοτόκον
3644 4347 4065 4415 ἀντιϐολῶντῇν

2483 4454 2713 4523 ἀκαμπῆ
2740 4451 2833 4503 καὶ
2856 4450 3175 4517 ἀμείλικτον
3206 4445 3303 4498 τοῦ
3345 4443 3613 4514 τυράννου
3648 4441 3748 4493 καὶ.
3782 4439 4067 4509 ὑπερηφᾶ-

796 4556 1070 4610 emolliret
1096 4563 1151 4609 et
1184 4556 1249 4609 ad
1280 4555 1743 4624 pacisineundam
1772 4554 2126 4609 concordiam
2153 4554 2369 4608 induce-

2482 4562 2573 4598 νου
2606 4542 2830 4613 Συμεὼν
2858 4539 3087 4609 καρδίαν
3136 4536 3372 4606 μαλάξαι
3411 4534 3480 4586 τὰ
3511 4532 3648 4603 πρὸς
3678 4531 3917 4599 εἰρήνην
3953 4547 4067 4580 sw-

797 4654 900 4699 ret.
944 4646 1111 4700 Sacra
1147 4647 1314 4715 igitur
1348 4656 1592 4700 reserata
1624 4647 1808 4701 arcula
1832 4685 1845 4707 ,
1884 4647 1941 4699 in
1974 4661 2081 4714 qua
2112 4660 2382 4699 veneran-

798 4735 929 4789 dum
960 4747 1159 4791 sanctae
1193 4737 1286 4791 Dei
1310 4738 1606 4793 Genitricis
1630 4738 1933 4807 repositum
1962 4738 2242 4806 palliolum
2274 4744 2377 4799 est,

798 4838 977 4892 eoque
1029 4823 1156 4877 inde
1208 4824 1503 4893 imperator
1554 4824 1793 4888 sublato,
1863 4840 1967 4877 nec
2012 4824 2174 4878 aliter
2215 4838 2379 4891 quam

771 4914 1031 4969 .thorace
1060 4915 1322 4984 quodam,
1356 4918 1523 4971 nullis
1563 4916 1687 4970 telis
1727 4916 1940 4985 pervio,
1981 4924 2285 4984 assumpto,
2320 4929 2385 4968 ac

800 5022 963 5076 quam
990 5006 1044 5060 in
1075 5007 1421 5062 immaculata
1450 5009 1545 5063 Dei
1565 5008 1845 5062 Genitrice
1870 5008 2183 5069 collocarat,
2216 5007 2386 5076 galeae

803 5098 997 5162 instar,
1055 5098 1160 5152 fide
1215 5098 1323 5153 sibi
1372 5098 1643 5162 adhibita,
1700 5098 1832 5152 tutis
1877 5097 2088 5151 scilicet
2141 5097 2388 5150 munitus

803 5189 972 5243 armis
999 5204 1153 5243 sacra
1176 5190 1293 5245 a>de
1316 5190 1616 5260 egreditur.
1649 5189 1775 5245 Suis
1800 5190 1983 5257 itaque
2005 5188 2305 5243 classiariis
2324 5203 2389 5242 ac

805 5281 1070 5334 comitatu
1100 5281 1308 5351 clypeis
1360 5282 1641 5350 armisque
1682 5280 1805 5334 aliis
1853 5280 2025 5349 probe
2063 5280 2388 5338 instructus.

810 5373 864 5425 in
910 5373 1090 5427 locum
1133 5373 1499 5429 constitutum
1531 5388 1658 5428 cum
1687 5372 1959 5443 Symeone
1994 5380 2260 5427 tractatus
2290 5386 2389 5426 ve-

810 5464 889 5517 nit
915 5507 927 5517 .

879 5555 969 5610 20.
1011 5557 1168 5612 Feria
1192 5559 1381 5629 quinta
1402 5568 1544 5625 erat,
1569 5574 1697 5633 cum
1729 5560 1846 5615 hazc
1859 5566 2009 5630 gesta
2022 5567 2171 5622 sunt,
2188 5556 2391 5610 mensis

816 5648 1139 5704 Novembris
1157 5650 1248 5707 die
1278 5651 1488 5707 decima
1511 5666 1681 5720 nona,
1704 5652 1839 5709 hora
1856 5652 1963 5708 diei
1985 5655 2201 5720 quarta.
2232 5647 2397 5701 Venu.

2487 4637 2696 4690 θέσθαι.
2734 4635 2807 4687 Τὸ
2834 4632 2991 4700 ἆγιον
3019 4626 3112 4683 οὖν
3136 4628 3391 4682 κιϐώτιον
3418 4618 3823 4687 διανοίξαντες,
3860 4624 3989 4675 ἔνθα
4018 4622 4071 4673 τδ

2489 4727 2689 4782 σεπτὸν
2703 4728 2803 4795 τῆς
2835 4722 3141 4793 ὑπεραγὶας
3164 4719 3433 4774 Θεοτόκου
3472 4714 4070 4785 τεθησαυρισταιώμοο

2490 4825 2701 4891 φόριον,
2730 4820 2827 4873 καὶ
2857 4816 3017 4871 τοῦτο
3044 4814 3257 4867 ἐκεῖθεν
3286 4813 3314 4864 6
3343 4809 3597 4881 βασιλεὺς
3621 4807 3961 4876 ἀνελόμενος
3988 4807 4071 4859 καὶ

2491 4914 2678 4982 ὥσπερ
2708 4910 2831 4963 τινὰ
2861 4908 3089 4977 θώρακα
3108 4905 3478 4973 ἀδιάῥρηκτον
3502 4898 3970 4970 περιὸαλόμενος,
3993 4899 4073 4950 καὶ

2491 5005 2591 5074 τὴν
2632 5003 2816 5055 πίστιν
2850 4999 2948 5070 τὴν
2993 4999 3075 5059 εἰς
3102 4996 3201 5065 τὴν
3229 4995 3465 5062 ἄμωμον
3508 4990 3775 5044 Θεοτόκον
3804 4986 3900 5043 οἷα
3929 5007 4075 5059 περι-

2494 5095 2798 5165 κεφαλαίαν
2820 5091 2944 5145 τινὰ
2974 5087 3355 5157 περιθέμενος,
3386 5084 3554 5149 ἔξεισι
3594 5082 3689 5134 τοῦ
3722 5081 3861 5134 ναοῦ
3897 5083 4074 5139 ὅπλοις

2494 5185 2761 5254 ἀσςραλέσι
2808 5177 3310 5251 περιφραξὰμενος.
3364 5172 3448 5244 [Ρ.
3484 5170 3611 5241 580}
3661 5169 3769 5222 Τὸν
3802 5172 3909 5223 σὺν
3943 5168 4075 5234 αὐτῷ

2491 5275 2585 5328 οὖν
2637 5273 2820 5326 στόλον
2868 5267 3061 5323 ἀσπίσι
3109 5282 3170 5317 τε
3198 5264 3294 5316 καὶ
3322 5261 3505 5322 ὅπλοις
3540 5258 3816 5325 ἀσφαλέσι
3852 5276 4077 5311 καταιο-

2496 5368 2711 5437 σμήσας
2739 5364 2830 5416 τὸν
2864 5358 3171 5429 ὡρισμένον
3198 5356 3363 5409 τόπον
3417 5352 3680 5405 κατέλαϐε
3723 5352 4075 5419 συνομιὶῆσι;

2492 5458 2570 5530 τῷ
2592 5454 2841 5525 Συμεών.

2569 5549 2802 5618 Πέμπτη
2833 5539 2926 5597 οὖν
2954 5540 3137 5613 ἡμέρα
3166 5534 3235 5610 ἦν
3278 5538 3364 5591 ὅτε
3400 5532 3573 5588 ταῦτα
3604 5533 3854 5599 ἐγένετο,
3886 5533 3950 5585 :8’
3998 5531 4099 5597 toi

2502 5636 2811 5710 Νοεμϐρίου
2840 5634 3029 5705 μηνὸς,
3052 5632 3092 5685 δ’
3121 5629 3178 5683 δὲ
3204 5630 3302 5697 τῆς
3332 5625 3543 5697 ἡμέρας
3570 5621 3709 5693 ὥρα.
3739 5624 4075 5693 Παρεῖὲνεττδ

2108 5739 2341 5823 vanu;
2375 5730 2776 5814 moriones.

890 5840 926 5870 δ’
958 5838 1301 5909 απεζήτησεν
1352 5841 1410 5896 I'.
