4158 6438
120 388 222 447 965

1217 378 1413 438 HTE
1456 374 2013 437 BECENTIORUM
2059 380 2259 438 lMPP.

3260 389 3367 452 966

187 494 298 559 κζ’.
352 493 596 559 Ἐγένετο
646 492 700 542 δὲ
752 489 1051 559 τηνικαῦτα
1091 491 1183 542 καὶ
1221 490 1443 559 σεισμὸς
1484 489 1713 559 φοϐερὸς

1886 489 1977 542 27.
2034 488 2146 545 Sub
2200 492 2254 544 id
2293 502 2507 560 tempus
2556 494 2869 549 horrendus
2916 500 2971 552 in
3034 498 3390 555 Thracesium

116 594 173 641 ὲν
213 587 294 656 τῷ
318 584 426 638 τῶν
464 583 788 655 Θρακησίων
822 581 1039 652 θέματι.
1080 584 1173 636 καὶ
1209 583 1394 653 χάσμα
1426 584 1528 653 γῆς
1563 583 1706 653 μέγα

116 678 582 745 καταπληκτικὸν,
638 674 775 728 ὣστε
817 674 982 728 πολλά
1048 676 1219 744 χωρία
1272 675 1363 729 καὶ
1408 675 1705 745 ἐκκλησίας

117 769 526 838 καταποθῆναι.

188 861 297 932 κη’.
330 862 491 930 Μαΐῳ
519 860 574 913 δὲ
609 860 737 929 μηνὶ
770 856 871 921 κζ’,
929 857 1259 918 ἰνδικτιῶνος
1293 856 1376 919 ιε’,
1421 858 1647 926 Συμεὼν
1676 861 1703 911 ό

112 958 304 1027 ἄρχων
331 954 673 1025 Βουλγαρίας
722 952 1098 1023 ἐτελεύτησεν,
1140 954 1347 1022 Πέτρον
1388 954 1500 1004 υἱὸν
1530 952 1700 1006 αὑτοῦ

113 1048 527 1118 προϐαλόμενος
576 1046 832 1116 ἄρχοντα,
882 1046 940 1098 ὃν
974 1047 1038 1098 ὲκ
1076 1046 1174 1115 τῆς
1223 1046 1484 1114 δευτέρας
1538 1044 1702 1097 αὐτοῦ

113 1144 245 1212 ἔσχε
274 1141 567 1210 γυναικὸς,
603 1141 699 1209 τῆς
730 1137 966 1207 ἀδελφῆς
996 1138 1035 1190 Γ
1039 1138 1271 1207 εωργίου
1311 1139 1404 1191 τοῦ
1436 1139 1703 1205 Σουρσου-

115 1234 313 1301 ϐούλη,
336 1232 395 1285 ὃν
419 1233 513 1285 καὶ
540 1230 835 1301 ἐπίτροπον
865 1233 976 1294 τοῖς
994 1232 1187 1284 ἑαυτοῦ
1217 1234 1404 1285 παισὶν
1433 1234 1461 1284 ό
1481 1232 1706 1301 Συμεὼν

115 1323 541 1377 καταλέλοιπεν.
589 1323 810 1393 Μιχαὴλ
858 1321 913 1374 δὲ
960 1323 1025 1375 ἐκ
1053 1322 1153 1391 τῆς
1212 1325 1483 1392 προτέρας
1539 1324 1703 1377 αὑτοῦ

116 1416 417 1485 γενόμενον
464 1416 720 1483 γυναικὸς
752 1415 1012 1485 ἀπέκειρε
1061 1416 1315 1486 μοναχόν.
1354 1417 1605 1488 Ἰωάννης
1648 1418 1704 1471 δὲ

116 1510 213 1560 καὶ
237 1508 505 1578 Βενιαμὶν
552 1509 603 1561 οἰ
637 1507 732 1560 τοῦ
768 1508 980 1576 Πέτρου
1021 1508 1238 1577 ἀδελφοὶ
1276 1509 1353 1561 ἔτι
1394 1510 1552 1580 στολῇ
1584 1513 1705 1563 ἑκο-

118 1602 360 1671 σμοῦντο
382 1601 744 1671 Βουλγαρικῇ.

196 1693 305 1749 κθ’.
345 1695 425 1747 Τά
461 1694 645 1765 κύκλῳ
668 1693 758 1747 οὖν
790 1696 917 1765 ἔθνη
942 1696 1039 1765 τὴν
1069 1696 1163 1749 τοῦ
1187 1696 1412 1764 Συμεὼν
1442 1699 1706 1768 μαθόντες

115 1785 404 1856 τελευτὴν,
453 1786 508 1839 οἴ
553 1803 613 1839 τε
660 1786 951 1855 Χρωϐάτοι
986 1789 1079 1841 καὶ
1123 1791 1172 1841 οἰ
1226 1788 1423 1854 λοιποὶ,
1470 1793 1705 1860 ἐκστρα-

116 1878 303 1931 τεύειν
355 1879 497 1931 κατὰ
544 1878 869 1948 Βουλγάρων
918 1880 1219 1935 ἐϐούλοντο.
1272 1882 1451 1950 Λιμοῦ
1503 1883 1557 1935 δὲ
1611 1884 1707 1935 σὺν
1744 1850 1787 1910 Β

118 1971 315 2040 ἀκρίσι
345 1970 405 2024 τὸ
434 1970 805 2041 Βουλγαρικὸν
846 1972 997 2035 ἔθνος
1049 1976 1288 2043 ἰσχυρῶς
1336 1975 1705 2039 ἐκπιέζοντος,

118 2065 402 2117 ἐδεδίεσαν
430 2065 529 2135 μὲν
560 2066 653 2117 καὶ
686 2064 794 2118 τῶν
823 2065 998 2118 ἄλλων
1027 2067 1195 2119 ἐθνῶν
1224 2068 1325 2137 τὴν
1356 2068 1563 2135 ἔφοδον,
1594 2068 1710 2121 ἐδε-

116 2156 313 2210 δίεσαν
355 2158 411 2209 δὲ
453 2157 617 2211 πλέον
656 2158 750 2211 καὶ
789 2159 887 2228 τὴν
919 2160 1026 2212 τῶν
1074 2160 1361 2229 Ῥωμαίων
1404 2162 1706 2217 ἐπέλευσιν.

118 2249 337 2319 Βουλὴν
387 2246 481 2304 οὖν
510 2252 872 2321 ποιησάμενοι
926 2254 1066 2306 κατά
1131 2255 1423 2323 Ῥωμαίων
1477 2256 1711 2325 ἐκστρα-

116 2340 404 2408 τεύοὺσιν,
438 2345 529 2396 καὶ
558 2345 615 2397 ὲν
641 2346 952 2416 Μακεδονία
981 2348 1516 2416 καταλαμὸάνουσιν.
1543 2350 1712 2403 Φόϐον

119 2436 235 2498 οὖν,
276 2439 354 2500 ὠς
397 2438 566 2501 εἰκὸς,
596 2441 708 2502 τοῖς
741 2440 1037 2508 Ῥωμαίοις
1073 2443 1487 2512 ὲμποιήσοντες,
1521 2443 1713 2497 ἔπειτα

123 2528 399 2597 μαθόντες
425 2530 507 2582 ὅτι
551 2529 735 2597 μέλλει
764 2533 885 2584 κατ’
920 2533 1101 2585 αύτῶν
1140 2534 1529 2603 ἐκστρατεύειν
1556 2539 1582 2589 ὀ
1616 2537 1711 2606 βα-

120 2621 336 2685 σιλεὺς,
391 2622 779 2676 ἀποστέλλουσι
810 2624 1016 2693 Πέτρος
1058 2642 1116 2677 τε
1157 2627 1252 2678 καὶ
1281 2626 1549 2699 Γεώργιος
1581 2647 1711 2699 κρυ-

120 2716 267 2779 φίως
300 2714 419 2766 τινὰ
451 2715 683 2784 μοναχὸν
715 2715 1029 2785 Καλοκῦριν
1060 2716 1481 2788 ὀνομαζόμενον,
1517 2722 1596 2790 τῷ
1620 2722 1715 2789 γέ-

120 2824 204 2859 νει
251 2809 638 2876 ’Δρμενιακὺν,
666 2810 1085 2878 χρυσοῦούλλιον
1112 2812 1197 2883 [Ρ.
1226 2812 1352 2883 585]
1380 2816 1717 2885 ἐπιφερόμε-

122 2919 213 2953 νον
236 2901 305 2955 “.
348 2901 645 2972 Διηγόρευε
676 2902 732 2954 δὲ
772 2902 837 2954 τά
882 2905 938 2955 ὲν
973 2904 1122 2974 αύτῴ
1165 2904 1240 2969 ὼς
1274 2906 1373 2977 τὴν
1407 2908 1544 2976 μετά
1582 2907 1717 2960 Ῥω-

123 2996 313 3063 μαίων
338 2996 563 3065 εἰρήνην
594 2994 933 3059 ἀσπάζονται
964 2998 1059 3050 καὶ
1087 3000 1360 3070 πρόθυμοι
1386 3003 1562 3073 ταύτῃ
1596 3018 1717 3053 συν-

122 3089 323 3141 θέσθαι
345 3086 508 3151 εἰσὶν,
539 3089 599 3141 οὐ
642 3089 804 3158 μόνον
830 3090 888 3142 δὲ
929 3092 1065 3159 ἀλλ’,
1112 3092 1164 3146 εἴ
1184 3110 1249 3163 γε
1292 3094 1593 3163 βούλονται,
1621 3096 1714 3149 καὶ

122 3179 374 3249 γαμικὸν
404 3179 630 3249 ποιῆσαι
661 3181 935 3251 συνάλλαγ
947 3200 1041 3252 μα.

200 3351 274 3408 λ’.
309 3353 414 3405 Τδν
440 3356 683 3409 τοιοῦτον
716 3353 811 3410 οὖν
842 3360 1077 3430 μοναχὸν
1110 3364 1138 3415 ὁ
1168 3362 1421 3431 βασιλεὺς
1451 3365 1718 3431 ἀποδεξά-

127 3461 299 3514 μενος
324 3446 726 3513 ἀσμενέστατα,
756 3450 1005 3521 παρευθὺ
1030 3452 1317 3507 ἀπέστειλε
1345 3456 1483 3525 μετά
1509 3457 1720 3527 δρόμω-

124 3551 217 3597 vo;
252 3536 311 3586 ἐν
340 3537 677 3609 Μεσημϐρία
699 3539 790 3593 τὸν
821 3543 1055 3612 μοναχὸν
1092 3545 1371 3599 Θεοδόσιον
1397 3548 1487 3599 τὸν
1529 3549 1720 3601 Ἀδού-

125 3646 235 3696 κην
270 3631 368 3681 καὶ
406 3630 819 3687 Κωνσταντῖνον
855 3634 1137 3703 βασιλικὸν
1174 3638 1437 3708 κληρικὸν
1475 3642 1565 3693 τόν
1607 3643 1722 3695 Ῥό-

126 3721 269 3781 διον,
325 3719 396 3773 τὰ
442 3722 523 3784 εἰς
572 3724 795 3794 εἰρήνην
848 3727 1183 3796 συλλαλῆσαι
1207 3734 1319 3793 τοῖς
1367 3733 1718 3803 Βουλγάροις.

127 3814 195 3865 Οἱ
232 3812 295 3865 δὲ
338 3816 775 3883 παραγενόμενοι
811 3818 908 3871 καὶ
951 3820 1020 3871 τὰ
1065 3824 1250 3873 εἰκότα
1287 3823 1722 3895 συλλαλήσαντες

124 3904 365 3973 ἐξῆλθον
414 3905 531 3975 ἆμα
578 3908 835 3980 Στεφάνῳ
870 3911 1165 3984 Βουλγάρῳ
1208 3915 1293 3969 διὰ
1337 3917 1527 3988 ξηρᾶς.
1566 3923 1724 3974 Ὀπι-

124 3999 263 4051 σθεν
291 3997 348 4049 δὲ
372 3997 555 4051 αὐτῶν
583 4003 847 4055 κατέλαϐε
876 4006 969 4058 καὶ
996 4006 1268 4077 Γεώργιος
1293 4013 1319 4062 ό
1352 4012 1719 4083 Σουρσούϐου-

122 4089 243 4153 λος.
278 4090 394 4142 Καὶ
426 4093 866 4162 παραγενόμενοι
917 4098 973 4149 ὲν
1022 4100 1596 4159 Κωνσταντινουπόλει
1623 4109 1724 4177 τὴν

124 4184 363 4253 εἰρήνην
390 4183 739 4254 ἐποιήσαντο,
763 4187 859 4241 καὶ
895 4190 1249 4261 συνάλλαγμα
1279 4196 1415 4263 μετά
1444 4197 1539 4249 τοῦ
1568 4198 1724 4267 βασι-

126 4274 271 4337 λέως
294 4274 523 4342 ποιῆσαι
550 4276 845 4347 ᾐτήσαντο.
877 4279 1216 4351 Θεασάμενοι
1238 4284 1291 4336 δὲ
1322 4288 1420 4356 τὴν
1448 4286 1723 4358 θυγατέρα

126 4370 173 4420 Χ
185 4367 513 4436 ριστοφόρου
527 4369 747 4439 Μαρίαν
762 4372 855 4424 καὶ
873 4374 1123 4442 μεγάλως
1140 4376 1225 4427 ἐπ’
1242 4378 1376 4447 αὐτῇ
1402 4380 1724 4449 άρεσθέντες

126 4457 385 4529 ἔγραψαν
405 4457 482 4528 τῷ
495 4460 687 4531 Πέτρῳ
704 4462 789 4515 διὰ
804 4462 999 4534 τάχους
1014 4468 1441 4534 παραγενέσθαι,
1458 4470 1724 4540 σύμφωνα

1814 581 2055 636 themate
2083 582 2295 636 exstitit
2322 592 2481 638 terra:
2514 594 2715 650 motus,
2759 586 3060 658 ingensque
3091 604 3156 645 ac
3191 592 3395 646 territi-

1813 692 1910 730 cus
1946 686 2106 731 terra:
2151 676 2352 743 hiatus,
2401 680 2475 733 ita
2509 687 2568 733 ut
2608 680 2764 748 plura
2814 683 3018 750 praedia
3051 692 3107 739 et
3140 686 3392 741 ecclesia:

1812 782 1936 821 cum
1978 768 2299 823 hominibus
2333 770 2587 840 absorpta
2616 772 2745 823 sint.

1880 861 2046 932 904
2071 863 2159 915 28.
2217 859 2344 914 Maii
2374 865 2582 917 mensis
2625 864 2892 933 vigesima
2944 865 3194 933 septima,
3250 866 3395 920 indi-

1813 953 1994 1007 ctione
2028 954 2219 1021 quinta
2261 953 2497 1017 decima,
2547 956 2783 1009 moritur
2839 955 3077 1026 Symeon
3125 957 3392 1026 Bulgaria:

1811 1044 2089 1113 princeps,
2129 1046 2353 1100 Petrum
2398 1045 2571 1099 ﬁlium
2614 1062 2795 1112 suum,
2827 1064 2991 1116 quem
3037 1064 3104 1101 ex
3150 1050 3391 1103 secunda

1813 1154 1984 1192 uxore
2018 1153 2117 1192 sua
2150 1140 2475 1193 Sursubulis
2515 1154 2707 1193 sorore
2748 1143 3046 1194 sustulerat
3084 1141 3393 1211 praeﬁciens

1811 1233 2137 1300 principem,
2183 1248 2345 1300 quem
2391 1244 2447 1286 et
2475 1232 2836 1286 Sursubulem
2880 1232 3113 1303 Symeon
3161 1249 3391 1288 suorum

1812 1324 2116 1378 liberorum
2171 1324 2397 1391 scripsit
2454 1332 2713 1378 tutorem.
2750 1324 3070 1379 Michaelem
3112 1340 3178 1377 ex
3201 1326 3393 1393 priore

1815 1430 1987 1469 uxore
2019 1423 2335 1484 susceptum
2364 1413 2617 1469 detondit
2646 1415 2977 1469 monachum
3020 1431 3034 1467 :
3065 1414 3305 1467 Joannes
3334 1421 3393 1468 et

1812 1506 2096 1575 Benjamin
2127 1507 2275 1563 Petri
2305 1506 2506 1561 fratres
2543 1506 2725 1572 adhuc
2768 1507 3035 1577 Bulgaria:
3060 1506 3199 1561 stola
3229 1520 3394 1560 orna-

1813 1600 2035 1653 bantur.

1882 1688 1975 1741 ‘29.
2026 1688 2448 1745 Circumvicinze
2490 1690 2659 1761 igitur
2718 1698 2951 1760 gentes,
3006 1699 3122 1743 tum
3180 1688 3396 1745 scilicet

1811 1780 2079 1836 Clirobati
2112 1793 2223 1837 tum
2264 1782 2484 1852 reliqui,
2512 1784 2698 1837 audita
2734 1783 3025 1853 Symeonis
3048 1789 3223 1836 morte
3264 1781 3394 1836 Bul-

1813 1892 1975 1945 gnros
2022 1877 2167 1930 bello
2204 1877 2480 1931 incessere
2519 1878 2854 1932 statuebant.
2912 1877 3074 1932 Fame
3108 1891 3243 1931 vero
3270 1890 3397 1930 cum

1814 1969 2023 2039 ingenti
2055 1970 2394 2024 locustarum
2426 1970 2585 2040 copia
2624 1971 2986 2041 Bulgarorum
3020 1981 3236 2039 gentem
3266 1985 3397 2039 gra-

1811 2065 1955 2117 viter
1978 2074 2283 2132 premente,
2319 2080 2444 2117 cum
2489 2067 2720 2119 aliarum
2752 2066 2996 2134 gentium
3032 2066 3395 2133 irruptionem

1812 2156 2206 2218 formidabant,
2246 2166 2361 2211 tum
2390 2159 2668 2228 praecipue
2702 2159 3079 2213 Romanorum
3112 2160 3163 2210 in
3202 2172 3261 2211 se
3289 2158 3363 2212 im
3386 2182 3398 2194 -

1811 2260 1999 2319 petum
2031 2252 2373 2306 metuebant.
2409 2251 2607 2305 Secum
2661 2252 2845 2320 itaque
2890 2251 3266 2305 deliberantes
3292 2248 3393 2303 ad-

1813 2360 2009 2398 versus
2058 2346 2336 2399 Romanos
2366 2344 2561 2414 'copias
2609 2344 2875 2408 educunt,
2918 2360 2983 2398 ac
3020 2343 3396 2399 Macedoniam

1814 2436 2028 2490 infestis
2063 2437 2234 2506 signis
2262 2445 2477 2506 petunt,
2510 2436 2791 2497 Romanis,
2845 2446 2906 2489 ut
2952 2452 3052 2505 par
3094 2444 3202 2498 est,
3235 2435 3399 2490 incud

1814 2530 2017 2584 tientes
2044 2540 2271 2585 metum.
2306 2530 2445 2583 Tum
2474 2530 2565 2584 ubi
2590 2530 2838 2583 didicere
2866 2529 2983 2584 fore
3015 2538 3075 2582 ut
3097 2531 3399 2598 imperator

1815 2624 2099 2677 Romanus
2153 2622 2209 2676 in
2251 2638 2347 2677 eos
2395 2630 2637 2676 verteret
2692 2624 2982 2690 impetum,
3036 2636 3143 2676 una
3202 2623 3400 2677 Petrus

1814 2717 2191 2787 Georgiusque
2233 2718 2565 2771 monachum
2611 2718 2901 2785 quemdam
2948 2715 3255 2786 Calocyrim
3292 2731 3397 2769 no-

1817 2811 1983 2871 mine,
2018 2824 2221 2879 genere
2244 2809 2655 2870 Armeniacum,
2679 2823 2845 2861 aurea
2876 2808 3212 2861 instructum
3249 2808 3399 2862 bulla

1815 2902 2031 2955 occulte
2075 2901 2324 2955 mittunt.
2370 2902 2541 2955 Bulla:
2591 2910 2748 2955 tenor
2788 2900 2879 2953 hic
2926 2906 3068 2963 erat,
3099 2914 3289 2968 pacem
3338 2914 3398 2955 se

1815 2994 2072 3062 amplecti
2108 3009 2233 3048 cum
2282 2996 2575 3057 Romanis,
2625 3000 2681 3047 ct
2730 3000 2789 3045 ut
2843 2991 2989 3045 illam
3040 2999 3398 3060 componant,

1817 3089 2088 3157 promptis
2127 3088 2327 3142 animis
2361 3103 2517 3152 esse;
2551 3102 2731 3155 neque
2759 3085 2813 3139 id
2852 3085 3036 3149 modo,
3069 3085 3162 3139 sed
3202 3094 3259 3140 et
3294 3101 3399 3139 uu-

1742 3195 1787 3255 C
1818 3182 2056 3249 ptiarum
2088 3180 2319 3247 foedera,
2363 3181 2493 3236 dum
2526 3181 2634 3236 illis
2663 3180 2942 3243 adlubeat,
2984 3193 3109 3233 cum
3136 3178 3401 3234 Romanis

1819 3289 1878 3328 se
1901 3290 2023 3329 esse
2053 3274 2314 3329 inituros.

1886 3367 1975 3420 50.
2008 3367 2327 3421 Istiusmodi
2371 3368 2556 3438 itaque
2604 3368 2876 3422 monacho
2910 3364 3283 3436 placidissime
3310 3379 3400 3420 re-

1819 3469 2003 3527 cepto,
2065 3459 2329 3513 continuo
2384 3459 2688 3527 imperator
2736 3458 3111 3513 Theodosium
3157 3457 3402 3512 Abucem

1820 3549 2152 3603 monachum
2184 3548 2347 3619 905
2373 3557 2428 3603 et
2459 3549 2882 3602 Constantinum
2916 3548 3214 3610 Rhodium,
3241 3548 3408 3603 cleri-

1821 3656 1945 3694 cum
2008 3641 2339 3710 palatinum,
2392 3654 2523 3694 cum
2576 3639 2827 3709 Bulgaris
2866 3640 2920 3692 in
2957 3636 3283 3692 Mesembria
3334 3631 3407 3687 de

1821 3746 1955 3800 pace
2012 3731 2388 3784 collocutnros
2437 3730 2641 3784 emisit.
2702 3730 2804 3795 Qui
2844 3744 2967 3783 cum
3019 3728 3298 3783 venissent
3341 3740 3407 3781 ac

1822 3822 2097 3891 colloquio
2144 3821 2331 3875 habito
2383 3836 2497 3875 rem
2534 3822 2821 3875 commode
2857 3827 3205 3884 tractaSsent,
3256 3826 3407 3873 terra

1824 3913 1930 3967 iter
1979 3914 2246 3967 habentes
2286 3914 2449 3967 Petro
2496 3913 2731 3983 Bulgaro
2787 3913 2896 3967 illis
2929 3913 3131 3968 comite
3165 3910 3409 3967 rediere.

1825 4007 1954 4060 Post
2009 4007 2109 4060 hos
2153 4006 2317 4059 etiam
2369 4006 2640 4076 Georgius
2690 4005 3037 4059 Sursubulus
3072 4004 3411 4060 subsecutus

1824 4110 1944 4165 est;
1982 4115 2219 4169 cumque
2260 4100 2315 4153 in
2364 4100 2556 4153 urbem
2593 4100 2892 4162 venissent,
2936 4113 3127 4167 pacem
3158 4098 3410 4151 inierunt

1825 4209 1889 4247 ac
1918 4208 2042 4246 cum
2069 4193 2401 4262 imperatore
2430 4194 2632 4262 pacisci
2662 4193 2963 4262 petierunt.
2990 4193 3409 4261 Conspectaque

1827 4287 1992 4341 Maria
2022 4286 2411 4356 Cbristophori
2451 4286 2834 4356 lilia,ejusque
2885 4284 3182 4353 plurimum
3224 4284 3412 4352 specie

1827 4379 2113 4448 formaque
2144 4379 2428 4441 oblectati,
2467 4380 2652 4442 Petro,
2693 4388 2753 4432 nt
2795 4394 2959 4448 quam
2999 4377 3289 4433 celerrime
3314 4393 3410 4431 ve-

1826 4473 1995 4536 niret,
2029 4474 2323 4543 scripsere,
2361 4488 2485 4529 cum
2535 4474 2683 4527 inita:
2731 4474 2883 4541 pacis
2928 4482 3084 4542 pacta
3117 4484 3243 4526 ante
3276 4487 3407 4543 per-

128 4555 469 4619 ποιήσαντες
505 4553 772 4625 πρότερον
820 4556 953 4625 περὶ
992 4556 1093 4626 τῆς
1134 4560 1422 4626 γεγονυίας
1473 4564 1717 4634 εἰρήνης.

1830 4566 2147 4621 cussisscnt.

206 4641 315 4697 λα’.
365 4644 669 4715 ’Δπεστάλη
704 4646 760 4698 δὲ
793 4646 1041 4718 Νικήτας
1079 4649 1375 4721 μάγιστρος
1409 4654 1438 4706 ό
1472 4658 1720 4725 συμπέν-

129 4738 300 4806 θερος
344 4736 627 4806 Ῥωμανοῦ
679 4736 945 4807 βασιλέως
994 4742 1299 4812 ὑπαντῆσαι
1352 4746 1446 4799 καὶ
1493 4748 1721 4817 ἀγαγεῖν

131 4830 355 4900 Πέτρον
394 4828 558 4898 μέχρι
603 4829 704 4899 τῆς
736 4830 963 4895 πόλεως.
997 4832 1103 4885 Τοῦ
1148 4834 1457 4907 Βουλγάρου
1492 4837 1585 4895 οὖν
1623 4844 1728 4895 Πέο

129 4939 271 4989 τρου
320 4922 744 4986 καταλαϐόντος,
787 4928 1046 4996 τριήρους
1086 4930 1114 4980 ό
1151 4927 1407 4998 βασιλεὺς
1448 4933 1726 5003 Ῥωμανὸς

131 5012 341 5074 ὲπιὸἀς
360 5014 419 5065 ιν
450 5013 779 5085 Βλαχέρναις
809 5019 1143 5087 παρεγένετο
1175 5023 1271 5075 καὶ
1300 5024 1390 5077 τὸν
1426 5025 1629 5096 Πέτρον
1650 5029 1725 5092 ὡς

130 5106 305 5158 αὐτὸν
359 5105 696 5175 ἀφικόμενον
752 5108 1017 5165 ἐθεάσατό
1060 5130 1118 5167 τε
1170 5115 1263 5169 καὶ
1313 5118 1720 5188 κατησπάσατο.

144 5196 308 5251 Ἐπεὶ
336 5196 393 5250 δὲ
425 5198 677 5269 ἀλλήλοις
718 5201 783 5255 τά
810 5203 1002 5257 εἰκότα
1044 5206 1451 5278 συνωμίλησαν,
1483 5211 1724 5283 ύπογρά·

135 5307 340 5359 φονται
366 5290 435 5344 τά
477 5308 539 5344 τε
585 5292 854 5363 σύμφωνα
906 5296 1006 5366 τῆς
1038 5299 1263 5370 εἰρήνης
1293 5301 1389 5354 καὶ
1412 5302 1480 5355 τά
1513 5308 1727 5374 γαμικά

141 5383 596 5455 συναλλάγματα,
657 5389 1087 5458 μεσολαϐοῦντος
1115 5394 1174 5446 ὲν
1211 5394 1421 5460 τούτοις
1465 5400 1557 5451 καὶ
1602 5416 1727 5451 συν-

140 5480 287 5550 εχῶς
342 5480 743 5547 διευθετοῦντος
789 5485 858 5538 τὰ
916 5487 1121 5555 μεταξὺ
1176 5486 1467 5561 Ῥωμαίων
1519 5510 1577 5545 τε
1632 5495 1727 5547 καὶ

140 5573 475 5645 Βουλγάρων
499 5575 594 5629 τοῦ
625 5576 1129 5648 πρωτοὸεστιαρίου
1157 5580 1483 5650 Θεοφάνους.

213 5661 318 5735 λβ’.
367 5664 559 5737 Ὅγδόῃ
605 5664 659 5718 δὲ
704 5665 798 5719 τοῦ
843 5666 1176 5738 Ὀκτωὸρίου
1223 5671 1391 5740 μηνὸς
1430 5670 1652 5740 ἐξῆλθεν
1694 5676 1721 5725 ὁ

1901 4658 1988 4711 51.
2016 4657 2214 4712 Missus
2244 4674 2375 4713 vero
2403 4667 2488 4713 est
2519 4666 2572 4711 et
2601 4657 2821 4712 Nicetas
2857 4658 3140 4727 magister,
3174 4656 3410 4712 Romani

1832 4750 2185 4819 imperatoris
2236 4766 2521 4813 consocer,
2561 4750 2654 4819 qui
2699 4750 2917 4805 obviam
2952 4749 3057 4805 iret
3086 4766 3150 4805 ac
3182 4751 3411 4805 Petrum

1826 4842 1894 4897 ad
1934 4842 2126 4895 urbem
2182 4857 2355 4910 usque
2386 4842 2639 4896 duceret.
2677 4842 2871 4896 Petrus
2918 4842 3102 4911 itaque
3144 4841 3413 4912 Bulgarus

1829 4953 1953 4993 cum
2002 4936 2265 4997 venisset,
2318 4951 2618 4992 conscensa
2672 4936 2955 4991 Romanus
2983 4937 3281 5004 imperator
3312 4936 3412 4989 tri-

1836 5046 1983 5085 reme
2006 5030 2337 5084 Blacheruas
2367 5029 2522 5099 petit.
2552 5045 2616 5083 ac
2649 5028 2723 5081 ibi
2750 5029 2972 5083 Petrum
3002 5028 3066 5082 ad
3096 5043 3155 5081 se
3184 5027 3414 5081 venien-

1835 5132 1944 5176 tem
1994 5130 2049 5175 et
2080 5120 2221 5175 vidit
2267 5130 2323 5175 et
2356 5120 2547 5175 osculo
2584 5119 2863 5175 salutavit.
2896 5120 3045 5175 inter
3080 5133 3138 5173 se
3180 5134 3313 5173 vero
3345 5118 3413 5173 de

1833 5214 2199 5285 prmsentibns
2246 5214 2483 5284 negotiis
2535 5214 2860 5277 collocutis,
2914 5211 3417 5282 subscriptionibus

1837 5308 2049 5362 munita
2087 5315 2313 5377 rataque
2349 5308 2535 5361 habita
2566 5307 2716 5376 pacis
2744 5306 2950 5376 pariter
2983 5307 3415 5375 nuptiarumque

1838 5397 2071 5462 hedera,
2090 5397 2425 5468 Theophane
2446 5397 2869 5468 protovcstiario
2902 5398 2955 5451 in
2982 5396 3236 5451 omnibus
3256 5393 3419 5465 quasi

1835 5498 2143 5561 sequestro,
2180 5507 2243 5546 ac
2283 5491 2515 5546 solerter
2545 5492 2823 5546 Romanos
2866 5492 3009 5545 inter
3040 5490 3416 5561 Bulgarosque

1833 5584 2114 5653 negotium
2151 5584 2443 5653 dirigentc.

1903 5677 1991 5731 52.
2029 5676 2237 5733 Octavo
2277 5688 2458 5735 autem
2502 5681 2707 5737 mensis
2731 5679 2984 5737 Octobris
3029 5695 3281 5751 egressus
3313 5696 3411 5749 pa-

1440 5789 1668 5849 VAlllE
1712 5794 2111 5851 LEC'I'IONES.

205 5879 246 5907 ετ
273 5879 355 5929 ὅτι
383 5878 471 5930 καὶ
503 5880 550 5931 οἰ
585 5878 881 5949 Βούλγαροι
911 5883 1048 5953 μετά
1076 5887 1377 5956 [pamulae
1417 5890 1739 5946 ἐϐούλλυναν
1772 5895 1865 5956 τὰς
1891 5894 2129 5963 γραφάς,
2168 5911 2351 5966 margo
2388 5896 2426 5951 Γ
