4158 6438
183 425 295 488 969

1289 427 1485 486 νιΤΑι
1516 424 2070 491 RECENTIOKUM
2112 429 2310 490 lMPP.

3338 440 3445 503 970

177 554 241 590 τε
263 536 586 608 δομέστικος
608 536 714 591 τῶν
740 535 944 607 σχολῶν
972 536 1223 607 Ἰωάννης
1245 538 1272 589 ὁ
1295 538 1541 606 Κροκόας
1563 537 1607 567 ³⁷
1627 534 1753 605 μετᾶ

1871 537 1974 591 bus
2000 547 2058 593 et
2083 538 2411 610 legionibus,
2458 542 2752 613 Meliusque
2800 547 3079 604 Armeniis
3132 548 3443 619 praefectus.

177 631 292 684 τῶν
304 630 562 700 θεμάτων
584 631 679 683 καὶ
709 630 818 682 τῶν
842 631 1141 700 ταγμάτων
1156 631 1248 683 καὶ
1280 632 1306 682 ὁ
1339 632 1552 701 Μηλίας
1568 632 1611 662 ³⁸
1631 632 1765 701 μετὰ

176 720 291 772 τῶν
314 719 637 791 Ἀρμενίων,
671 720 767 774 καὶ
800 720 1003 783 πολλὰς
1050 722 1331 791 προνομὰς
1369 721 1489 775 καθ’
1526 722 1764 792 ἑκάστην

180 812 524 882 ποιούμενοι,
560 815 653 867 καὶ
679 817 800 877 ταῖς
825 814 1107 883 συνεχέσιν
1136 814 1459 885 ἐπιδρομαῖς
1484 815 1766 885 αἰχμαλω-

176 904 426 967 τίζοντες
444 904 664 967 τούτους
689 906 783 958 καὶ
810 904 1105 973 ληϊζοντες,
1124 905 1205 967 εἰς
1220 906 1488 975 τοσαύτην
1508 908 1765 960 στένωσιν

180 998 281 1066 τὴν
330 997 639 1068 Μελιτηνὴν
684 997 1052 1067 περιέστησαν
1102 996 1189 1068 [Ρ.
1227 998 1535 1065 5851ὦστε
1596 1000 1766 1069 αὐτὴν

180 1087 575 1156 συντομώτατα
592 1088 929 1159 ὲκπορθῆσαι
956 1089 1050 1140 καλ⁵
1070 1088 1175 1150 ἕως
1203 1090 1433 1160 ἐδάφους
1462 1094 1765 1160 καταστρέ-

178 1179 303 1246 ψαι,
327 1180 389 1232 οὐ
424 1180 586 1250 μόνον
610 1179 663 1232 δὲ
694 1178 920 1250 ταύτην,
954 1180 1091 1233 ἀλλὰ
1123 1181 1216 1233 καὶ
1250 1182 1349 1245 τὰς
1370 1181 1604 1251 ὁμόρους
1625 1182 1762 1253 αὑτῇ

180 1272 371 1335 πόλεις
398 1274 491 1325 καὶ
516 1274 700 1345 χώρας
730 1274 1067 1343 πολυςὸρους
1097 1291 1158 1328 τε
1190 1276 1354 1339 οὔσας
1377 1274 1474 1328 καὶ
1506 1276 1766 1337 πιοτάτας

177 1367 277 1419 καὶ
305 1366 471 1427 ἄλλας
496 1366 542 1398 ⁸⁸
570 1366 769 1429 πολλὰς
792 1368 1051 1435 παρέχειν
1081 1367 1396 1439 προσόδους.
1431 1366 1647 1435 Ταύτην
1673 1367 1765 1421 οὖν

177 1459 279 1525 τὴν
302 1458 347 1488 ⁸⁸
396 1456 705 1527 Μελιτηνὴν
753 1457 833 1518 είς
868 1458 1254 1527 κουριτωρίαν
1300 1457 1766 1524 ἀποκαταστήσας

174 1548 203 1596 ὀ
236 1546 496 1615 βασιλεὺς
549 1546 746 1610 πολλὰς
793 1546 1041 1616 χιλιάδας
1090 1547 1317 1618 χρυσίου
1375 1549 1467 1600 καὶ
1500 1546 1764 1619 ἀργυρίου

175 1637 392 1689 ἐκεῖθεν
430 1636 894 1706 δασμοφορείσθαι
925 1638 1160 1708 ἐτησίως
1201 1638 1521 1708 πεποίηκεν.

249 1727 363 1794 λς’.
428 1730 800 1801 Κατηγορήθη
861 1730 919 1783 δὲ
982 1729 1228 1800 Νικῆτας
1302 1731 1602 1801 μάγιστρος
1670 1731 1767 1783 καὶ

175 1824 445 1894 πενθερὸς
501 1823 878 1894 Χριστοφόρου
924 1822 1191 1892 βασιλέως
1251 1822 1326 1886 ὡς
1378 1824 1765 1891 ὑποτιθέμενος

172 1916 328 1986 αὐτῷ
362 1916 505 1970 κατὰ
531 1916 626 1977 τοῦ
660 1916 793 1969 ἰδίου
829 1915 1084 1984 γενέσθαι
1119 1916 1325 1985 πατρὸς
1355 1918 1448 1970 καὶ
1477 1917 1574 1985 τῆς
1606 1915 1761 1985 βασι-

172 2009 329 2072 λείας
373 2010 536 2063 αὑτὸν
587 2007 834 2074 ὲξεῶσαι.
874 2008 1075 2061 Τοῦτον
1122 2004 1216 2062 οὖν
1269 2008 1628 2078 ἐξαγαγόντες
1660 2008 1759 2077 τῆς

174 2104 389 2166 πόλεως
413 2104 717 2173 ἀπέκειραν
745 2104 998 2173 μοναχὸν,
1023 2100 1449 2172 ὐπερορίσαντες
1482 2104 1538 2155 ὲν
1560 2101 1635 2170 τῷ
1660 2103 1757 2155 αὑ-

170 2196 268 2247 τοῦ
310 2195 650 2265 προαστείῳ.

245 2286 347 2349 λζ’.
382 2288 528 2354 Μηνὶ
562 2287 618 2341 δὲ
664 2287 868 2357 Ἰουλίῳ
899 2292 989 2357 ιη’,
1028 2284 1356 2348 ίνδικτιῶνος
1386 2284 1461 2350 ς’,
1490 2286 1759 2354 Στέφανος

169 2384 199 2433 ὁ
253 2382 605 2451 πατριάρχης
652 2380 901 2448 τελευτᾷ,
945 2380 1177 2449 ποιήσας
1228 2377 1325 2447 ἔτη
1362 2375 1402 2447 β’
1436 2378 1529 2431 καὶ
1587 2381 1760 2448 μῆνας

174 2481 266 2528 ια’.
290 2475 616 2543 Δεκεμϐρίῳ
649 2473 705 2526 δὲ
746 2472 878 2544 μηνὶ
918 2472 980 2526 ιδ’
1010 2472 1200 2540 ἄγουσι
1226 2471 1498 2541 Τρύφωνα
1524 2472 1758 2541 μοναχὸν

167 2572 228 2621 ὲν
255 2567 335 2635 τῷ
382 2566 612 2636 ὐψικίῳ
643 2566 967 2636 μονάζοντα,
994 2564 1083 2615 ἐπ’
1108 2564 1365 2633 εὐλαϐείᾳ
1389 2564 1483 2616 καὶ
1508 2564 1756 2634 ἁγιότητι

173 2658 651 2731 μαρτυρούμενον,
704 2658 799 2712 καὶ
852 2655 1226 2727 χειροτονοῦσι
1267 2656 1614 2727 πατριάρχην
1666 2658 1758 2710 ἐπὶ

170 2757 355 2823 χρόνῳ
384 2753 535 2823 ρητῷ
556 2754 625 2818 ⁸⁸,
664 2755 856 2822 μέχρις
889 2749 954 2804 ἂν
983 2751 1061 2813 είς
1104 2749 1303 2819 μέτρον
1339 2750 1552 2820 ἡλικίας
1576 2750 1756 2821 φθάσῃ

169 2846 555 2914 Θεοςρύλακτος
612 2846 641 2897 ὁ
702 2844 797 2898 τοῦ
855 2843 1119 2915 βασιλέως
1168 2842 1455 2912 Ῥωμανοῦ
1517 2844 1650 2909 υίὲς,
1698 2846 1756 2897 ὃν

166 2940 401 3009 ἔμελλον
454 2942 797 3007 πατριάρχην
848 2938 1176 3007 χειροτονεῖν
1235 2936 1753 2991 Κωνσταντινουπό-

167 3047 328 3094 Αεως.

235 3205 342 3275 λη’.
401 3206 590 3259 Εἰκάδι
634 3206 691 3259 δὲ
743 3206 971 3277 πέμπτῃ
1007 3206 1099 3259 τοῦ
1137 3205 1300 3259 αὑτοῦ
1340 3208 1509 3277 μηνὸς
1545 3210 1752 3280 χειμὼν
1784 3240 1826 3297 C

162 3300 447 3369 ἀφόρητος
497 3303 741 3367 γέγονεν,
791 3297 933 3351 ὥστε
980 3298 1463 3370 κρυσταλλωθῆναι
1498 3304 1595 3373 τὴν
1649 3303 1751 3372 γῆν

160 3391 262 3443 ἐπὶ
294 3392 509 3462 ἡμέρας
542 3397 644 3460 ρκ’.
681 3391 843 3443 Ὅθεν
874 3390 968 3443 καὶ
999 3391 1189 3458 γέγονε
1230 3391 1401 3460 μέγας
1441 3392 1595 3461 λιμὸς
1623 3394 1751 3456 τοὺς

161 3484 392 3537 πώποτε
420 3484 748 3555 γενομένους
779 3482 1274 3555 ὑπερϐαλλόμενος,
1306 3487 1400 3538 καὶ
1427 3484 1657 3551 θάνατος
1686 3488 1751 3540 ἐκ

158 3577 321 3631 τοῦδε
347 3577 536 3641 πολὺς,
566 3576 641 3640 ὡς
675 3577 750 3646 μὴ
766 3575 1026 3629 δύνασθαι
1044 3575 1172 3638 τοὺς
1198 3573 1407 3640 ζῶντας
1431 3576 1748 3647 ἐκκομίζειν

157 3669 294 3731 τοὺς
320 3667 645 3729 τεθνεῶτας.
689 3667 746 3720 '0
761 3666 819 3719 δὲ
842 3665 1098 3736 βασιλεὺς
1137 3666 1419 3735 Ῥωμανὸς
1446 3668 1544 3738 τὴν
1571 3670 1747 3739 ἀπόρ-

159 3765 330 3833 ρητον
354 3761 400 3793 ⁸³
431 3761 649 3829 εκείνην
684 3759 806 3831 βίαν
841 3760 1207 3830 κατανοήσας,
1244 3761 1401 3825 ἀξίαν
1437 3761 1539 3830 τῆς
1579 3762 1744 3815 αὐτοῦ

157 3850 488 3923 συμπαθοῦς
532 3852 629 3904 καὶ
656 3850 951 3921 ἐλεήμονος
995 3850 1209 3919 φύσεως
1255 3852 1513 3921 πρόνοιαν
1555 3855 1746 3925 ἐποιή-

157 3962 314 4007 σατο,
354 3944 578 4007 πολλαῖς
608 3943 1002 4014 ὶλεημοσύναις
1033 3944 1134 4013 τὴν
1164 3946 1227 3997 ὲκ
1260 3944 1351 3997 τοῦ
1376 3944 1537 4013 λιμοῦ
1565 3964 1743 4017 παρα-

156 4036 549 4107 μυθησάμενος
576 4035 783 4089 ἔνδειαν
803 4052 817 4067 ·
853 4032 1127 4105 άνέφραξέ
1160 4051 1218 4087 τε
1263 4034 1443 4104 θυρίσι
1470 4035 1565 4089 καὶ
1597 4053 1745 4090 σανι-

148 4126 370 4197 δὼμασι
405 4127 504 4188 τὰς
549 4126 658 4179 τῶν
706 4125 955 4193 ἐμϐόλων
985 4126 1167 4189 στοὰς,
1218 4126 1296 4189 ὡς
1334 4124 1406 4197 μὴ
1444 4126 1544 4197 τὴν
1592 4130 1744 4198 χιόνα

153 4221 256 4272 καὶ
304 4220 365 4271 τὸ
393 4217 564 4288 ψῦχος
602 4219 814 4271 ἐκεῖθεν
853 4216 1158 4270 ἐπεισιέναι
1192 4219 1303 4278 τοίς
1353 4217 1569 4289 πένησι.
1608 4219 1743 4271 Τότε

154 4310 258 4365 καὶ
285 4310 385 4373 τὰς
413 4309 714 4379 λεγομένας
747 4308 954 4379 άρκλας
983 4310 1039 4362 ὲν
1071 4309 1205 4361 πᾶσι
1236 4307 1608 4361 κατεσκεύασε
1631 4312 1744 4372 τοῖς

153 4403 435 4472 ἐμϐόλοις,
490 4402 734 4473 ἄργυρόν
788 4418 847 4454 τε
896 4400 1038 4455 κατά
1076 4403 1221 4471 μῆνα
1270 4403 1381 4463 τοῖς
1415 4402 1473 4453 ὲν
1516 4401 1743 4464 ταύταις

153 4496 590 4565 κατακειμένοις
646 4494 841 4564 πένησι
879 4492 1118 4546 δίδοσθαι
1169 4492 1470 4557 διετάξατο,
1508 4496 1599 4546 καὶ
1675 4493 1744 4545 τὰ

1869 629 1934 684 Hi
1959 632 2161 686 multas
2185 635 2429 703 quotidie
2457 646 2682 707 agentes
2714 640 2945 709 praedas,
2978 641 3329 712 assiduisque
3355 658 3450 696 ex-

1868 724 2223 779 cursionibus
2276 736 2443 781 totam
2501 728 2610 784 late
2663 730 2943 800 regionem
2996 733 3327 803 p0pulantcs
3387 748 3449 787 ac

1866 810 2034 883 908
2059 813 2309 883 captivos
2347 814 2633 882 ducentes,
2666 818 2722 872 in
2754 826 2932 874 tantas
2966 819 3275 877 Melitenem
3311 822 3445 876 ade-

1868 915 2067 975 gerunt
2123 907 2404 978 angustias
2465 919 2525 965 ut
2575 911 2907 967 brevissimo
2975 922 3223 983 tempore
3272 916 3447 985 ipsam

1867 1003 2303 1071 expugnaverint
2331 1019 2395 1059 ac
2436 1006 2553 1060 solo
2588 1015 2750 1064 tenus
2776 1011 3143 1079 aequaverint.
3174 1011 3286 1067 Nec
3325 1027 3445 1066 eam

1869 1091 2054 1157 modo,
2075 1094 2172 1150 sed
2202 1104 2259 1149 et
2292 1096 2717 1154 circumvicinas
2747 1102 2913 1158 urbes
2943 1111 3112 1174 atque
3146 1104 3350 1174 Oppida
3391 1114 3448 1159 et

1869 1185 2123 1254 regiones
2168 1187 2539 1246 feracissimas
2586 1192 2929 1263 opimasque,
2980 1211 3045 1251 ac
3078 1211 3201 1267 quae
3249 1196 3450 1251 multos

1868 1286 2173 1345 proventus
2199 1280 2517 1338 exhibeant.
2551 1282 2705 1338 Hanc
2745 1283 2913 1354 igitur
2939 1285 3250 1342 Melitenem
3281 1288 3450 1358 impe-

1868 1379 2020 1423 rator
2065 1369 2120 1423 in
2158 1375 2495 1428 curator-iam
2538 1375 2795 1447 redigens
2836 1377 2950 1446 (alii
2994 1380 3331 1448 provinciam
3367 1379 3451 1435 di-

1867 1462 2043 1532 cant),
2080 1463 2253 1518 multa
2277 1466 2424 1520 eruit
2460 1468 2581 1520 auri
2607 1469 2935 1539 argentique
2971 1470 3163 1525 millia.

1938 1730 2028 1784 56.
2076 1729 2301 1783 Delatus
2335 1744 2467 1784 vero
2503 1728 2753 1784 criminis
2790 1738 2874 1784 est
2919 1731 3139 1785 Nicctas
3186 1731 3451 1802 magister

1867 1837 1931 1879 ac
1960 1822 2346 1892 Cbristophori
2370 1822 2725 1891 imperatoris
2743 1839 2923 1888 socer,
2945 1833 3004 1877 ut
3026 1823 3117 1899 qui
3142 1824 3450 1879 rebellandi

1867 1916 2135 1970 adversus
2185 1924 2398 1984 patrem
2433 1932 2670 1986 eumque
2707 1918 2846 1973 solio
2893 1916 3227 1973 deturbandi
3257 1928 3450 1974 auctor

1868 2008 1959 2061 ille
1990 2006 2206 2064 fuisset.
2244 2006 2513 2072 Quocirca
2552 2008 2689 2063 urbe
2721 2009 2959 2078 ejectum
2988 2008 3320 2064 monachum
3348 2008 3449 2065 de-

1868 2097 2191 2163 tonderunt,
2216 2098 2396 2154 exsilii
2420 2098 2473 2153 in
2508 2101 2833 2155 suburbano
2866 2116 2967 2156 suo
2999 2102 3343 2157 damnatum.

1938 2279 2028 2333 57.
2071 2278 2273 2335 Mensis
2303 2279 2434 2335 Julii
2476 2279 2568 2335 die
2621 2279 2836 2335 decima
2880 2293 3097 2348 octava,
3147 2282 3449 2341 indictione

1869 2380 2043 2438 sexta,
2068 2373 2306 2427 moritur
2351 2372 2667 2443 Stephanus
2702 2374 3038 2444 patriarcha,
3069 2391 3195 2431 cum
3236 2378 3289 2433 ei
3324 2393 3450 2432 mu-

1867 2465 1984 2519 neri
2017 2465 2326 2535 praefuisset
2358 2480 2537 2520 annos
2566 2466 2706 2521 duos
2732 2482 2951 2523 menses
2981 2469 3260 2524 undecim.
3293 2469 3449 2526 Men-

1865 2559 1943 2611 sis
1988 2566 2174 2611 autem
2220 2557 2540 2613 Decembris
2569 2568 2763 2629 quarta
2803 2559 3036 2626 decima,
3094 2561 3449 2633 Tryphonem

1865 2647 2151 2702 adducunt
2182 2651 2239 2702 in
2293 2647 2516 2720 Opsicio
2548 2651 2902 2715 monachum,
2942 2652 3123 2707 virum
3177 2654 3453 2725 religiosis

1866 2741 2113 2795 moribus
2151 2757 2184 2796 a
2233 2742 2527 2797 sanctitate
2562 2744 2878 2813 probatum,
2923 2744 3294 2814 ordinantque
3348 2763 3450 2817 pa-

1866 2833 2164 2888 triarcbam
2196 2834 2267 2888 ad
2296 2843 2509 2889 certum
2544 2845 2784 2906 tempus,
2814 2837 2991 2891 donec
3026 2837 3238 2892 scilicet
3266 2838 3450 2894 Theo-

1864 2924 2156 2996 phylactus
2185 2927 2419 2981 Romani
2452 2927 2598 2982 ﬁlius
2624 2938 2855 2985 maturze
2882 2933 3060 2985 :etatis
3087 2947 3262 2986 annos
3281 2932 3451 2987 attin-

1863 3026 2037 3087 geret,
2090 3033 2253 3088 quem
2306 3020 2673 3090 patriarcham
2724 3022 3073 3092 Cpolitanum
3135 3025 3449 3095 prmfecturi

1862 3119 2043 3164 erant.
3347 3116 3353 3126 ‘

1933 3203 2019 3257 58.
2057 3205 2316 3274 Ejusdem
2347 3206 2556 3260 mensis
2588 3206 2679 3261 die
2710 3207 2971 3277 vigesima
3007 3208 3199 3277 quinta
3229 3209 3442 3278 gravis-

1861 3297 1999 3350 sima
2024 3296 2201 3352 sazviit
2224 3306 2280 3352 et
2312 3298 2681 3353 intolerabilis
2706 3298 2904 3358 hiems,
2937 3300 3075 3354 adeo
3109 3307 3167 3354 ut
3197 3302 3315 3357 dies
3343 3303 3444 3358 120

1862 3394 2009 3441 terra
2040 3387 2165 3457 gelu
2193 3396 2451 3443 concreta
2475 3390 2802 3461 obriguerit.
2837 3391 2953 3445 lloc
2985 3392 3109 3462 gelu
3145 3395 3442 3452 subsecuta

1858 3480 2052 3546 fames,
2083 3492 2289 3551 quanta
2314 3493 2442 3539 ante
2468 3500 2752 3555 nunquam
2794 3486 3115 3551 exstiterat;
3151 3502 3330 3558 exque
3347 3490 3443 3547 illa

1858 3574 2069 3628 crebra:
2096 3574 2264 3645 909
2293 3576 2431 3631 adeo
2459 3588 2666 3631 mortes
2697 3586 2757 3632 ut
2787 3593 2891 3633 nec
2921 3577 3164 3634 ferendis
3206 3581 3443 3638 mortuis

1859 3663 1969 3716 vivi
1998 3662 2335 3719 sufﬁcerent.
2379 3664 2553 3721 Porro
2583 3668 2863 3722 Romanus
2906 3669 3205 3738 imperator
3232 3678 3443 3727 tantam

1858 3755 1972 3809 vim
2022 3756 2173 3818 mali,
2206 3766 2262 3811 et
2310 3774 2473 3827 quam
2506 3760 2655 3814 nulla
2703 3760 3002 3816 verborum
3038 3762 3122 3818 vis
3165 3764 3441 3832 explicare

1856 3847 2049 3916 possit,
2082 3848 2463 3915 considerans,
2506 3852 2932 3907 convenientem
2979 3870 3079 3923 pro
3115 3863 3305 3912 tenera
3338 3872 3439 3913 sua

1854 3938 2202 4008 benignaque
2231 3939 2285 3993 in
2312 3939 2548 3995 miseros
2581 3940 2766 3995 indole
2797 3957 2988 3997 curam
3033 3944 3116 3998 eis
3160 3945 3435 4013 adhibuit,

1855 4031 2003 4101 larga
2024 4032 2499 4103 eleemosynarum
2531 4033 2854 4103 praebitione
2881 4034 3043 4091 famis
3075 4030 3439 4109 indigentiam

1854 4123 2059 4177 solans.
2094 4123 2413 4177 Porticuum
2449 4138 2681 4193 quaeque
2714 4124 2887 4194 spatia
2922 4124 3179 4181 fenestris
3221 4129 3439 4183 tabula-

1856 4213 2037 4281 tisque
2059 4212 2361 4277 obstruxit,
2378 4227 2446 4266 ne
2464 4228 2563 4282 per
2586 4211 2649 4266 ea
2667 4213 2759 4266 nix
2781 4213 3061 4284 frigusque
3080 4216 3134 4270 in
3162 4232 3437 4287 pauperes

1854 4314 2216 4376 grassaretur.
2256 4305 2396 4360 Tum
2431 4320 2525 4361 eas
2567 4322 2788 4377 quoque
2816 4322 2955 4377 quas
2988 4318 3191 4362 vocant
3220 4309 3439 4364 arculas

1852 4413 1915 4451 ac
1955 4399 2302 4467 proiecturas
2352 4396 2409 4451 in
2467 4397 2684 4452 cunctis
2729 4397 3039 4467 porticibus
3088 4401 3436 4465 construxit;

1854 4504 2254 4559 nummumque
2315 4500 2638 4560 argenteum
2705 4490 2896 4559 egenis
2958 4490 3071 4544 illic
3120 4491 3439 4560 jacentibus

151 4589 397 4657 μηνιαία
422 4585 676 4657 τριμίσια
712 4586 769 4637 ὲν
804 4586 925 4646 ταῖς
956 4583 1293 4653 ἐκκλησίαις,
1315 4584 1559 4654 ἀργύρου
1584 4587 1743 4651 ἐγκε-

1859 4592 1986 4655 quot
2017 4583 2301 4637 mensibus
2323 4582 2537 4652 erogari
2573 4583 2866 4652 praecepit;
2901 4590 3185 4638 menstrua
3213 4600 3437 4653 quoque

145 4678 508 4749 χαραγμένου
543 4676 790 4747 χιλιάδας
823 4675 911 4745 ιβ’.
944 4677 1019 4727 Οὐ
1059 4676 1194 4746 μόνα
1224 4676 1280 4729 δὲ
1310 4675 1485 4729 ταῦτα
1512 4680 1542 4747 ἡ
1594 4694 1735 4747 συμ-

148 4770 336 4838 παθὴς
365 4771 553 4839 ἐκείνη
590 4768 737 4839 ψυχὴ
763 4767 1142 4821 διετυπώσατο
1172 4769 1281 4820 τῶν
1324 4770 1573 4837 πενήτων
1601 4788 1738 4839 προ-

145 4865 443 4937 νοουμένη,
482 4865 619 4918 ἀλλὰ
658 4866 751 4917 καὶ
779 4864 902 4917 καθ’
944 4863 1156 4934 ἡμέραν
1187 4865 1335 4935 τρεῖς
1379 4862 1525 4932 αὐτῷ
1558 4881 1744 4917 συνεσ-

144 4958 287 5011 θίειν
320 4958 563 5028 πένητας
615 4957 919 5021 διετάξατο,
972 4958 1021 5009 οἶ
1067 4957 1162 5009 καὶ
1198 4955 1301 5009 ἀνά
1333 4956 1389 5008 ἓν
1434 4956 1737 5026 ἐλάμϐανον

141 5052 417 5120 νόμισμα.
453 5050 684 5121 Τετράδι
729 5049 787 5102 δὲ
834 5048 929 5103 καὶ
962 5050 1289 5119 παρασκευῇ
1322 5051 1470 5119 τρεῖς
1511 5048 1739 5117 πένητες

145 5142 382 5213 μουαχοὶ
439 5141 762 5213 συνήσθιον,
821 5141 882 5193 τὸ
931 5140 1317 5209 τετυπωμένον
1370 5138 1740 5209 λαμϐάνοντες

138 5233 397 5301 νόμισμα
448 5232 701 5295 ἕκαστος.
762 5231 851 5303 [Ρ.
1057 5231 1231 5299 Ὅπερ
1262 5229 1317 5281 δὲ
1346 5230 1405 5282 ἐν
1428 5233 1539 5293 τοῖς
1578 5247 1741 5298 μονα-

145 5326 400 5396 στηρίοις
457 5325 641 5378 εἰώθει
691 5324 958 5393 γίνεσθαι,
1010 5321 1151 5375 ὥστε
1203 5323 1261 5373 ἐν
1308 5322 1385 5390 τῷ
1417 5322 1592 5392 καιρῷ
1641 5322 1740 5392 τῆς

143 5420 449 5481 ἑστιάσεως
466 5418 778 5486 ἀνάγνωσιν
795 5416 1059 5484 γίνεσθαι,
1078 5416 1235 5467 τοῦτο
1256 5415 1345 5467 καὶ
1364 5415 1522 5478 αὐτὸς
1541 5417 1736 5479 ἐποίει,

136 5511 345 5579 διπλῆν
390 5510 570 5580 ἑαυτῷ
599 5510 697 5562 καὶ
725 5512 838 5572 τοῖς
873 5508 1163 5577 δαιτυμόσι
1194 5507 1288 5575 τὴν
1322 5507 1602 5575 τράπεζαν
1632 5526 1741 5561 πα-

1852 4676 2085 4730 trimisia
2122 4692 2221 4745 per
2263 4675 2526 4729 ecclesias
2574 4674 2912 4743 pauperibus
2939 4674 3103 4743 jussit
3148 4674 3435 4736 distribui,

1851 4768 2061 4839 argenti
2094 4766 2294 4836 signati
2338 4766 2631 4820 duodecim
2652 4765 2845 4819 millia.
2892 4765 3083 4835 Neque
3108 4764 3226 4819 htec
3257 4766 3435 4819 solum

1853 4858 2247 4916 misericordia:
2313 4872 2524 4929 pronus
2573 4858 2694 4928 ejus
2743 4857 2965 4913 animus
3014 4873 3437 4928 pauperumque

1852 4955 2097 5009 liberalis
2125 4952 2378 5021 provisor
2411 4949 2796 5013 constituerat,
2830 4948 2925 5005 sed
2947 4958 3005 5005 et
3042 4957 3157 5004 tres
3186 4948 3438 5019 quotidie

1844 5060 2116 5117 pauperes
2146 5058 2335 5099 secum
2371 5041 2663 5097 comedere
2690 5041 2886 5103 voluit,
2910 5039 3005 5110 qui
3035 5040 3236 5111 singuli
3263 5056 3434 5093 num-

1839 5157 1958 5196 mos
1986 5140 2235 5210 singulos
2284 5138 2648 5208 eleemosynm
2692 5138 3189 5208 ritu‘acciperent.
3223 5136 3433 5203 Quarta

1837 5240 2021 5287 autem
2080 5230 2219 5286 feria
2273 5239 2329 5286 et
2361 5242 2657 5300 paraseeve
2710 5238 2825 5284 tres
2867 5244 3072 5299 egenos
3128 5228 3435 5283 monachos

1845 5340 2049 5380 mensa:
2098 5323 2281 5379 socios
2326 5322 2649 5387 adhibebat,
2684 5322 2779 5392 qui
2833 5331 2891 5377 et
2926 5321 3031 5392 ipsi
3064 5320 3430 5377 constitutum

1847 5432 2132 5471 nummum
2159 5416 2359 5484 singuli
2386 5415 2754 5485 accipiebant.
2779 5414 3048 5485 Quodque
3074 5414 3131 5469 in
3156 5421 3432 5469 monaste—

1849 5510 1946 5563 riis
1996 5509 2107 5562 ritu
2143 5508 2391 5579 legitimo
2438 5516 2714 5572 servatur,
2746 5518 2809 5562 ut
2838 5508 2985 5563 inter
3023 5506 3427 5563 comedendum

1473 5686 1707 5746 VARle
1746 5688 2156 5745 LECTIONES.

212 5814 262 5848 "
287 5814 612 5884 Κουρκούας
646 5829 699 5882 p.
725 5812 904 5866 257d.
982 5812 1028 5843 "
1058 5809 1262 5884 Μελίας
1292 5806 1485 5884 p._95§
1513 5824 1566 5862 a.
1615 5810 1671 5884 _"
1702 5811 1869 5873 ἄλλας
1898 5810 2017 5884 οἵαις
2049 5818 2196 5884 recte
2215 5808 2394 5884 p.258
2421 5808 2477 5864 Ι).

2571 5808 2746 5880 ξθγτὴν
2772 5824 2882 5864 om.
2914 5805 2976 5861 P.
3052 5807 3091 5837 "
3116 5803 3426 5878 σημείωσαι

141 5878 487 5956 χειροτονίαν
520 5878 815 5954 Τρύιρωνος
848 5883 1190 5952 πατριάρχου
1230 5880 1319 5931 ἐπὶ
1346 5880 1495 5950 ρητῶ
1529 5880 1725 5951 χρόνῳ.
1754 5897 1944 5953 margo
1974 5880 2033 5934 P.
2087 5881 2131 5913 "
2166 5878 2440 5951 ὰῲόρητον
2473 5896 2524 5951 p.
2568 5878 2673 5933 358
2698 5878 2751 5934 tl.

472 5981 744 6043 Pn'nOL.
784 5978 900 6040 Gn.
936 5977 1097 6041 CIX.

2917 5970 2988 6031 31
