4158 6438
785 389 877 450 θ’ἶΙ
2044 393 2355 452 GEORGII
2402 395 2742 454 MU-NACIII

3939 394 4045 455 θ’ῖὲ

786 500 944 553 lectio
976 498 1256 559 habeatur,
1288 496 1391 549 Itoc
1424 508 1477 551 et
1517 498 1604 553 ille
1644 501 1954 567 pmstabat,
1990 502 2094 555 sibi
2142 505 2255 573 ipse
2294 511 2351 556 ct

2462 506 2721 573 pattOe‘zg,
2752 506 2888 557 ὥστε
2940 503 2997 556 τὸ
3031 504 3129 572 μὲν
3182 504 3336 571 σῶμα
3380 503 3674 575 τρέφεσθαι
3708 507 3775 577 τῇ
3816 507 4043 576 συνήθει

784 590 1028 643 convivis
1052 589 1327 657 duplicem
1353 605 1633 659 apponens
1651 606 1915 656 mensam,
1942 602 1997 646 ut
2026 603 2138 647 tum
2157 610 2357 663 corpus

783 691 1045 736 consueto
1089 682 1213 735 cibo
1264 683 1526 744 aleretur,
1588 692 1700 736 tum
1747 683 1928 739 anima
1980 686 2357 741 doctrinarum

780 774 1060 840 voluptate
1084 774 1478 829 oblcctaretur.
1498 775 1709 839 Quibus
1746 777 1837 831 ille
1862 777 2157 847 diligenter
2178 788 2358 833 atten-

779 863 915 915 deus
943 863 1209 925 animum,
1238 863 1428 932 spiritu
1456 864 1655 919 mentis
1678 875 2063 937 compunctus,
2091 869 2359 938 lacryma-

782 970 901 1005 rum
936 956 1083 1022 large
1115 955 1294 1008 fontes
1322 955 1631 1011 emittebat.

848 1045 1014 1114 910
1056 1048 1143 1098 δι).
1178 1046 1308 1115 Ejus
1343 1062 1475 1099 vero
1504 1047 1665 1101 ﬁdem
1697 1065 1822 1119 erga
1862 1051 2184 1123 monachos,
2218 1068 2356 1121 quos

780 1139 1084 1205 przcscrtim
1142 1138 1406 1193 sanctitas
1458 1156 1522 1194 ac
1564 1141 1755 1210 religio
1797 1142 1974 1196 claros
2020 1144 2354 1206 reddiderat,

777 1237 980 1294 quanta
1032 1230 1218 1292 fuerit,
1276 1231 1399 1299 quis
1449 1232 1623 1299 possit
1676 1234 1973 1287 enarrare?
2023 1234 2224 1288 Eorum
2262 1249 2357 1286 tte-

776 1334 865 1369 tuo
916 1320 968 1371 in
1012 1329 1365 1387 conspectum
1410 1319 1682 1382 veniebat,
1738 1321 1826 1375 cui
1868 1330 2025 1376 actus
2066 1338 2194 1377 suos
2233 1337 2357 1376 cum

779 1410 968 1462 multis
1018 1411 1271 1478 lacrymis
1321 1426 1429 1464 non
1479 1422 1799 1481 exponeret.
1847 1413 1982 1467 Cum
2024 1423 2207 1467 autem
2254 1414 2360 1470 ﬁde

778 1498 1166 1552 devotissimus
1220 1515 1282 1553 ac
1333 1517 1544 1556 summe
1599 1503 1938 1556 orthodoxus
1987 1513 2152 1567 esset,
2209 1505 2361 1559 urbis

776 1606 967 1643 onmcs
1013 1592 1275 1647 ecclesias
1324 1594 1613 1662 pellucidis
1674 1594 1862 1648 subtili
1921 1597 2155 1650 stamine
2186 1597 2361 1666 peplis

776 1695 1175 1749 cercorumque
1210 1698 1273 1734 ac
1300 1682 1608 1750 lampadqu
1663 1683 1820 1752 copia
1852 1684 2137 1752 splendide
2193 1700 2353 1737 exur—

776 1771 961 1832 nabat.
1014 1786 1077 1824 ac
1128 1771 1441 1825 decorabat.
1498 1770 1603 1825 Sed
1654 1782 1709 1827 et
1764 1775 2048 1828 monachis
2099 1777 2153 1827 in
2200 1790 2357 1828 mon-

2460 601 2657 665 τροφῇ,
2706 598 2805 665 τὴν
2866 597 2921 648 δὲ
2969 595 3145 666 ψυχὴν
3198 600 3263 667 τῇ
3334 598 3654 668 καταλλήλῳ
3691 600 3800 651 τῶν
3862 600 4040 665 λόγων

2464 689 2807 760 ὲπεντρυφᾷν
2856 689 3038 757 ἡδονῇ,
3084 682 3165 749 οἷς
3214 688 3421 750 ἐκεῖνος
3454 689 3727 757 ἐπιμελῶς
3758 690 4042 757 προσέχων

2463 781 2552 833 τὸν
2609 779 2732 832 νοῦν
2777 780 3139 834 κατενύσσετο
3183 779 3283 850 τὴν
3331 780 3508 851 ψυχὴν
3558 781 3652 832 καὶ
3691 780 3898 843 πολλὰς
3948 781 4041 833 δα-

2462 870 2649 941 κρύων
2677 870 2829 940 ἠφίει
2860 870 3062 940 πηγάς.

2532 1042 2626 1096 λθ’.
2661 1044 2771 1110 Τὴν
2809 1044 2865 1096 δὲ
2895 1044 3079 1097 πίστιν
3119 1046 3185 1115 ῆν
3216 1046 3483 1115 ἐκέκτητο
3531 1047 3665 1116 πρὸς
3690 1047 3905 1110 πάντας
3940 1048 4037 1116 μὲν

2466 1135 2760 1203 μοναχοὺς,
2798 1134 3033 1203 μάλιστα
3061 1136 3116 1188 δὲ
3146 1136 3269 1198 τοὺς
3299 1138 3391 1189 ἐπὶ
3422 1136 3701 1205 ἁγιωσύνῃ
3717 1136 4039 1206 διαὸλήτους

2466 1228 2559 1280 καὶ
2611 1227 2867 1297 εὐλαϐείᾳ
2926 1229 3009 1291 τίς
3052 1229 3119 1281 ἂν
3186 1230 3549 1298 διηγήσαιτος
3604 1231 3717 1282 Οὐκ
3776 1230 4039 1282 ἐθεάσατο

2464 1317 2573 1386 γάρ
2603 1333 2732 1368 ποτε
2767 1318 3003 1386 μοναχὸν
3038 1318 3241 1387 ἀρετῆς
3287 1319 3649 1387 ἀντεχόμενον
3674 1359 3687 1377 ,
3725 1312 3883 1386 ᾧτινι
3942 1320 4039 1377 τὰς

2467 1405 2660 1459 ἑαυτοῦ
2702 1405 2927 1475 πράξεις
2965 1406 3063 1459 σὺν
3089 1407 3305 1469 πολλοῖς
3338 1408 3437 1459 οὐκ
3468 1408 3797 1476 ἐξηγόρευσε
3834 1408 4038 1475 δάκρυ-

2466 1514 2569 1550 σιν.
2614 1497 2941 1559 Πιστότατος
2962 1497 3020 1548 δὲ
3048 1495 3123 1549 ὢν
3162 1498 3254 1549 καὶ
3295 1498 3702 1569 ὀρθοδοξότατος
3728 1498 3914 1560 πάσας
3945 1498 4038 1560 τὰς

2462 1590 2561 1657 τῆς
2592 1589 2798 1651 πόλεως
2828 1588 3122 1657 ἐκκλησίας
3166 1588 3387 1651 πέπλοις
3409 1590 3690 1657 διαφανέσι
3719 1588 3817 1642 καὶ
3854 1608 4040 1657 φωτα-

2464 1682 2690 1748 γωγίαις
2735 1680 3015 1751 λαμπραῖς
3064 1683 3396 1749 κατεκόσμει
3450 1683 3545 1733 καὶ
3590 1684 4035 1751 κατεφαίδρννεν.

2477 1768 2634 1822 Ἀλλὰ
2668 1772 2763 1822 καὶ
2788 1774 2900 1831 τοῖς
2929 1771 2985 1822 ἐν
3019 1771 3126 1829 τοῖς
3153 1770 3303 1837 ὄρεσι
3335 1772 3606 1845 μοναχοῖς,
3635 1770 3710 1837 τῷ
3734 1787 3791 1821 τε
3840 1770 4039 1835 Ὀλύμ-

3064 1863 3090 1876 θ

776 1861 943 1923 tibus,
994 1870 1106 1914 tum
1154 1880 1347 1932 nempe
1398 1863 1625 1934 Olympo
1672 1873 1785 1919 tum
1834 1864 2079 1936 Cymina,
2110 1875 2165 1919 et
2192 1882 2354 1935 quem

2469 1881 2555 1932 πῳ
2603 1864 2697 1915 καὶ
2733 1862 2810 1930 τῷ
2858 1863 3091 1931 Κυμηνᾷ
3126 1862 3176 1891 ⁸³
3204 1862 3296 1913 καὶ
3324 1865 3389 1932 τῇ
3432 1864 3622 1932 Χρυσῇ
3663 1864 4037 1930 κατονομαζο-

777 1963 975 2007 vocant
1051 1956 1266 2007 l‘clratu
1342 1971 1601 2017 auream,
1676 1964 1730 2008 et
1796 1955 2057 2009 Baraebei
2134 1967 2353 2019 monte,

776 2048 928 2100 nullo
980 2063 1218 2114 unquam
1290 2057 1534 2116 tempore
1586 2047 1798 2103 destitit
1850 2065 2028 2103 annua
2086 2050 2356 2119 stipendia

777 2140 995 2192 mittere
1043 2154 1347 2207 eorumque
1393 2156 1478 2193 res
1523 2154 1717 2193 curare
1774 2155 1834 2191 ac
1886 2141 1966 2192 cis
2007 2141 2352 2209 prospicere;

774 2229 980 2299 quique
1034 2229 1176 2283 inter
1238 2231 1359 2283 illos
1406 2230 1638 2285 actionis
1692 2232 1839 2285 cultu
1896 2247 1959 2285 ac
2017 2233 2355 2300 contempla-

777 2322 927 2375 tione
982 2321 1309 2390 spectabiles
1360 2332 1581 2386 essent,
1638 2321 1705 2374 ad
1767 2337 1825 2375 se
1893 2337 2205 2384 accersere,
2263 2338 2357 2376 eo-

776 2430 1007 2483 rumque
1040 2428 1262 2483 precum
1305 2414 1562 2483 suﬁ‘ragia
1592 2414 1910 2483 decerpere.
1949 2415 2059 2469 Nec
2082 2414 2134 2467 id
2172 2415 2352 2478 modo,

774 2506 870 2561 sed
929 2516 986 2559 et
1031 2506 1284 2573 religiosa
1324 2506 1719 2560 exercitatione
1770 2506 2019 2570 inclusis,
2066 2514 2121 2560 et
2169 2507 2355 2575 quise

775 2597 1181 2667 angustissimis
1250 2598 1541 2667 tuguriolis
1614 2598 1765 2652 velut
1830 2613 2050 2652 carcere
2115 2598 2359 2652 abdidis-

776 2696 897 2741 sent
922 2728 934 2751 ,
968 2688 1181 2741 cunctis
1204 2687 1440 2757 denique
1466 2689 1815 2743 monasteriis
1850 2696 2083 2744 statutas
2110 2705 2357 2743 annonas

774 2779 1196 2834 subministrare
1241 2796 1345 2834 non
1408 2781 1678 2835 cessabat.
1728 2782 1835 2836 llas
1886 2783 2038 2837 velut
2084 2798 2114 2837 c
2168 2784 2357 2838 multis

776 2884 975 2935 paucas
1008 2869 1110 2922 viri
1149 2869 1382 2924 virtutes
1424 2871 1911 2941 cleemosynasque
1955 2873 2353 2941 percurrimus.

844 2960 932 3014 40.
989 2960 1152 3013 Petro
1201 2970 1381 3015 autem
1444 2962 1674 3032 Bulgaro
1722 2964 1960 3018 Joannes
2008 2964 2177 3019 frater
2230 2982 2354 3019 cum

775 3053 897 3105 aliis
950 3051 1236 3121 Symeonis
1304 3055 1627 3120 proceribus
1680 3055 1881 3109 struxit
1942 3056 2185 3110 insidias.
2252 3058 2353 3110 De-

775 3141 1066 3208 preltensis
1106 3142 1233 3203 illis,
1269 3142 1508 3196 Joannes
1542 3144 1763 3211 quidem
1805 3145 2130 3200 verberibus
2164 3162 2355 3201 emen-

775 3234 936 3287 datus
977 3235 1029 3287 in
1071 3250 1292 3289 carcere
1340 3236 1679 3301 includitur;
1726 3238 1924 3307 reliqui
1980 3239 2194 3293 acerbis
2227 3257 2357 3310 sup-

778 3328 957 3395 pliciis
1000 3327 1209 3380 subacti
1246 3334 1393 3381 sunt.
1447 3327 1650 3381 llormu
1689 3330 1969 3383 Romanus
1995 3331 2295 3401 imperator
2328 3350 2357 3387 a

777 3420 936 3473 Petro
995 3421 1200 3475 certior
1254 3420 1429 3475 factus
1477 3421 1740 3476 Joannem
1804 3424 2134 3479 monachum
2192 3425 2352 3495 911

776 3518 939 3573 (eum
977 3513 1068 3583 qui
1120 3523 1300 3567 rector
1343 3516 1661 3581 exstiterat)
1706 3516 1902 3581 mittit,
1940 3528 2201 3587 prmtextu
2232 3522 2358 3589 qni-

775 3605 897 3658 dem
949 3605 1252 3658 redimendi
1308 3608 1575 3676 captivos,
1633 3624 1691 3662 re
1752 3608 1867 3677 ipsa
1911 3626 2046 3663 vero
2097 3621 2156 3665 ut
2197 3611 2360 3665 Joan-

777 3712 900 3749 nem
952 3707 1172 3766 eaperet
1219 3707 1274 3751 et
1314 3699 1630 3769 Byzantium
1680 3699 1942 3765 duceret;
1990 3704 2138 3771 quod
2179 3713 2235 3757 et
2280 3705 2357 3758 ita

774 3792 1022 3861 contigit.
1075 3791 1288 3861 Quippe
1332 3808 1455 3845 cum
1504 3793 1711 3847 Joanne
1762 3809 1957 3848 navem
2008 3795 2289 3865 ingressus
2326 3812 2357 3849 a

777 3879 1100 3935 Mesembria
1146 3882 1199 3933 in
1248 3880 1438 3934 urbem
1488 3882 1656 3934 venit.
1709 3881 1822 3935 Nec
1862 3883 2038 3937 multo
2074 3894 2199 3952 post
2230 3900 2358 3954 pro-

777 3974 916 4038 iecto
956 3971 1211 4025 monachi
1244 3970 1462 4033 habitu,
1503 3987 1627 4025 eum
1664 3973 1852 4027 uxoris
1902 3975 2186 4043 amplexus
2207 3992 2357 4046 qua:-

778 4074 959 4124 rcret.
1026 4064 1329 4133 imperator
1392 4063 1467 4116 illi
1525 4063 1668 4118 :cdes
1730 4066 2030 4135 assignavit
2078 4068 2355 4137 multaque

775 4154 1000 4208 omnino
1042 4153 1243 4223 prmdia
1298 4154 1575 4219 contulit;
1616 4170 1839 4207 uxorem
1876 4171 2097 4225 quoque
2144 4173 2210 4211 ex
2257 4174 2355 4213 sua

776 4244 949 4313 ipsius
1013 4243 1466 4298 Artneuiacorum
1549 4244 1722 4313 patria
1784 4246 1833 4297 ei
1899 4246 2130 4310 locavit,
2193 4258 2355 4317 atque

776 4338 828 4391 in
858 4337 1087 4391 Czesaris
1109 4337 1273 4390 domo
1301 4337 1701 4405 przentagniﬁce
1728 4340 1948 4407 nuptias
1978 4340 2131 4399 fecit.
2160 4340 2355 4395 ducto-

776 4429 929 4482 ribus
970 4442 1183 4496 sponsa:
1225 4427 1624 4497 Cltristopltoro
1665 4429 1994 4499 imperatore
2045 4447 2107 4485 ac
2143 4432 2355 4489 Joanne

775 4518 1047 4572 monacho
1081 4526 1387 4572 exrectore.

845 4699 938 4753 41.
998 4694 1198 4751 Mensis
1240 4695 1418 4751 Martii
1463 4697 1552 4751 die
1603 4699 1880 4767 secunda,
1943 4703 2038 4771 qui
2095 4703 2149 4757 in
2211 4704 2351 4769 foro,

775 4787 1049 4843 columnis
1092 4787 1203 4841 illic
1241 4787 1434 4841 ordine
1484 4790 1705 4855 erectis,
1755 4790 2025 4848 Cosmites
2064 4794 2355 4864 impositus

774 4888 915 4942 erat,
969 4878 1174 4933 decidit
1220 4894 1283 4932 ac
1324 4881 1475 4933 viros
1520 4894 1614 4934 sex
1655 4880 1878 4935 occidit.
1932 4883 2185 4954 Magnum
2216 4901 2353 4955 quo-

775 4988 883 5041 que
919 4987 981 5025 ac
1020 4970 1369 5026 formidabile
1411 4973 1466 5026 in
1515 4973 1618 5027 fori
1655 4976 1870 5042 porticu
1921 4977 2219 5032 excitatum
2264 4980 2350 5033 in-

776 5063 1051 5127 cendium,
1092 5062 1236 5117 haud
1270 5066 1459 5133 procul
1511 5081 1541 5118 a
1591 5068 1796 5136 templo
1849 5080 2051 5124 saneta
2084 5071 2347 5140 Deiparze,

777 5154 917 5209 adeo
955 5163 1012 5207 ut
1042 5170 1168 5223 pars
1210 5156 1301 5209 illa
1341 5156 1444 5210 fori
1490 5174 1652 5227 quam
1684 5162 1882 5214 cerarii
1913 5171 1968 5215 et
1999 5178 2163 5232 quam
2194 5165 2351 5232 pelli-

780 5246 925 5299 tiarii
961 5246 1199 5301 artiﬁces
1231 5258 1517 5317 occupant,
1554 5249 1620 5304 ad
1650 5250 1875 5307 l’sicltas
1902 5270 2075 5323 usque
2112 5255 2219 5326 igni
2250 5257 2349 5309 ab»

779 5348 993 5407 sumpta
1039 5338 1125 5392 sit.

850 5431 937 5484 49..
991 5430 1234 5485 Mortuus
1277 5444 1459 5486 autem
1512 5443 1595 5488 est
1635 5434 2065 5507 ChristOpltorus
2118 5440 2357 5509 impera-

783 5530 865 5573 tor
906 5536 1093 5576 meuse
1151 5522 1420 5593 Augusto,
1484 5526 1778 5583 indictione
1822 5541 2049 5598 quarta,
2112 5532 2357 5586 Romano

2471 1956 2610 2025 μένῃ
2642 1954 2819 2025 πέτρα
2841 1954 3032 2022 καὶτῷ
3071 1952 3164 2006 τοῦ
3207 1954 3485 2023 Ιίσραχέος
3508 1955 3552 1985 ⁸⁸
3590 1955 3726 2023 ὄρει.
3751 1955 3814 2006 οὐ
3845 1955 4037 2007 διέλει-

2467 2062 2569 2097 πεν
2595 2046 2843 2115 ἐτησίους
2874 2047 3039 2114 ρόγας
3061 2044 3467 2108 ἐξαποστέλλων
3490 2048 3580 2104 ⁸⁵⁸,
3610 2048 3703 2099 καὶ
3734 2048 4035 2114 φροντίζων

2465 2137 2672 2190 τούτων
2722 2138 2817 2189 καὶ
2862 2138 3278 2207 προνοούμενος,
3324 2140 3561 2201 καὶτοὺς
3590 2139 3927 2207 ὀνομαστοὺς
3951 2141 4039 2191 ἐπὶ

2468 2229 2661 2299 πράξει
2705 2230 2798 2280 καὶ
2845 2227 3048 2297 θεωρίᾳ,
3099 2229 3571 2298 μετακαλούμενος
3622 2231 3697 2292 ὡς
3733 2230 3921 2291 αὐτὸν,
3950 2232 4038 2281 καὶ

2465 2320 2573 2373 τῶν
2602 2318 2974 2389 εὑχῶνιαύτῶν
2996 2320 3093 2379 τὰς
3123 2320 3368 2386 εὐλογίας
3399 2318 3631 2388 τρυγῶν.
3661 2320 3736 2370 UO
3774 2319 3939 2387 μόνον
3962 2319 4039 2383 δὲ,

2465 2412 2600 2463 ἀλλὰ
2627 2411 2722 2463 καὶ
2754 2413 2865 2472 τοῖς
2888 2411 2977 2462 διὰ
3012 2410 3103 2462 τὸν
3126 2410 3258 2462 Θεὸν
3292 2411 3627 2478 ὲγκλείοτοις
3669 2413 3763 2463 καὶ
3816 2412 4039 2471 ἑαυτοὺς

2465 2506 2524 2557 ὲν
2560 2506 2912 2565 πενωτάτοις
2943 2503 3113 2566 οἴκοις
3162 2502 3479 2573 καθείρξασι
3510 2504 3601 2555 καὶ
3633 2505 3765 2555 πᾶσι
3801 2507 3916 2566 τοῖς
3951 2521 4039 2571 μοι

2466 2596 2780 2665 ναστηρίοις
2822 2596 2919 2657 τὰς
2975 2594 3223 2663 ἐτησίους
3257 2594 3444 2664 ρόγας,
3476 2594 3537 2655 Ξις
3576 2593 3940 2660 διετύπωσεν,
3978 2596 4035 2644 ο)

2465 2692 2728 2743 διέλειπεν
2756 2689 3120 2758 ἐπιχορηγῶν.
3175 2688 3360 2740 Ταῦτα
3404 2688 3478 2751 ὡς
3541 2690 3605 2741 ἐκ
3636 2689 3850 2741 πολλῶν
3884 2688 4036 2753 ὀλίγα

2465 2783 2573 2835 τῶν
2607 2782 2851 2851 ἀπείρων
2875 2779 3039 2836 αύτοῦ
3067 2780 3510 2851 κατορθωμάτων
3538 2780 3631 2832 καὶ
3658 2780 4037 2849 ἐλεημοσυνῶν

2466 2873 2833 2945 διεξήλθομεν.

2541 2975 2613 3035 μ’.
2668 2968 2859 3035 Πέτρῳ
2912 2966 2969 3018 δὲ
3000 2968 3077 3036 τῷ
3129 2965 3419 3035 Βουλγὰρῳ
3448 2964 3669 3017 ἐπέθετο
3714 2966 3971 3032 Ὶωάννης
4011 2967 4036 3015 6

2464 3060 2689 3126 ἀδελφὸς
2748 3060 2912 3111 αὐτοῦ
2966 3059 3104 3127 μετὰ
3164 3058 3257 3109 καί
3301 3056 3502 3124 ἑτέρων
3556 3058 3906 3124 μεγιστάνων
3944 3056 4033 3107 τοῦ

2464 3150 2705 3219 Συμεών’
2744 3151 2836 3202 καὶ
2887 3149 3247 3220 φωραθέντων
3302 3148 3483 3200 αὐτῶν
3534 3150 3561 3200 ὁ
3612 3148 3715 3217 μὲν
3786 3149 4037 3217 Ἰωάννης

2460 3242 2721 3293 τύπτεται
2755 3241 2849 3292 καὶ
2882 3239 3186 3305 ἑγκλείεται
3223 3238 3459 3308 φυλακῇ,
3485 3240 3532 3289 οἱ
3569 3238 3625 3290 δὲ
3670 3240 3850 3291 λοιποὶ
3872 3257 4035 3308 τιμω-

2463 3332 2605 3401 ρίαις
2651 3331 2712 3382 ού
2740 3332 2861 3390 ταῖς
2897 3328 3188 3397 τυχούσαις
3228 3327 3647 3380 ὑποϐάλλονται.
3683 3329 3872 3380 Ταῦτα
3909 3329 4035 3396 δῆλα

2462 3420 2785 3490 ποιήσαντος
2816 3419 3020 3490 Πέτρου
3054 3418 3131 3489 τῷ
3162 3417 3369 3487 βασιλεῖ
3402 3418 3689 3485 Ῥωμανῷ,
3720 3420 4034 3472 ἀπέστειλε-ι

2462 3515 2489 3565 ὁ
2522 3513 2773 3582 βασιλεὺς
2804 3511 2895 3564 τὸν
2930 3512 3160 3581 μοναχὸν
3196 3511 3468 3579 Ἰωάννην,
3518 3510 3576 3573 ὃς
3612 3512 3863 3578 ἐγεγόνει
3905 3514 4024 3581 ῥαί-

2461 3621 2631 3674 κτωρ,
2680 3604 2951 3672 προφάσει
2984 3603 3083 3671 μὲν
3128 3602 3203 3663 ὡς
3252 3602 3579 3671 ποιήσασθαι
3628 3601 3892 3669 ἁλλάγιον
3936 3605 4037 3655 τῶν

2462 3696 2850 3767 κρατουμένων
2877 3694 3257 3764 αἰχμαλώτων,
3296 3697 3361 3763 τῇ
3409 3694 3465 3746 δὲ
3489 3694 3720 3765 ἀληθείᾳ
3748 3701 4037 3764 κατασχεῖν

2475 3788 2726 3857 Ἰωάννην
2752 3788 2847 3840 καὶ
2882 3788 2938 3839 ὲν
2972 3786 3542 3839 Κωνσταντινουπόλει
3577 3788 3831 3855 ἀγαγεῖν.
3856 3790 4034 3841 Εἰσελ-

2462 3878 2570 3931 θὼν
2592 3880 2700 3948 γὰρ
2738 3879 2854 3948 ἅμα
2878 3878 2958 3947 τῷ
2998 3878 3215 3947 Ἰωάννῃ
3243 3878 3301 3929 ὲν
3331 3877 3499 3947 πλοίῳ
3538 3879 3645 3930 ἀπὸ
3672 3880 4036 3949 Μεσημϐρίας

2458 3968 2619 4044 ἦλθεν
2645 3974 2701 4025 ἐν
2729 3975 2794 4043 τῇ
2832 3971 3006 4023 πόλει⁸
3042 3970 3139 4023 καὶ
3174 3970 3293 4039 μετ’
3321 3972 3383 4023 οὐ
3432 3971 3566 4024 πολὺ
3600 3972 3795 4024 τούτου
3838 3974 3901 4025 τὸ
3949 3993 4037 4042 μοι

2460 4065 2685 4136 ναχικὸν
2720 4064 2905 4133 σχῆμα
2934 4062 3340 4133 ἀπορῤίψαντος
3394 4064 3485 4115 καὶ
3516 4067 3749 4130 γυναῖκα
3779 4064 4036 4134 ἐπιζητή-

2462 4176 2675 4223 σαντος,
2700 4158 2931 4212 δέδωκεν
2952 4160 3099 4228 αὐτῷ
3127 4161 3155 4212 ὁ
3193 4159 3447 4227 βασιλεὺς
3480 4158 3626 4212 οἷκον
3656 4160 3753 4211 καὶ
3784 4163 3883 4227 κτή
3896 4178 4036 4228 ματα

2461 4249 2755 4319 πάμπολλα
2800 4250 2894 4302 καὶ
2922 4253 3157 4317 γυναῖκα
3198 4252 3263 4303 ὲκ
3292 4254 3389 4321 τῆς
3430 4250 3594 4303 αὐτοῦ
3638 4252 3901 4321 πατρίδος
3943 4254 4035 4320 τῆς

2458 4342 2565 4395 τῶν
2602 4342 2974 4412 Ἀρμενιακῶν
3001 4342 3349 4412 ὁρμωμένην,
3392 4344 3569 4411 γάμον
3597 4359 3655 4393 τε
3684 4342 3944 4411 λαμπρὸν

2458 4437 2523 4503 τῇ
2549 4434 2643 4487 τοῦ
2670 4436 2949 4506 Καίσαρος
2987 4436 3135 4505 οἰκίᾳ
3183 4435 3509 4504 πεποίηκεν,
3540 4436 3924 4506 Χριστοφόρου
3949 4438 4036 4506 βα·

2391 4530 2431 4582 D
2463 4528 2653 4587 σιλέως
2703 4528 2798 4580 καὶ
2852 4528 3100 4580 Ἰωάννου
3144 4528 3417 4596 μοναχοῦ,
3452 4527 3548 4580 τοῦ
3596 4531 3886 4596 γεγονότος
3923 4534 4038 4601 pai-

2460 4637 2674 4690 κτορος,
2703 4621 3304 4690 παρανυμφευσάντων.

2533 4710 2619 4783 lP-
2652 4710 2780 4782 587]
2822 4709 2931 4780 μα’-
2956 4710 3191 4780 Μαρτίφ
3212 4710 3269 4763 δὲ
3302 4711 3433 4780 μηνὶ
3465 4710 3648 4781 ἡμέρᾳ
3685 4710 3729 4779 β’
3754 4713 4037 4783 κοτμήτης

2461 4802 2658 4854 ἔπεσεν
2703 4803 2760 4853 ἐν
2800 4800 2878 4871 τῷ
2924 4801 3076 4871 φὸρῳ
3104 4801 3168 4853 ἐκ
3201 4800 3308 4853 τῶν
3341 4801 3618 4870 στοιχηδὸν
3655 4802 3967 4871 ἱσταμένων
3994 4806 4038 4833 ⁶³

2461 4892 2639 4944 ἐκεῖσε
2659 4891 2835 4943 κίοσιν
2861 4891 3249 4958 ἐπικειμένων,
3287 4892 3381 4942 καὶ
3402 4890 3724 4943 ἀπέκτεινεν
3740 4892 3941 4961 ἄνδρας
3962 4893 4033 4953 ς’.

2461 4983 2655 5051 Γέγονε
2680 4983 2737 5036 δὲ
2766 4984 2859 5035 καὶ
2884 4982 3211 5053 ἐμπρησμὸς
3244 4982 3414 5052 μέγας
3450 4982 3541 5034 καὶ
3567 4982 3803 5053 φοϐερὸς
3833 4986 3916 5046 εἰς
3950 4987 4037 5036 τὶν

2460 5075 2554 5127 τοῦ
2585 5076 2750 5147 φόρου
2778 5073 3026 5143 ἔμϐολον,
3064 5072 3290 5142 πλησίον
3319 5072 3412 5125 τοῦ
3444 5072 3573 5126 ναοῦ
3598 5077 3699 5143 τῆς
3728 5075 4037 5145 ὑπεραγὺς

2462 5167 2749 5231 Θεοτόκου,
2797 5166 2937 5219 ὥστε
2983 5166 3328 5235 κατακαῆναι
3366 5166 3434 5219 τά
3474 5182 3533 5217 τε
3565 5167 3923 5235 κηροπωλεῐα
3949 5172 4036 5221 καὶ

2464 5260 2530 5313 τὰ
2566 5260 2832 5330 γουνάρια
2868 5259 2962 5311 τοῦ
2994 5258 3161 5329 φόρου
3201 5259 3368 5329 μέχρι
3398 5257 3509 5310 τῶν
3544 5258 3755 5326 Ψιχῶν.

2533 5441 2641 5511 μβ’.
2688 5439 3034 5509 Ἐτελεύτησε
3080 5439 3135 5492 δὲ
3167 5440 3540 5510 Χριστοφόρος
3584 5440 3612 5491 ὁ
3641 5437 3905 5508 pacata-‘4;
3936 5459 4034 5510 μη,

2462 5534 2549 5593 νὸς
2585 5530 2894 5597 Αὐγούστου
2928 5570 2941 5593 ,
2993 5528 3323 5591 ἱνδικτιῶνος
3378 5526 3447 5593 δ’,
3499 5526 3670 5580 πολλὰ
3724 5528 4031 5599 κοψαμένον

2034 5650 2264 5704 VARI/li
2301 5648 2702 5705 LECTIONES.

849 5733 1150 5813 ἳήἓςιῆμινᾷ
1188 5750 1240 5805 ρ,
1265 5738 1369 5792 259
1399 5737 1451 5791 ἀ,
1522 5739 1565 5769 ⁵⁸
1595 5738 1894 5808 Βαραχαιου
1936 5743 2003 5795 io,
2065 5745 2124 5774 εδ·
2148 5744 2469 5813 lmgebatur,
2504 5743 2933 5809 ἐξαποστέλλειν.
2980 5743 3024 5775 ⁸⁵
3055 5742 3166 5795 imo
3200 5740 3310 5793 τῶν
3341 5743 3451 5803 τοῖς
3486 5758 3567 5794 στ.
3608 5742 3927 5811 ἱσταμένοις
3948 5740 4027 5795 Ci.

783 5821 833 5875 ιη.
855 5803 960 5858 E260
991 5805 1045 5857 d.
