4158 6438
167 395 268 459 973

1279 387 1476 447 VITE
1518 384 2068 445 RECENTIORUM
2108 386 2314 446 lMPP.

3333 381 3437 447 9'14

170 507 335 559 αὐτὸν
362 506 457 557 τοῦ
518 504 747 573 πατρὸς,
786 501 860 563 ὼς
900 502 1000 571 ἤδη
1034 501 1113 563 είς
1162 502 1338 569 γῆρας
1364 497 1530 550 αὑτοῦ
1559 496 1751 564 ἐληλα-

1861 494 2199 563 patre.illius
2243 496 2408 549 funus
2453 494 2661 564 ingenti
2713 493 2865 547 luctu
2918 492 3255 561 planctuque
3306 505 3441 560 pro-

173 598 327 659 κότος
387 597 478 648 καὶ
520 593 631 646 τῶν
683 592 817 645 υἱῶν
856 589 1024 644 αὑτοῦ
1071 590 1151 642 ἔτι
1182 588 1389 658 νηπίων
1420 587 1607 639 ὅντων.
1640 586 1749 637 Καὶ

169 690 330 757 ἐτέθη
371 688 433 739 τὸ
483 684 739 754 λείψανον
784 682 951 736 αὑτοῦ
999 685 1058 736 ὲν
1092 684 1158 752 τῇ
1209 679 1435 750 ῥηθείσῃ
1473 681 1605 747 μονῇ
1654 677 1748 730 τοῦ

173 780 377 850 πατρὸς
414 777 600 831 αὐτοῦ.

245 954 356 1024 μΥ’·
392 953 729 1021 Κατὴγαγον
757 951 813 1003 δὲ
840 950 935 1003 καὶ
956 950 1231 1021 Τρύφωνα
1261 946 1610 1017 πατριάρχην
1641 946 1748 997 Αὑ-

170 1048 388 1116 γούστῳ
413 1046 567 1114 μηνὶ,
603 1046 693 1097 τὸν
722 1042 883 1113 ῥητὸν
911 1042 1103 1113 χρόνον
1126 1039 1444 1103 τελέσαντα,
1480 1037 1750 1089 ίνδικτιῶ-

169 1157 262 1203 νος
312 1146 380 1206 γ’.
420 1138 527 1193 Καὶ
576 1136 826 1190 ἀπελθὼν
860 1138 918 1188 ἐν
967 1138 1035 1206 τῇ
1068 1134 1176 1205 ἰδία
1209 1134 1345 1203 μονῇ
1378 1131 1626 1201 τελευτᾷ,
1661 1147 1752 1199 χη-

172 1234 449 1301 ρευσάσης
497 1230 598 1299 τῆς
647 1229 974 1299 Ἐκκλησίας
1011 1226 1201 1297 χρόνον
1236 1224 1335 1278 ἕνα
1362 1224 1459 1276 καὶ⁸
1504 1222 1678 1291 μῆνας
1710 1219 1748 1273 ε’

165 1325 255 1378 διὰ
278 1327 341 1376 τὸ
366 1325 466 1394 τῆς
508 1322 723 1393 ἡλικίας
747 1322 934 1384 άτελές
964 1318 1344 1387 Θεοφυλάκτου
1380 1313 1498 1368 υἱοῦ
1541 1314 1749 1383 Ῥωμα-

168 1416 265 1468 νοῦ
310 1415 594 1484 βασιλέως⁸
648 1414 812 1467 αὐτὸν
861 1412 992 1484 γάρ,
1038 1412 1114 1475 ὡς
1145 1410 1380 1480 εἴρηται,
1419 1406 1613 1478 ἔμελλε
1641 1422 1749 1457 πα-

164 1506 440 1579 τριάρχην
465 1505 860 1575 άποκαθιστᾷν.

244 1775 349 1847 μδ’.
381 1777 685 1843 Βασίλειος,
698 1776 755 1829 δέ
785 1793 869 1840 τις
900 1774 1168 1830 Μακεδὼν
1200 1772 1421 1838 πλάνος,
1455 1771 1749 1823 Κώνσταν·

163 1844 312 1922 ττνον
348 1869 527 1922 Δοῦκα
557 1868 750 1921 ἐαυτὸν
792 1865 933 1923 εἶναι
968 1866 1333 1936 ἐπιφημίσας,
1367 1864 1595 1927 πολλοὺς
1631 1862 1748 1933 μεθ’
1782 1844 1820 1897 Β

164 1962 368 2015 ἑαυτοῦ
406 1963 767 2031 συνεπήγετο.
803 1956 974 2023 Οὗτος
1001 1959 1297 2029 κρατηθεὶς
1345 1958 1450 2011 ὑπὸ
1498 1956 1753 2025 Ἐλεφαν⁴

161 2048 316 2101 τίνου
357 2050 702 2119 τουρμάρχου
755 2050 820 2102 ἐκ
867 2048 964 2102 τοῦ
1008 2049 1255 2117 Ὀψικίου
1310 2048 1463 2111 ὄντος
1501 2047 1643 2117 ἤχθη
1694 2048 1751 2098 ἐν

163 2144 773 2207 Κωνσταντινουπόλει,
808 2145 901 2197 καὶ
933 2143 1039 2196 ὑπὸ
1068 2142 1162 2196 τοῦ
1201 2143 1444 2213 ἐπάρχου
1486 2142 1587 2210 τῆς
1625 2141 1752 2207 μιᾶς

162 2235 550 2305 ἀλλοτριοῦται
583 2238 785 2307 χειρός.
843 2231 981 2290 Εἶτα
1034 2234 1230 2305 καιροῦ
1263 2235 1559 2303 λαϐόμενος
1593 2250 1754 2285 κατα-

162 2328 439 2396 λαμόάνει
482 2329 644 2381 πάλιν
686 2329 747 2380 τὸ
791 2329 1054 2397 Ὀψίκιον,
1085 2328 1181 2382 καὶ
1203 2330 1363 2398 χεῖρα
1398 2326 1603 2395 χαλκῆν
1632 2325 1752 2379 ἀντὶ

159 2420 269 2489 τῆς
300 2421 569 2491 κοπείσης
612 2422 1144 2491 προσαρμοσάμενος
1199 2420 1292 2473 καὶ
1325 2419 1543 2487 σπάθην
1582 2419 1752 2487 ὑπερ-

164 2511 381 2581 μεγέθη
417 2512 967 2582 κατασκευασάμενος
990 2511 1161 2583 ᾧχετο
1188 2511 1405 2565 πλανῶν
1452 2506 1610 2572 αὖθις
1647 2510 1751 2561 τῶν

160 2603 590 2673 ἁγυρτευόντων
624 2604 877 2669 πολλοὺς.
921 2605 996 2665 ὡς
1032 2604 1198 2667 αὐτὸς
1230 2603 1317 2673 εἴη
1345 2604 1754 2665 Κωνσταντῖνος

161 2698 189 2748 ὁ
220 2694 322 2747 τοῦ
353 2695 581 2758 Δουκός·
613 2693 707 2757 οὓς
738 2695 829 2748 καὶ
862 2696 1321 2766 συνεφελκόμενος
1347 2695 1589 2765 μεγάλην
1614 2694 1757 2747 κατά

175 2786 494 2853 Ῥωμανίας
539 2784 838 2856 άνταρσίαν
898 2789 1058 2839 κινεῖ.
1112 2786 1222 2838 Καὶ
1267 2785 1531 2856 φρούριον
1581 2802 1757 2837 κατα-

164 2876 319 2947 σχὼν
363 2877 392 2929 ὃ
439 2876 679 2929 Πλατεῖα
731 2876 907 2947 πέτρα
957 2877 1425 2946 κατονομάζεται,
1471 2877 1579 2929 πᾶν
1617 2870 1757 2937 εἶδος

164 2970 456 3038 ἐδωδίμων
478 2972 536 3023 ἐν
564 2970 739 3040 τούτῳ
766 2969 1020 3023 ἀπέθετοο
1048 2970 1140 3037 ἀφ’
1167 2964 1228 3023 οὗ
1253 2968 1500 3039 ἐξορμῶν
1533 2968 1756 3037 ἐλεηλά-

163 3078 253 3113 τει
288 3060 384 3114 καὶ
419 3063 545 3123 τοὺς
588 3061 1000 3132 παρατυχόντας
1035 3059 1423 3131 προενόμευεν,
1475 3059 1757 3112 Ἀποστεί-

164 3156 271 3217 λας
319 3151 414 3208 οὖν
455 3156 483 3207 ὁ
536 3156 792 3225 βασιλεὺς
842 3154 1072 3224 στρατδν
1118 3154 1241 3207 κατ’
1288 3152 1454 3206 αὑτοῦ
1488 3153 1653 3205 αὐτόν
1697 3170 1754 3204 τε

1853 597 2064 650 secuto,
2114 588 2319 655 quippe
2362 589 2505 657 ejus,
2555 587 2667 655 jam
2701 594 2962 654 vergente
3018 583 3097 635 illi
3132 590 3313 648 aetate,
3366 582 3437 636 li-

1852 677 1968 731 beri
2003 677 2186 731 adhuc
2212 678 2367 745 pueri
2397 685 2585 733 essent
2613 691 2677 730 ac
2710 673 3019 729 minuscula
3052 680 3233 727 aetate.
3260 672 3441 742 Depo-

1854 767 2019 821 situm
2051 767 2201 821 illius
2230 765 2465 821 cadaver
2497 767 2554 821 in
2582 765 2755 837 patris
2781 764 2867 819 sui
2892 761 3252 827 monasterio,
3278 764 3440 833 cujus

1855 856 1909 909 in
1939 857 2322 925 superioribus
2354 857 2726 912 meminimus.

1922 950 2011 1003 45.
2065 949 2172 1004 Sed
2213 957 2268 1002 et
2299 948 2651 1020 Tryphonem
2696 938 3068 1020 patriarcham
3105 968 3291 1009 mense
3325 952 3441 1009 Au-

1854 1050 2044 1111 gusto,
2088 1041 2389 1108 indictione
2445 1041 2611 1111 912
2668 1043 2865 1107 tertia,
2917 1044 3139 1113 expleto
3178 1044 3290 1115 jam
3334 1054 3444 1099 sta-

1856 1141 1974 1187 tuto
2018 1141 2288 1201 tempore,
2337 1133 2509 1203 gradu
2550 1143 2881 1200 moverunt;
2921 1136 3224 1206 abiensque
3257 1136 3313 1191 in
3345 1152 3444 1191 sua

1854 1222 2187 1276 monasteria
2222 1223 2348 1277 fatis
2391 1224 2681 1289 concedit,
2735 1224 2983 1280 Ecclesia
3026 1233 3246 1295 pastore
3274 1226 3443 1282 vidua

1855 1321 2111 1366 manente
2177 1328 2382 1367 annum
2450 1330 2623 1368 unum
2679 1329 2900 1369 menses
2951 1316 3232 1386 quinque,
3295 1320 3441 1386 quoi

1856 1402 2302 1473 Theophylactus
2348 1403 2583 1457 Romani
2632 1403 2983 1484 imperatoris
3020 1406 3166 1461 ﬁlius
3193 1406 3443 1462 nonduin

1856 1502 2068 1549 matura
2130 1495 2264 1551 satis
2318 1502 2477 1549 aetate
2526 1502 2675 1550 esset
2733 1513 2747 1548 :
2808 1496 2987 1566 ipsum
3050 1498 3200 1553 enim
3259 1508 3440 1568 pater,

1857 1587 1938 1639 uti
2000 1585 2209 1640 dictum
2276 1593 2399 1651 est,
2450 1584 2816 1640 constituerat
2877 1586 3245 1656 patriarcham
3302 1602 3442 1657 prae-

1858 1676 2046 1733 ﬁcere.

1928 1769 2016 1822 44.
2071 1769 2307 1824 Basilius
2335 1771 2556 1840 quidam
2592 1771 2817 1826 Macedo
2850 1771 3138 1840 impostor,
3171 1768 3443 1825 Constan-

1860 1862 2037 1917 tinum
2072 1862 2277 1918 Ducem
2321 1878 2381 1918 se
2419 1879 2543 1919 esse
2573 1864 2806 1935 jactans,
2856 1865 3059 1917 multos
3108 1862 3214 1917 sibi
3246 1863 3443 1933 adjun-

1861 1962 1958 2015 xit.
2005 1939 2104 2016 llic
2141 1960 2211 2015 ab
2246 1960 2617 2030 Elephantino
2663 1959 2891 2014 tribuno
2930 1958 3226 2027 Opsiciano
3254 1968 3446 2029 captus

1863 2056 2027 2123 inque.
2064 2054 2259 2108 urbem
2296 2053 2568 2107 adductus
2613 2069 2643 2106 a
2684 2053 2946 2121 praefecto
2982 2053 3152 2105 altera
3184 2067 3446 2105 manuum

1863 2155 2152 2201 truncatus
2211 2154 2296 2200 est
2376 2143 2732 2198 Postmodum
2766 2158 2899 2197 vero
2950 2143 3296 2198 occasionem
3346 2158 3447 2196 na-

1863 2249 1988 2295 ctus
2026 2239 2093 2293 ad
2139 2238 2421 2308 Opsicium
2462 2236 2641 2302 redit;
2697 2250 3007 2305 aereamque
3060 2234 3166 2289 sibi
3226 2242 3446 2289 manuni

1862 2341 2056 2401 aptans
2110 2330 2228 2401 ejus
2290 2330 2411 2383 loco
2454 2344 2575 2398 quae
2620 2327 2804 2381 excisa
2851 2336 3006 2390 erat,
3060 2327 3449 2397 ingentemque

1861 2425 2103 2494 gladium
2174 2422 2483 2486 fabricans,
2542 2420 2745 2475 multos
2814 2421 3019 2474 iterum
3085 2418 3449 2474 circumfora-

1864 2532 1999 2571 neos
2042 2531 2107 2570 ac
2145 2514 2449 2569 nebulones
2492 2511 2765 2567 seducens
2809 2512 2888 2566 sic
2918 2510 3251 2580 vagabatur,
3296 2511 3451 2566 velut

1862 2610 1957 2678 qui
2009 2607 2406 2662 Constantinus
2460 2605 2627 2659 Ducis
2683 2604 2829 2658 ﬁlius
2865 2613 3033 2657 esset.
3080 2602 3287 2657 lterum
3348 2602 3453 2657 ita-

1863 2716 1972 2771 que
2020 2708 2304 2754 contracta
2350 2714 2513 2751 manu
2560 2712 2812 2766 magnam
2856 2695 3125 2749 adversus
3170 2710 3287 2750 rem
3344 2694 3450 2752 Ro-
3492 2760 3497 2765 η

1868 2806 2082 2845 manam
2146 2790 2348 2844 conﬁat
2406 2788 2807 2853 rebellionem;
2858 2785 3175 2855 oppidoque
3238 2786 3455 2839 munito

1867 2883 2108 2954 potitus,
2173 2881 2261 2934 cui
2324 2895 2524 2934 nomen
2586 2879 2721 2932 Lata
2777 2882 2969 2947 petra,
3023 2877 3314 2946 omnisque
3366 2888 3453 2945 ge-

1867 2968 2019 3021 neris
2056 2970 2111 3023 in
2143 2986 2211 3025 eo
2256 2985 2475 3023 annona
2523 2969 2801 3037 reposita,
2858 2967 2987 3021 inde
3027 2975 3324 3034 erumpens
3349 2965 3432 3020 cir

1866 3074 1991 3112 eum
2029 3060 2268 3114 vicinam
2305 3059 2628 3129 religionem
2668 3058 3035 3127 populabatur
3061 3057 3280 3126 lateque
3315 3071 3449 3126 pra:-

1866 3149 1964 3203 das
2005 3150 2219 3220 agebat.
2263 3149 2444 3204 Missis
2486 3148 2671 3217 itaque
2713 3149 3013 3217 imperator
3044 3146 3307 3201 adversus
3328 3162 3453 3201 eum

166 3246 472 3299 συνέλαόεν
498 3246 592 3299 καὶ
620 3248 744 3309 τοὺς
778 3246 874 3298 σὺν
903 3245 1071 3316 αὐτῷ.
1108 3248 1203 3299 Ὃν
1242 3247 1337 3298 καὶ
1367 3245 1666 3313 ἀγαγόντες
1699 3247 1755 3297 ἐν

1866 3246 2044 3314 copiis
2085 3254 2201 3299 tum
2244 3245 2425 3315 ipsum
2464 3246 2633 3314 cepit,
2681 3252 2795 3298 tum
2828 3245 2922 3313 qui
2967 3243 3046 3297 illi
3100 3242 3237 3298 socii
3273 3252 3453 3298 erant.

164 3342 234 3408 τῇ
286 3340 438 3391 πόλει
470 3339 761 3408 άνέκρινάν
789 3356 848 3391 τε
876 3341 969 3391 καὶ
994 3339 1197 3400 πολλάς
1239 3339 1459 3406 πληγὰς
1505 3337 1757 3391 ἐπετίθε-

165 3444 297 3488 σαν,
331 3426 425 3478 τοῦ
455 3428 583 3490 τοὺς
628 3427 969 3492 στασιώτας,
1028 3429 1081 3481 εἴ
1125 3446 1274 3490 τινες
1306 3424 1437 3489 εἷεν,
1466 3431 1661 3482 εἰπεῖν.
1699 3429 1759 3479 '0

163 3515 223 3567 δὲ
253 3516 491 3578 πολλοὺς
514 3515 621 3567 τῶν
652 3518 709 3568 ἐν
736 3516 877 3568 τέλει
907 3515 1264 3583 ἐσυκοφάντει
1293 3514 1505 3581 ψευδῶς
1528 3514 1604 3576 ὡς
1636 3530 1758 3565 συν-

163 3609 333 3671 όντας
363 3607 531 3678 αὐτῷ.
566 3608 751 3677 Μηδὲν
780 3608 835 3661 δὲ
878 3605 1050 3677 ἀληθῆ
1093 3607 1213 3659 κατ’
1237 3606 1419 3660 αὐτῶν
1449 3605 1629 3674 λέγειν
1669 3604 1759 3671 ἐξ·

165 3704 457 3773 ελεγχθεὶς
490 3705 549 3756 ἐν
593 3704 707 3764 τοῖς
742 3698 1145 3772 Ἀμαστριανοῦ
1181 3698 1349 3770 πυρὸς
1374 3698 1757 3769 παρανάλωμα

165 3798 408 3864 γίνεται.

246 3888 357 3957 με’.
425 3888 836 3958 Χειροτονεῖται
894 3887 951 3939 δέ
1005 3885 1350 3955 πατριάρχης
1415 3885 1444 3937 ὁ
1500 3883 1759 3944 πολλάκις

168 3981 368 4051 ῥηθεὶς
393 3978 487 4031 τοῦ
516 3978 779 4047 βασιλέως
829 3978 942 4040 υἱὸς
968 3976 1365 4045 Θεοφύλακτος,
1391 3974 1757 4045 Φεϐρουαρίου

167 4073 238 4144 β’,
283 4072 613 4135 ίνδικτιῶνος
648 4074 721 4136 ς’,
750 4069 1139 4140 τοποτηρητῶν
1171 4067 1256 4139 [Ρ.
1288 4064 1414 4137 588]
1445 4067 1508 4118 ὲκ
1539 4065 1759 4134 Ῥώμης

163 4167 440 4220 ἐλθόντων
477 4167 571 4218 καὶ
625 4165 792 4233 τόμον
828 4162 1108 4216 συνοδικὸν
1157 4160 1576 4229 ἐπιφερομένων
1628 4158 1758 4228 περὶ

166 4259 277 4328 τῆς
320 4256 488 4311 αὑτοῦ
517 4255 852 4326 χειροτονίας
885 4253 1293 4323 διαγορεύοντα*
1337 4251 1386 4304 οἳ
1423 4251 1515 4304 καὶ
1540 4249 1619 4319 τῷ
1649 4265 1756 4303 πα-

166 4350 486 4423 τριαρχικῷ
516 4350 691 4420 θρόνω
727 4348 917 4401 τοῦτον
955 4347 1261 4401 ἐνίδουσαν.

1867 3337 2156 3392 lnductum
2212 3338 2268 3392 in
2330 3338 2524 3392 urbem
2584 3336 2795 3407 judicio
2848 3336 3095 3401 sistunt;
3160 3342 3327 3405 atque
3384 3335 3451 3389 ad

1864 3432 2196 3499 quaestiones
2244 3432 2516 3497 adhibito,
2562 3441 2617 3486 et
2652 3441 2712 3485 ut
2752 3433 2931 3485 socios
2974 3430 3206 3501 prodat,
3254 3430 3457 3485 multas

1864 3524 2052 3592 plagas
2112 3524 2455 3592 imponunt:
2502 3523 2596 3592 qui
2652 3523 2858 3577 multos
2920 3537 3246 3592 procerum,
3292 3523 3453 3592 quasi

1857 3615 1968 3669 sibi
1996 3615 2386 3679 adhmsissent,
2434 3631 2534 3685 per
2563 3615 2895 3670 calumniam
2921 3613 3121 3667 defert.
3155 3612 3423 3669 Convictu
3445 3648 3457 3664 .

1861 3721 1995 3760 vero
2019 3706 2160 3759 nihil
2189 3706 2270 3759 eis
2295 3704 2411 3759 veri
2434 3705 2686 3759 criminis
2711 3704 2954 3775 objicere
2973 3746 2987 3769 ,
3018 3703 3085 3758 ad
3124 3704 3453 3760 Amastriani

1863 3797 1973 3867 igni
1999 3797 2323 3851 combustus
2354 3805 2458 3851 est.

1931 3888 2095 3958 913
2133 3890 2223 3943 45.
2272 3889 2447 3955 Quem
2501 3905 2634 3943 vero
2670 3889 2872 3958 saepius
2913 3889 3049 3953 dixi“,
3104 3886 3454 3959 imperatoris

1863 3981 2008 4035 ﬁlius
2061 3981 2513 4053 TheOphylactus
2577 3982 2892 4052 patriarcha
2959 3983 3274 4046 ordinatur,
3348 3981 3452 4036 Fe-

1862 4072 2073 4126 bruarii
2129 4072 2337 4127 mensis
2388 4072 2477 4126 die
2539 4072 2824 4136 secunda,
2898 4072 3201 4127 indictione
3260 4080 3449 4135 sexta,

1863 4180 1987 4219 cum
2028 4164 2287 4219 adessent
2349 4180 2418 4219 ex
2471 4164 2646 4219 Roma
2706 4165 2932 4228 vicarii,
2994 4174 3316 4233 tomumque
3366 4179 3454 4235 sy-

1866 4257 2123 4311 nodalem
2198 4256 2267 4311 de
2337 4257 2486 4311 illius
2552 4265 2885 4312 tractantem
2947 4255 3299 4311 ordinatione
3365 4256 3452 4310 in-

1865 4351 2116 4414 ferrent;
2165 4351 2261 4419 qui
2313 4359 2371 4404 et
2418 4350 2472 4403 in
2520 4350 2878 4419 patriarchali
2926 4348 3056 4403 sede
3105 4363 3235 4403 eum
3283 4347 3455 4402 collo-

1866 4457 2077 4495 cavere.

250 4534 372 4597 μετ’.
434 4526 498 4579 Ἦ
536 4526 594 4579 δὲ
626 4526 892 4596 εἰρημένη
921 4523 1016 4577 τοῦ
1046 4523 1310 4593 βασιλέως
1352 4520 1632 4591 Ῥωμανοῦ
1664 4522 1756 4587 ἐγ-

1934 4538 2021 4591 46.
2044 4536 2187 4603 Quin
2219 4539 2366 4593 dicta
2396 4552 2616 4607 quoque
2639 4537 2873 4591 Romani
2900 4536 3246 4606 imperatoris
3269 4536 3451 4605 neptis

167 4621 310 4690 γόνη
343 4620 556 4689 Μαρία.
593 4620 625 4688 ἡ
667 4617 805 4686 γυνὴ
840 4616 1050 4687 Πέτρου
1102 4614 1367 4685 βασιλέως
1394 4612 1755 4683 Βουλγαρίας,

167 4716 232 4766 ἐν
282 4716 349 4784 τῇ
383 4712 533 4764 πόλει
575 4708 791 4778 εἰσῆλθε
837 4709 931 4761 τοῦ
962 4708 1054 4761 τὸν
1103 4707 1233 4760 [διον
1275 4708 1488 4777 πατέρα
1534 4708 1628 4760 καὶ
1668 4706 1759 4758 τὸν

168 4807 407 4859 πάππον
445 4804 615 4867 αὐτῆς
660 4801 1084 4868 ἐπισκέψασθαι.
1139 4799 1458 4852 Τελευταίον
1508 4799 1565 4850 δὲ
1623 4797 1759 4866 μετὰ

166 4898 391 4951 παίδων
420 4894 639 4964 εἰσῆλθε
670 4894 860 4963 τριῶν,
894 4893 995 4963 ἤδη
1043 4892 1135 4944 τοῦ
1170 4891 1379 4961 πατρὸς
1423 4890 1591 4959 αὐτῆς
1621 4891 1757 4959 Χρι-

166 4990 446 5059 στοφόρου
501 4987 947 5056 τελευτήσαντος.
1006 4984 1242 5039 Πλοῦτον
1299 4983 1393 5037 οὖν
1452 4984 1602 5053 παρὰ
1662 4981 1757 5035 τοῦ

165 5080 411 5133 πάππου
462 5077 705 5130 λαϐοῦσα
756 5076 923 5129 πολὺν
983 5076 1076 5129 καὶ
1122 5074 1339 5143 ἔντιμον
1378 5075 1612 5143 ἐντίμως
1661 5074 1760 5126 ὐπ-

164 5170 432 5242 έστρεψε.

250 5261 361 5335 μζ.
427 5260 709 5332 Ῥωμανδς
743 5261 801 5313 δὲ
839 5263 867 5313 ὁ
920 5259 1172 5329 βασιλεὺς
1226 5258 1304 5327 τῷ
1352 5258 1454 5328 υἱῷ
1501 5258 1759 5327 Στεφάνῳ

163 5356 415 5426 γυναῖκα
438 5353 704 5421 ἠγάγετο,
726 5350 1002 5420 θυγατέρα
1029 5348 1195 5403 οὖσαν
1218 5347 1570 5418 Γαϐριηλίου,
1602 5348 1762 5416 ἐγγό-

161 5466 273 5520 νην
306 5446 370 5501 δὲ
397 5444 719 5511 Κατακύλα,
746 5446 945 5497 Ἄνναν
973 5442 1221 5513 ὀνόματι.
1255 5442 1407 5513 ’Δμα
1433 5441 1490 5494 δὲ
1515 5440 1592 5509 τῷ
1620 5458 1761 5510 νυμ-

162 5540 326 5610 φικῷ
376 5538 632 5608 στεφάνῳ
668 5537 763 5592 καὶ
804 5539 833 5591 ὁ
867 5536 969 5607 τῆς
1012 5535 1287 5606 βασιλείας
1316 5534 1464 5606 αὐτῷ
1496 5535 1761 5603 στέφανος

161 5634 435 5703 ἐπετέθη.

247 5734 363 5797 μη⁹.
407 5725 655 5794 Ἐγένετο
686 5723 743 5779 δὲ
784 5723 1113 5792 ἐκστρατεία
1140 5720 1333 5792 πρώτη
1366 5720 1472 5774 τῶν
1500 5720 1761 5793 Τούρχων

162 5819 321 5876 κατὰ
360 5817 647 5891 Ῥωμαίων
694 5815 1026 5879 ίνδικτιῶνος
1077 5813 1141 5880 ζ’,
1181 5813 1479 5887 Ἀπριλλίῳ
1523 5813 1672 5885 μηνί·
1709 5811 1759 5866 οἳ

1866 4625 2066 4690 Maria,
2116 4627 2265 4681 Petri
2318 4627 2587 4697 Bulgaria:
2636 4626 2904 4696 principis
2940 4643 3099 4690 uxor,
3156 4626 3213 4680 in
3255 4626 3451 4681 urbem

1866 4719 2108 4787 ingressa
2148 4727 2235 4773 est
2278 4728 2490 4788 patrem
2532 4734 2807 4789 avumque
2851 4718 3119 4773 invisura.
3162 4720 3451 4774 Postremo

1867 4810 2086 4865 tandem
2118 4810 2271 4865 venit
2308 4823 2425 4865 tres
2468 4826 2657 4866 secum
2702 4811 2912 4867 liberos
2954 4811 3273 4877 adducens,
3322 4827 3450 4867 cum

1859 4903 1971 4972 jam
2013 4901 2448 4973 Christophorus
2492 4904 2613 4974 ejus
2660 4912 2815 4973 pater
2858 4904 2999 4959 vivis
3039 4912 3327 4974 exemptus
3364 4919 3454 4960 es-

1864 5002 1967 5047 set.
2037 4992 2223 5047 Multis
2277 4993 2465 5063 itaque
2534 4993 2921 5063 praeclarisque
2976 4994 3063 5047 avi
3120 4993 3448 5049 muniﬁcen-

1865 5085 1937 5139 tia
2000 5084 2201 5138 donata
2275 5085 2484 5140 divitiis
2550 5086 2856 5140 honoriﬁce
2926 5086 3150 5141 domum
3228 5102 3448 5143 reversa

1861 5185 1964 5230 est.

1934 5269 2021 5322 47.
2056 5268 2340 5324 Romanus
2367 5284 2500 5324 vero
2528 5269 2831 5339 imperator
2856 5268 3137 5339 Stephano
3168 5269 3280 5323 ﬁlio
3307 5285 3445 5324 uxo-

1864 5375 1977 5415 rem
2004 5361 2148 5415 locat
2168 5360 2440 5418 Gabrielis
2462 5362 2651 5426 ﬁliam,
2679 5361 2946 5433 Catacylze
2978 5361 3209 5431 neptim,
3231 5361 3444 5418 Annam

1861 5452 2129 5519 nomine;
2178 5468 2243 5509 ac
2286 5469 2412 5509 cum
2459 5454 2694 5525 nuptiali
2738 5463 2890 5510 serto
2934 5453 3251 5525 Augustalis
3281 5454 3446 5510 etiam

1864 5560 2067 5601 corona
2099 5546 2178 5601 illi
2201 5548 2455 5618 imposita
2485 5554 2589 5603 est.

1935 5722 2024 5777 48.
2084 5721 2334 5795 Contigit
2379 5738 2514 5778 vero
2577 5723 2755 5794 prima
2816 5721 3127 5776 Turcorum
3184 5718 3449 5774 adversus

1864 5817 2142 5875 Romanos
2219 5817 2497 5891 expeditio
2574 5832 2765 5876 mense
2840 5813 3058 5887 Aprili,
3145 5809 3449 5869 indictione
