4158 6438
740 442 849 504 97⁷5

2011 430 2333 494 GEORGII
2376 426 2721 487 MONACIII

3913 427 4019 485 976

740 558 997 623 septima.
1050 552 1113 606 ili
1167 551 1232 607 atl
1295 552 1487 605 urbem
1543 566 1719 621 usque
1776 559 2140 604 excurrentes
2196 562 2327 601 eun~

2458 542 2535 596 ιαὶ
2588 542 3032 612 καταδραμόντες
3090 544 3251 614 μέχρι
3314 543 3413 614 τῆς
3472 545 3678 606 πόλεως
3725 543 4021 613 ἑληῖσαντο

741 657 859 701 etas
900 660 1001 715 per
1040 644 1335 699 Thraciam
1388 644 1582 698 obvios
1621 641 1802 713 praeda
1850 641 2103 711 abegere.
2141 638 2335 691 Missus

741 740 929 807 itaque
995 736 1367 804 Theophanes
1417 734 1683 805 patricius
1735 730 2197 803 protovestiarius
2237 728 2337 781 im-

740 830 993 900 periique
1043 827 1373 883 administer
1418 842 1481 881 ac
1531 826 1790 896 princeps
1833 835 2089 887 senatus,
2135 832 2196 877 ut
2243 838 2337 893 pa-

744 938 862 974 cem
911 936 1036 974 cum
1082 920 1165 974 eis
1212 926 1571 988 componeret
1624 918 1979 987 captivosque
2042 916 2333 984 reciperet.

743 1014 914 1067 Porro
945 1012 1315 1080 Theophanes
1348 1009 1516 1081 914
1563 1008 1881 1064 admiranda
1933 1007 2231 1077 prudentia
2275 1023 2341 1061 ac

742 1105 1040 1175 sagacitate
1084 1103 1191 1157 illis
1222 1118 1355 1157 usus
1386 1112 1585 1156 cuncta
1615 1118 1681 1155 ex
1717 1109 1845 1155 voto
1882 1100 2154 1163 confecit,
2193 1100 2339 1153 mul-

746 1205 855 1249 tam
896 1211 961 1248 ex
1007 1194 1117 1249 illis
1160 1210 1228 1249 eo
1276 1194 1501 1248 nomine
1546 1194 1763 1247 laudem
1812 1208 1877 1246 ac
1916 1192 2339 1246 admirationem

746 1296 1106 1342 consecutus.
1193 1287 1423 1353 Quando
1497 1296 1553 1339 et
1632 1286 1915 1338 Romanus
2000 1285 2338 1353 imperator,

745 1390 952 1449 quanta
986 1378 1393 1449 magnificentia
1429 1386 1485 1433 et
1514 1378 1853 1433 humanitate
1889 1385 2196 1447 praestaret,
2230 1392 2343 1429 ma-

747 1473 1010 1527 nilcstum
1062 1472 1223 1537 fecit,
1276 1472 1448 1525 nullis
1500 1470 1816 1541 sumptibus
1859 1482 2116 1539 parcens,
2163 1468 2341 1523 solum

750 1568 811 1613 nt
845 1561 1225 1615 liberarentur
1256 1562 1482 1629 captivi.

817 1650 906 1703 49.
938 1650 1165 1703 Locavit
1191 1666 1326 1704 vero
1341 1650 1629 1704 Romanus
1659 1650 1960 1718 imperator
1976 1648 2345 1705 Constantino

750 1742 996 1796 filiorum
1020 1753 1153 1796 natu
1180 1742 1407 1795 minimo
1432 1758 1657 1796 uxorem
1691 1743 1979 1806 Helenam,
2004 1742 2230 1797 Adriani
2257 1758 2346 1811 pa-

754 1834 895 1887 tricii
944 1834 1141 1895 ﬁliam,
1186 1835 1379 1903 stirpis
1417 1835 1793 1901 Armeniaca;
1841 1851 1948 1905 qua
1988 1847 2044 1890 et
2088 1835 2345 1889 defuncta

2438 637 2620 688 πᾶσαν
2643 632 2917 705 Θρακῴαν
2948 636 3147 705 ψυχήν.
3194 636 3499 707 Ἀπεστάλη
3530 636 3623 690 οὖν
3671 637 3699 689 6
3730 637 4023 705 πατρίκιος

2437 727 2718 797 Θεοφάνης
2773 729 2803 779 6
2860 728 3356 798 πρωτοϐεστιάριος
3398 728 3490 782 καὶ
3530 726 4026 798 παραδυναστεύων

2443 823 2562 891 μετ’
2595 820 2775 875 αὐτῶν
2832 822 3057 889 ποιῆσαι
3108 821 3396 888 ἀλλάγιον,
3451 821 3509 884 ὃς
3559 822 3653 874 καὶ
3701 820 4026 889 θαυμασίως

2439 912 2535 964 καὶ
2561 910 2800 972 συνετῶς
2835 911 3033 973 αὐτοὺς
3061 910 3334 980 μετελθὼν
3368 914 3580 981 ὅσαπερ
3610 910 3873 981 ἠϐούλετο
3897 925 4029 961 κατ-

2440 1002 2741 1073 επράξατο,
2785 1002 2957 1055 πολλὰ
3003 1004 3134 1073 παρ’
3186 1002 3365 1057 αὺτῶν
3404 1004 3496 1056 ἐπὶ
3525 1005 3592 1073 τῇ
3629 1004 3889 1072 φρονήσει
3934 1001 4030 1051 καὶ

2442 1094 2702 1168 εὐϐουλίᾳ
2742 1094 3050 1158 ἐπαινεθείς
3085 1112 3143 1147 τε
3173 1095 3268 1148 καὶ
3304 1094 3659 1161 θαυμασθείς·
3700 1095 3791 1145 δτε
3838 1093 3934 1145 καὶ
3974 1093 4033 1143 τὸ

2445 1188 2820 1259 μεγαλόψυχον
2870 1188 3036 1242 αὐτοῦ
3098 1187 3191 1241 καὶ
3250 1187 3637 1258 φιλάνθρωπον
3687 1189 3716 1239 6
3771 1184 4032 1255 βασιλεὺς

2455 1282 2738 1353 Ῥωμανὸς
2766 1280 3097 1347 ἐπεδείξατο,
3135 1279 3361 1351 μηδενὸς
3395 1280 3724 1350 φεισάμενος
3749 1279 4033 1351 χρήματος

2442 1376 2583 1445 πρὸς
2626 1374 2725 1444 τὴν
2762 1373 2873 1427 τῶν
2915 1372 3281 1444 αἰχμαλώτων
3315 1373 3637 1444 ἀνάρρυσιν.

2521 1638 2631 1704 μθθ.
2677 1637 2948 1705 Ἠγάγετο
3002 1636 3057 1690 δὲ
3094 1639 3328 1706 γυναῖκα
3370 1638 3399 1688 ὁ
3444 1636 3697 1704 βασιλεὺς
3755 1637 4037 1705 Ῥωμανός

2446 1729 2527 1800 τῷ
2556 1729 2851 1799 τελευταίῳ
2900 1726 3065 1781 αὑτοῦ
3122 1727 3224 1798 υίῷ
3280 1729 3680 1797 Κωνσταντίνῳ
3733 1729 3796 1779 ὲκ
3842 1728 4036 1795 γένους

2446 1823 2557 1875 τῶν
2598 1820 2996 1892 Ἀρμενιακῶν,
3034 1817 3270 1888 τοῦνομα
3315 1820 3571 1889 Ἑλένην,
3611 1818 3706 1872 τοῦ
3739 1820 4035 1888 πατρικίου

755 1927 964 1981 mensis
995 1927 1287 1981 Februarii
1313 1928 1402 1982 die
1428 1928 1602 1981 altera
1641 1928 1874 1982 alteram
1902 1930 1953 1983 ei
1984 1928 2348 1997 Thcophano-

2466 1913 2749 1985 Ἀδριανοῦ
2825 1914 3140 1982 θυγατέρα·
3180 1908 3249 1984 ἦς
3303 1915 3397 1965 καὶ
3463 1914 3871 1983 τελευτησάσης
3930 1914 4039 1965 Φε-

753 2031 878 2068 nem
913 2015 1136 2070 nomine
1164 2024 1399 2084 nuptum
1432 2014 1681 2069 tradidit.

824 2191 912 2245 50.
961 2191 1111 2246 Junii
1166 2192 1372 2245 mensis
1427 2190 1752 2256 undecima,
1802 2190 2106 2245 indictione
2158 2192 2351 2259 quinta

756 2283 996 2344 decima,
1048 2283 1207 2337 Russi
1255 2283 1526 2336 instructa
1568 2284 1740 2337 classe
1790 2283 1856 2336 ad
1891 2283 2083 2336 decem
2126 2284 2349 2336 navium

756 2375 930 2427 millia
961 2374 1228 2427 adversus
1257 2374 1579 2445 Byzantium
1614 2375 1965 2443 navigarunt.
1996 2374 2194 2428 Missus
2220 2388 2352 2428 vero

756 2478 844 2521 est
890 2482 1017 2521 cum
1050 2467 1373 2521 triremibus
1395 2475 1450 2521 et
1488 2467 1795 2532 celocibus,
1829 2475 2102 2537 quotquot
2131 2466 2185 2520 in
2218 2466 2351 2521 urbe

757 2560 1066 2623 exstabant,
1089 2560 1457 2629 Theophanes
1476 2560 1742 2631 patricius
1759 2559 2064 2629 subadjuva
2082 2568 2137 2614 et
2162 2568 2352 2630 proto-

758 2652 1091 2716 vestiarius;
1132 2651 1509 2721 instructaque
1560 2662 1617 2706 et
1664 2663 1853 2722 parata
1897 2654 2092 2717 classe,
2156 2654 2351 2723 jejunii

759 2760 823 2799 ac
878 2745 1244 2815 lacrymarum
1282 2746 1533 2814 apprime
1594 2745 1854 2815 prasidio
1900 2746 2169 2810 munitus,
2212 2748 2355 2801 Rus-

758 2852 851 2891 sos
896 2837 1283 2905 operiebatur,
1342 2839 1536 2892 navale
1580 2853 1705 2891 cum
1754 2838 1837 2893 eis
1876 2847 2154 2892 certamen
2200 2854 2353 2892 com-

759 2928 1057 2984 missurus.
1102 2928 1352 2999 Cumque
1407 2930 1486 2983 illi
1538 2930 1649 2999 jam
1691 2930 1976 2984 venissent
2044 2945 2109 2984 ac
2176 2930 2354 2984 Pharo

759 3022 1249 3091 propinquassent,
1306 3022 1422 3091 ipse
1475 3023 1541 3075 ad
1584 3022 1784 3076 Euxini
1832 3022 2020 3077 lauces
2060 3022 2354 3076 stationem

760 3113 1003 3176 habens,
1078 3114 1132 3167 in
1190 3115 1312 3168 loco
1376 3130 1541 3183 quem
1609 3114 1836 3169 Hierum
1898 3122 2099 3168 vocant
2154 3114 2264 3181 (ac
2310 3112 2355 3167 si

2451 2006 2730 2076 ϐρουαρίῳ
2766 2007 2926 2075 μηνὶ,
2970 2005 3301 2070 ίνδικτιῶνος
3349 2004 3416 2075 β’,
3451 2005 3645 2077 ἑτέραν
3680 2006 3856 2073 τούτῳ
3906 2022 4033 2057 συν-

2452 2100 2661 2165 έζευξε.

2523 2199 2586 2246 ν’.
2627 2192 2827 2259 Ἰουνίῳ
2872 2192 2929 2246 δὲ
2958 2192 3089 2260 μηνὶ
3122 2190 3210 2253 ια’,
3250 2192 3581 2253 ίνδικτιῶνος
3612 2200 3693 2254 ιε’,
3726 2191 4038 2245 κατέπλευ-

2455 2303 2554 2339 σαν
2581 2285 2629 2338 οἱ
2658 2283 2797 2347 Ῥὼς
2833 2285 2975 2337 κατὰ
3006 2285 3635 2347 Κωνσταντινουπόλεως
3672 2284 3811 2353 μετὰ
3836 2282 4045 2336 πλοίων

2453 2378 2705 2449 χιλιάδων
2768 2377 2919 2431 δέκα.
2990 2376 3296 2448 ’Λπεστάλη
3360 2378 3417 2429 δὲ
3468 2378 3591 2429 κατ’
3651 2376 3834 2429 αὐτῶν
3902 2376 4043 2445 μετα

2453 2470 2696 2541 τριηρῶν
2726 2470 2822 2523 καὶ
2854 2467 3170 2540 δρομώνων,
3195 2469 3294 2522 ὅσα
3331 2469 3428 2522 καὶ
3458 2468 3650 2539 ἔτυχον
3688 2470 3745 2521 ὲν
3768 2471 3836 2538 τῇ
3862 2468 4041 2526 πόλει,

2452 2568 2481 2618 ὁ
2520 2564 2807 2634 πατρίκιος
2835 2562 3117 2629 Θεοφάνης
3159 2562 3187 2613 6
3220 2559 3716 2632 παραδυναστεύων
3764 2562 3860 2614 καὶ
3897 2578 4048 2629 πρω-

2453 2655 2850 2727 τοϐεστιάριος·
2897 2653 2995 2707 καὶ
3031 2652 3123 2705 τόν
3162 2670 3222 2705 τε
3272 2654 3458 2707 στόλον
3499 2651 3946 2723 προευτρεπίσας
3988 2668 4046 2700 τε

2454 2753 2549 2805 καὶ
2586 2751 3037 2821 ἑτοιμασάμενος,
3060 2752 3155 2804 καὶ
3184 2750 3411 2821 νηστεία
3433 2749 3527 2801 καὶ
3552 2748 3817 2817 δάκρυσιν
3852 2745 4049 2799 ἑαυτὸν

2456 2839 2847 2911 κατοχυρώσας
2890 2842 2977 2904 ὡς
3008 2841 3264 2912 μάλιστα.
3312 2842 3439 2903 τοὺς
3488 2838 3622 2901 Ῥὼς
3657 2838 4048 2909 προσεδέχετο,

2458 2935 2959 3006 καταναυμαχῆσαι
3008 2934 3206 2998 αὐτοὺς
3258 2933 3490 3003 μέλλων.
3547 2932 3707 2985 Ἐπεὶ
3739 2931 3798 2985 δὲ
3845 2933 4049 2984 ἐκεῖνοι

2459 3030 2761 3083 κατέλαϐον
2793 3030 2887 3082 καὶ
2947 3028 3177 3099 πλησίον
3212 3026 3305 3080 τοῦ
3343 3028 3523 3097 Φάρου
3573 3026 3849 3093 ἐγένοντο,
3891 3016 4051 3084 oft-.5;

2460 3122 2595 3192 πρὸς
2643 3120 2721 3191 τῷ
2754 3120 2850 3175 τοῦ
2887 3119 3144 3184 Εὐξείνου
3181 3119 3380 3173 πόντου
3424 3118 3651 3187 στόματι
3690 3116 4054 3187 παρεδρεύων

762 3207 1028 3275 templum
1062 3206 1499 3275 dicas)repente
1532 3207 1586 3259 in
1630 3221 1726 3260 eos
1752 3206 2170 3275 impressionem
2200 3204 2351 3259 fecit.

2466 3213 2523 3265 ὲν
2553 3211 2631 3282 τῷ
2674 3210 2826 3282 Ἱερῷ
2858 3210 3137 3279 λεγομένῳ
3181 3208 3376 3279 ἀθρόον
3410 3207 3619 3269 τούτοις
3656 3205 3912 3258 ἐπέθετο.
3946 3206 4054 3256 Καὶ

762 3297 983 3352 Primus
1014 3297 1199 3366 itaque
1227 3312 1325 3352 sua
1362 3298 1479 3366 ipse
1505 3312 1807 3352 occurrens
1832 3298 2018 3351 celoce
2050 3312 2176 3351 cum
2208 3299 2352 3352 Rus-

763 3388 1005 3441 sicarum
1064 3388 1286 3441 navium
1335 3387 1510 3441 aciem
1560 3387 1843 3453 dissolvit,
1900 3396 2014 3442 tum
2063 3389 2352 3458 plerasque

762 3490 1071 3550 preparato
1107 3481 1231 3549 igne
1264 3479 1429 3549 915
1481 3480 1671 3537 Graeco
1710 3480 1976 3546 incendit,
2016 3480 2257 3551 reliquas
2298 3482 2354 3537 in

763 3571 947 3642 fugam
996 3574 1183 3627 vertit.
1236 3572 1411 3636 Quem
1453 3588 1595 3642 pone
1651 3585 1852 3629 secutze
1904 3590 2075 3629 naves
2130 3575 2356 3645 reliqua:

762 3680 827 3718 ac
871 3664 1121 3719 triremes
1172 3664 1415 3718 hostium
1476 3665 1699 3734 penitus
1760 3666 1933 3719 aciem
2000 3665 2239 3731 fudere;
2291 3682 2356 3721 ac

761 3754 951 3823 plures
993 3754 1220 3823 quidem
1266 3754 1490 3808 navium
1533 3770 1659 3809 cum
1714 3755 2035 3811 vectoribus
2080 3756 2357 3825 profundo

762 3863 1031 3911 mersere,
1064 3848 1268 3901 mullos
1302 3856 1639 3911 straverunt,
1672 3849 1940 3917 plurimos
1991 3849 2149 3904 vivos
2198 3865 2358 3920 cepe-

764 3949 914 3995 runt.
968 3942 1100 4008 Qua:
1155 3942 1298 3996 cladi
1359 3942 1687 4012 superstites
1736 3942 1891 3997 fuere
1937 3943 2224 4013 reliquiae,
2288 3949 2356 3999 ad

762 4032 1101 4088 Orientalem
1144 4035 1379 4103 plagam,
1424 4034 1491 4087 ad
1530 4033 1712 4089 locum
1753 4034 1924 4105 Sgora
1954 4034 2166 4089 dictum
2201 4036 2357 4105 traje-

765 4133 984 4180 cerunt.
1040 4125 1119 4179 lbi
1169 4126 1378 4180 Bardas
1417 4140 1642 4195 quoque
1682 4126 1951 4195 patricius
2005 4127 2209 4182 missus
2229 4144 2356 4182 eum

762 4214 1015 4283 equitum
1058 4214 1268 4269 delecta
1313 4230 1480 4269 manu
1527 4214 1595 4269 ad
1650 4215 1895 4270 hostium
1942 4216 2046 4270 iter
2087 4224 2233 4272 terra
2273 4218 2360 4272 in-

765 4308 1196 4376 tercipiendum,
1215 4309 1271 4362 in
1296 4323 1492 4363 eorum
1516 4308 1802 4363 cohortem
1825 4310 1959 4365 satis
1978 4324 2355 4374 numerosam,

765 4399 833 4453 ad
890 4401 1268 4469 pabulandum
1317 4402 1535 4471 aliaque
1596 4404 1907 4458 necessaria
1966 4404 2032 4458 ad
2090 4405 2359 4476 Bithyniae

764 4500 953 4559 partes
1010 4490 1273 4551 missam,
1346 4490 1578 4553 incidit,
1637 4492 1955 4559 ingentique
2001 4507 2121 4545 eam
2178 4502 2357 4561 strage

2464 3303 2528 3376 δὴ
2552 3302 2766 3373 πρῶτος
2791 3302 2871 3370 τῷ
2903 3300 3087 3370 οἰκείῳ
3128 3300 3364 3369 δρόμωνι
3404 3296 3768 3357 διεκπλεύσας
3802 3293 3890 3366 [Ρ.
3929 3292 4052 3364 589]

2461 3399 2562 3469 τήν
2586 3414 2651 3449 τε
2677 3392 2935 3462 σύνταξιν
2956 3390 3065 3447 ὧν
3102 3390 3422 3446 Ῥωσιακῶν
3454 3389 3656 3442 πλοίων
3683 3386 3939 3439 διέλυσεν
3963 3398 4056 3438 και

2463 3489 2539 3559 τῷ
2569 3487 2960 3557 ὲσκευασμένιρ
3012 3484 3146 3555 πυρὶ
3205 3482 3434 3536 πλεῖστα
3480 3479 3854 3548 κατέφλεξεν,
3886 3478 3957 3531 τά
3999 3478 4053 3528 δὲ

2462 3582 2626 3635 λοιπά
2658 3580 2924 3651 ἐτρέψατο
2953 3581 3032 3641 είς
3061 3578 3263 3647 φυγὴν,
3288 3576 3364 3637 ὡς
3398 3572 3710 3633 ἀκολούθως
3737 3573 3837 3623 καὶ
3865 3572 3920 3623 οἱ
3951 3570 4053 3621 λοε-

2464 3673 2559 3726 ποὶ
2589 3672 2867 3743 δρόμωνες
2888 3670 2983 3722 καὶ
3004 3670 3061 3721 αἱ
3091 3668 3339 3736 τριήρεις
3365 3660 3819 3732 ὲπεκδραμοῦσαι
3838 3660 4051 3711 τελείαν

2464 3764 2793 3835 εἰργάσαντο
2829 3761 2928 3832 τὴν
2952 3760 3181 3831 τροπὴν,
3225 3758 3319 3811 καὶ
3357 3755 3527 3808 πολλὰ
3563 3754 3663 3824 μὲν
3714 3752 3884 3805 πλοῖα
3923 3766 4052 3804 κατ-

2465 3858 2661 3911 έδυσαν
2692 3856 2989 3926 αὔτανδρα,
3027 3854 3257 3915 πολλοὺς
3282 3852 3337 3903 δὲ
3362 3849 3737 3919 κατέτρωσαν,
3762 3846 4051 3903 πλείστους

2464 3952 2521 4006 δὲ
2564 3952 2774 4017 ζῶντας
2816 3946 3132 4001 συνέλαϐον.
3181 3947 3245 3998 Ol
3295 3942 3739 4015 περιλειφθέντες
3764 3939 3860 3993 οὖν
3885 3940 3965 4001 εἰς
3996 3938 4053 3988 τὲ

2463 4046 2564 4113 τῆς
2607 4042 2900 4112 ’Λνατολῆς
2945 4041 3109 4111 μέρος
3141 4041 3221 4101 εἰς
3244 4039 3313 4091 τά
3345 4037 3543 4106 Σγῶρα
3570 4036 3614 4066 ⁸⁸
3646 4034 3928 4103 λεγόμενα
3960 4050 4052 4084 κα-

2464 4134 2813 4187 ταπλέουσιν.
2854 4130 3160 4199 ’Δπεστάλη
3196 4129 3253 4182 δὲ
3278 4127 3399 4181 τότε
3432 4127 3527 4180 καὶ
3559 4125 3776 4193 Βάρδας
3797 4126 3826 4176 6
3858 4125 4053 4182 Φωκάς

2468 4226 2559 4280 διὰ
2588 4226 2691 4296 γῆς
2724 4226 2863 4295 μετὰ
2894 4223 3103 4277 ἱππέων
3129 4223 3402 4293 ὲγκρίτων
3428 4220 3801 4289 παρατρέχειν
3834 4215 4053 4275 αύτούς.

2471 4319 2579 4372 Καὶ
2608 4319 2672 4388 δὴ
2702 4319 2908 4370 τούτων
2932 4316 3218 4385 σύνταγμα
3242 4314 3427 4367 ἰκανὸν
3449 4310 3895 4365 ἀποστειλάντων
3928 4309 4055 4377 :96;

2467 4411 2536 4464 τὰ
2564 4412 2663 4479 τῆς
2692 4409 2943 4473 Βιθυνίας
2970 4408 3111 4478 μέρη
3133 4406 3273 4459 ὥστε
3311 4405 3380 4457 τά
3411 4403 3549 4474 πρὸς
3578 4401 3792 4473 τροφὴν
3831 4402 3931 4453 καὶ
3963 4400 4055 4466 τὴν

2468 4502 2636 4572 ἄλλην
2660 4500 2850 4569 χρείαν
2872 4501 3052 4561 αὐτοῖς
3076 4496 3428 4567 πορίσασθαι,
3453 4496 3766 4565 περιτυχὼν
3786 4494 3869 4565 τῷ
3888 4492 4056 4543 τοιού-

764 4582 909 4638 fudit
967 4591 1023 4637 et
1090 4581 1474 4637 internecione
1538 4582 1763 4638 delevit.
1828 4583 1936 4638 Sed
1997 4592 2054 4638 et
2118 4584 2351 4639 Joannes

2468 4611 2547 4664 τῳ
2582 4593 2927 4662 συντάγματι
2954 4593 2982 4644 6
3014 4590 3303 4661 εἰρημένος
3339 4587 3551 4657 Βάρδας
3576 4587 3606 4638 6
3630 4586 3832 4646 Φωκᾶς
3871 4584 4055 4643 κακῶς

766 4676 1029 4744 magister
1091 4673 1332 4729 Crocoas
1384 4690 1448 4730 ac
1496 4675 1780 4746 legionum
1840 4675 2179 4732 domesticus
2236 4692 2362 4730 cum

768 4769 1008 4823 Asiatico
1066 4768 1215 4822 omni
1275 4769 1524 4823 exercitu
1580 4778 1785 4838 praesto
1844 4770 1986 4833 l'uit,
2048 4771 2363 4840 multosque

770 4860 1073 4914 Russorum
1103 4876 1132 4912 a
1162 4860 1377 4929 reliquo
1406 4861 1625 4931 agmine
1671 4862 1808 4916 alios
1838 4863 1948 4916 alio
2003 4863 2251 4918 divulsos
2283 4865 2365 4918 of-

768 4951 1003 5007 fendens
1034 4953 1277 5015 sustulit,
1318 4953 1391 5007 ita
1422 4969 1553 5008 sane
1582 4964 1644 5008 ut
1686 4955 1807 5025 ejus
1845 4956 2181 5026 agressionis
2213 4967 2360 5010 metu

773 5044 828 5097 in
868 5044 981 5098 suis
1011 5060 1068 5099 se
1100 5046 1337 5099 navibus
1363 5046 1606 5101 adnnata
1631 5047 1806 5102 classe
1839 5048 2223 5113 continerent,
2257 5063 2362 5103 nec

771 5151 1005 5205 usquam
1042 5153 1334 5193 excurrere
1368 5138 1659 5195 auderent.

845 5418 932 5473 δι.
975 5420 1039 5473 ili
1083 5435 1247 5489 porro
1292 5422 1537 5493 ingentia
1584 5423 1934 5494 maximaque
1978 5426 2118 5481 mala
2161 5444 2360 5497 perpe-

776 5520 1081 5574 traverunt,
1132 5528 1258 5566 cum
1295 5515 1531 5569 necdum
1572 5515 1696 5570 illos
1739 5515 2000 5571 Romanm
2027 5520 2198 5588 copim
2233 5522 2360 5590 jnn-

782 5604 1005 5656 sissent.
1054 5604 1186 5657 Nam
1234 5604 1461 5657 Stenum
1523 5622 1709 5667 omne,
1762 5608 1908 5676 quod
1958 5620 2185 5675 vocant,
2236 5612 2359 5681 igne

785 5703 1077 5751 t'astarant.
1131 5698 1206 5750 Ex
1248 5697 1355 5750 illis
1398 5714 1536 5767 quos
1577 5700 1824 5768 captivos
1880 5714 2175 5771 ceperant,
2224 5708 2363 5759 alios

2465 4685 2690 4749 τούτους
2725 4684 3002 4752 διέθηκεν,
3028 4682 3373 4753 τρεψάμενος
3424 4680 3518 4731 καὶ
3564 4677 3932 4745 κατασφάξας
3967 4677 4055 4727 αξη

2466 4779 2613 4841 τούς.
2642 4776 2894 4846 Κατῆλθε
2926 4776 2983 4827 δὲ
3005 4772 3309 4845 τηνικαῦτα
3329 4774 3425 4825 καὶ
3459 4771 3714 4838 Ἰωάννης
3751 4770 4057 4838 μάγιστρτς

2468 4872 2561 4923 καὶ
2592 4870 2915 4939 δομέστικος
2957 4868 3069 4920 τῶν
3096 4866 3304 4936 σχολῶν
3337 4866 3365 4918 6
3394 4863 3643 4933 Κροκόας
3675 4864 3718 4893 ⁸⁷
3752 4861 3901 4931 μετὰ
3930 4878 4057 4911 πακτ-

2466 4964 2557 5025 τὸς
2602 4962 2698 5015 τοῦ
2751 4963 2853 5030 τῆς
2902 4960 3200 5029 ’Δνατολῆς
3241 4957 3674 5027 στρατεύματος,
3725 4957 3825 5006 καὶ
3854 4957 4055 5005 τούτω»

2467 5058 2698 5121 πολλοὺς
2728 5056 3062 5125 διέφθειρεν,
3104 5052 3429 5115 άποσπάδας
3460 5050 3586 5121 τῇδε
3622 5050 3855 5101 κάκεῖσε
3893 5067 4056 5101 κατα-

2466 5148 2783 5218 λαμϐάνων,
2817 5147 2955 5200 ὥστε
2996 5145 3363 5206 συσταλέντας
3387 5143 3584 5203 αὐτοὺς
3614 5140 3725 5191 δέει
3760 5140 3865 5205 τῆς
3900 5139 4053 5191 αὑτηί.

2467 5241 2765 5303 ἐπιθέσεως
2814 5241 2995 5311 μένειν
3028 5237 3241 5309 ἀθρόως
3292 5236 3386 5289 ἐπὶ
3434 5235 3504 5287 τά
3545 5233 3723 5284 οίκεῖα
3755 5231 3924 5283 πλοῖα
3972 5232 4055 5280 καὶ

2471 5334 2721 5405 μηδαμοῦ
2744 5334 3047 5403 διατρέχειν
3072 5330 3443 5399 κατατολμᾷν.

2540 5433 2640 5480 ναθ.
2696 5425 2873 5478 Πολλὰ
2910 5425 2967 5477 δὲ
3016 5426 3111 5478 καὶ
3159 5426 3393 5494 μέγιστα
3446 5418 3593 5472 κακά
3639 5410 3794 5469 οὗτοι
3832 5414 4051 5484 διεπρέ-

2469 5519 2627 5583 ξαντο
2666 5519 2771 5589 πρδ
2798 5519 2893 5571 τοῦ
2926 5518 2986 5571 τὸ
3030 5518 3337 5587 Ῥωμαϊκὸν
3380 5513 3701 5583 στράτευμα
3754 5507 4051 5562 κατελθεῖν.

2469 5614 2543 5667 T6
2586 5632 2642 5667 τε
2690 5615 2796 5683 γάρ
2851 5612 3043 5665 Στενὸν
3086 5611 3382 5679 λεγόμενον
3412 5608 3560 5660 ἅπαν
3594 5603 3936 5671 ἐνέπρησαν,
3968 5598 4053 5650 καὶ

2469 5707 2562 5770 οὓς
2598 5708 3010 5777 συνελάμϐανον
3041 5706 3421 5777 αἰχμαλώτους
3468 5702 3598 5763 τοὺς
3659 5700 3759 5768 μὲν
3804 5696 4051 5751 ἀνεσταύ-

2077 5797 2311 5855 ΥΑΙΚΙΑΞ
2373 5802 2668 5857 LECTION
2681 5802 2782 5858 ES.

857 5880 900 5907 ’θ
931 5883 1110 5951 Xyde
1143 5900 1194 5951 p.
1233 5884 1338 5937 363
1376 5886 1428 5940 b.
1510 5888 1552 5917 ⁸⁷
1594 5888 1911 5955 Κουρκούας
1947 5891 2018 5942 ib.
