4158 6438
148 374 248 435 977

1244 383 1443 446 VIT/E
1484 382 2045 446 RECENTIORUM
2083 386 2290 449 IMPP.

3307 381 3419 444 978

146 504 291 554 ρουν,
336 488 459 551 τοὺς
496 487 551 540 δὲ
594 491 658 559 τῇ
717 491 787 560 γῇ
863 494 1407 561 προσιπαττάλευον,
1473 496 1598 560 τοὺς
1671 495 1723 549 δὲ

1830 503 1995 549 terra:
2042 496 2421 567 conﬁgebant,
2469 494 2608 549 alios
2657 492 2807 548 velut
2848 489 2915 546 ad
2957 498 3418 546 metam-erectos

139 578 329 649 ὥσπερ
407 583 646 645 σκοποὺς
718 583 975 647 ἱστῶντες
1032 584 1209 655 βέλεσι
1303 588 1658 653 κατετόξευον
1712 608 1724 619 ·

143 670 301 732 ὅσους
376 670 434 722 δὲ
496 671 591 724 τοῦ
656 673 990 743 ἱερατικοῦ*
1023 677 1234 747 κλήρου
1295 679 1727 751 συνελάμϐανον,

137 759 363 813 ὄπισθεν
434 762 533 826 τὰς
597 767 793 837 χεῖρας
871 768 1200 838 δεσμοῦντες
1255 770 1419 841 ἥλους
1457 773 1730 843 ισιδηροῦς

142 851 283 903 κατὰ
355 852 527 923 μέσης
615 856 715 923 τῆς
764 858 1009 927 κεφαλῆς
1069 858 1250 912 αὑτῶν
1303 862 1680 931 κατεπήγνυον
1713 880 1726 893 ·

138 943 365 1007 πολλούς
406 964 466 998 τε
518 948 709 1014 ἁγίους
772 950 935 1014 ναοὺς
975 950 1053 1021 τῷ
1110 955 1243 1022 πυρὶ
1297 952 1726 1024 παραδεδώκασι.

136 1032 433 1099 Kay-Iw);
471 1035 528 1088 δὲ
575 1038 678 1107 ήδη
732 1025 1088 1109 ἐνισταμένου
1122 1082 1138 1108 ,
1200 1045 1294 1096 καὶ
1354 1046 1568 1115 τροφῆς
1622 1049 1727 1101 άπ-

134 1123 390 1192 οροῦντες
430 1170 446 1191 ,
489 1128 550 1180 τό
607 1146 667 1181 τε
701 1129 930 1185 ἐπελθὸν
996 1134 1315 1204 στράτευμα
1364 1135 1598 1199 δεδιότες
1629 1140 1728 1201 τάς

135 1232 197 1267 τε
240 1219 661 1288 ναυμαχοῦντας
710 1222 980 1292 τριήρεις,
1015 1224 1408 1281 ἐϐουλεύσαντο
1447 1228 1515 1279 τὰ
1555 1230 1727 1283 οἰκεῖα

136 1308 489 1363 καταλαϐεῖν.
525 1312 633 1365 Καὶ
660 1311 726 1383 δὴ
748 1313 933 1367 λαθεῖν
966 1315 1056 1369 τὸν
1096 1317 1283 1371 στόλον
1309 1319 1723 1386 σπουδάζοντες,

136 1398 500 1471 Σεπτεμϐρίῳ
531 1405 683 1473 μηνὶ,
736 1410 798 1457 ιε’
830 1405 1169 1472 ἱνδικτιῶνος
1217 1410 1573 1464 άντιπλεῦσαι
1613 1412 1726 1483 ὠρ-

1831 584 2141 656 jaculorum
2190 585 2364 641 imbre
2399 583 2755 654 impetebant.
2786 583 3071 652 Quotquot
3093 576 3268 650 916.
3286 595 3420 636 vero

1835 677 2191 732 sacerdotalis
2229 694 2293 733 ac
2335 676 2607 732 clericalis
2648 676 2860 729 militize
2900 672 3418 743 depreliendebant,

1837 769 1904 823 iis
1939 778 2088 824 retro
2123 769 2323 824 vinetis
2354 768 2611 823 manibus
2646 782 2744 837 per
2777 766 3018 820 medium
3042 756 3427 834 caputucla‘vos

1834 863 2045 917 ferreos
2097 862 2412 932 adigebant.
2473 862 2668 917 Multas
2712 875 2995 916 sacrarum
3036 859 3238 914 aedium
3284 858 3417 913 sub-

1828 954 1973 1022 jecta
2031 954 2247 1007 ﬂamma
2297 953 2742 1009 combusserunt.
2792 952 3089 1022 Ingruente
3133 966 3266 1005 vero
3302 952 3416 1021 jam

1835 1044 2051 1109 hieme,
2093 1054 2148 1098 et
2198 1059 2322 1098 cum
2365 1058 2460 1099 eos
2502 1043 2849 1099 necessarius
2893 1049 3237 1096 commeatus
3274 1042 3411 1096 deti-

1833 1146 2023 1201 ceret,
2077 1136 2206 1190 dum
2271 1146 2418 1191 terra
2474 1137 2751 1191 exercitus
2807 1137 2862 1190 in
2918 1151 2977 1191 se
3033 1135 3299 1205 impetum
3353 1148 3417 1190 ac

1833 1225 2026 1279 navale
2074 1226 2325 1295 pratlium
2376 1228 2602 1291 timent,
2658 1226 2879 1281 domum
2943 1226 3147 1281 reverti
3206 1225 3417 1281 consti-

1834 1326 2079 1373 tuerunt.
2129 1319 2207 1374 Ac
2253 1335 2385 1375 sane
2451 1320 2683 1374 classem
2743 1320 2917 1373 latere
2972 1319 3104 1373 dum
3161 1319 3413 1383 student,

1832 1426 2022 1465 mense
2067 1409 2412 1481 Septembre,
2467 1411 2770 1466 indictione
2819 1411 3013 1481 quinta
3071 1410 3308 1477 decima,
3346 1412 3413 1465 ad

1831 1501 2083 1558 Thracia:
2131 1512 2327 1573 portus
2384 1503 2739 1558 transfretare
2798 1504 3073 1574 aggressi,
3126 1519 3290 1572 quem
3330 1504 3421 1557 di-

1829 1594 2043 1659 cebam,
2099 1592 2492 1663 Theophanem
2541 1592 2832 1661 patricium
2887 1593 3105 1646 obviam
3144 1592 3431 1647 habuere-

130 1674 603 1748 ὲγρηγορωτάτην
639 1681 736 1733 καὶ
768 1680 1026 1749 γενναίαν
1059 1682 1259 1755 ψυχήν.
1283 1685 1458 1750 Εὐθὺς
1492 1686 1584 1740 οὖν
1604 1688 1722 1741 δευ-

1828 1684 2017 1755 Neque
2086 1684 2235 1740 enim
2309 1684 2413 1737 viri
2477 1683 2898 1737 solertissimum
2966 1698 3028 1737 ac
3091 1683 3437 1757 pervigilem

129 1766 268 1837 τέρα
299 1770 576 1840 ναυμαχία
604 1773 958 1840 συνάπτεται,
994 1776 1091 1829 κα)⁸
1113 1775 1342 1832 πλεῖστα
1368 1779 1530 1832 πλοῖα
1562 1779 1723 1833 ἐπόν-

1829 1776 2074 1831 animum
2136 1791 2356 1846 unaque
2440 1774 2807 1830 fortissimum
2884 1775 3220 1830 fefellerunt.
3290 1774 3414 1830 Mox

128 1832 311 1912 τωσεν
348 1832 443 1914 καὶ
486 1832 721 1928 πολλοὺς
760 1832 970 1922 τούτων
1019 1869 1345 1925 ἀπέκτεινεν
1375 1873 1403 1926 6
1434 1871 1721 1944 εἰρημένος

1827 1868 1995 1938 igitur
2042 1832 2485 1921 navalis-denuo
2541 1882 2722 1936 pugna
2775 1866 3177 1933 committitur;
3237 1867 3414 1936 pluri-

128 1950 299 2022 ἀνήρ.
355 1952 557 2022 Ὀλίγοι
584 1955 641 2009 δὲ
668 1958 808 2027 μετὰ
832 1960 942 2014 τῶν
976 1961 1176 2017 πλοίων
1200 1964 1600 2033 περισωθέντες
1632 1965 1723 2017 καὶ

1825 1975 2039 2030 maaque
2092 1960 2335 2015 hostium
2383 1958 2688 2013 submersa;
2734 1974 2945 2024 naves,
2997 1959 3159 2013 multi
3206 1959 3411 2024 occisi,

136 1491 382 1557 μηκότες
443 1493 538 1546 ἐπὶ
598 1493 667 1547 τὰ
720 1494 964 1567 Θρᾳκῷα
1024 1498 1168 1570 μέρη
1227 1500 1379 1571 παρὰ
1420 1502 1759 1572 Θεοφάνους.

134 1584 432 1652 πατρικίου
480 1587 895 1660 ὑπηντήθησαψ
940 1592 1001 1644 οὑ
1053 1592 1164 1663 γὰρ
1213 1594 1404 1649 ἔλαθον
1432 1597 1534 1668 τὴν
1559 1597 1724 1651 αὑτοῦ

110 2043 187 2113 κέν
232 2044 303 2115 τῇ
337 2042 441 2113 τῆς
495 2046 699 2118 Κοίλης
740 2052 1135 2122 περιπεσόντες
1165 2056 1306 2126 ἀκτῇ
1342 2056 1535 2120 νυκτὸς
1568 2056 1725 2108 ἐπελ-

124 2132 334 2204 θούσης
365 2134 587 2206 ἔφυγον.
613 2140 897 2212 Θεοφάνης
918 2143 975 2197 δὲ
1000 2145 1028 2198 6
1070 2146 1364 2216 πατρίκιος
1398 2146 1537 2216 μετὰ
1564 2146 1722 2217 νίκης

122 2224 391 2295 λαμπρᾶς
432 2227 665 2283 καὶτῶν
700 2231 976 2300 μεγίστων
1018 2234 1361 2307 ὑπέστρεψεν
1403 2237 1718 2308 τροπαίων,

123 2318 221 2368 καὶ
248 2317 488 2389 ἐντίμως
512 2321 606 2374 καὶ
636 2322 1074 2394 μεγαλοπρεπῶς
1104 2326 1378 2399 ὑπεδέχθη
1417 2329 1515 2382 καὶ
1543 2345 1720 2398 παρα-

121 2408 476 2481 κοιμώμενος
520 2413 786 2484 ἐτιμήθη.

194 2681 292 2750 [Ρ.
330 2680 458 2753 590]
488 2682 589 2754 νβ’.
661 2683 817 2739 Ἐπεὶ
874 2687 931 2741 δὲ
972 2689 1001 2742 6
1032 2689 1221 2760 ῥηθεὶς
1264 2691 1522 2764 Ἰωάννης
1558 2695 1721 2765 μάγι-

120 2791 295 2843 στρος
320 2776 350 2827 6
379 2777 634 2846 Κροκόας
674 2779 897 2849 ἄριστός
928 2800 1013 2847 τις
1041 2783 1261 2851 ἐγένετο
1304 2786 1374 2839 τὰ
1417 2787 1714 2859 πολεμικά,

120 2866 304 2921 πολλά
328 2884 386 2920 τε
416 2870 508 2922 καὶ
531 2871 747 2940 μεγάλα
773 2873 1041 2944 ἀνέστησε
1069 2876 1329 2947 τρόπαια,
1355 2881 1447 2934 καὶ
1480 2881 1549 2936 τὰ
1588 2882 1721 2936 Ῥω-

122 2960 308 3027 μαῖκὰ
350 2960 653 3017 ἐπλάτυνεν
683 2964 828 3036 ὅρια,
870 2967 1133 3032 πλείστας
1161 2987 1220 3022 τε
1252 2971 1440 3036 πόλεις
1482 2974 1720 3044 ἐπόρθη-

118 3068 219 3103 σεν
270 3052 382 3105 τῶν
419 3053 760 3125 Ἀγαρηνῶν·
801 3058 891 3111 διὰ
934 3059 991 3112 δὲ
1039 3061 1099 3114 τὺ
1131 3065 1434 3133 περιφανὲς
1480 3068 1579 3135 τῆς
1626 3068 1719 3120 τοῦ

1824 2053 1941 2123 ejus
2014 2052 2214 2115 Marte,
2275 2066 2440 2121 quem
2506 2050 2799 2115 dicebam,
2853 2050 2978 2105 viri.
3053 2050 3220 2105 Pauci
3287 2066 3413 2105 cum

1822 2144 2056 2199 navibus
2096 2143 2239 2198 cladi
2287 2143 2549 2198 subducti
2593 2143 2760 2212 inque
2801 2141 2985 2197 lees
3029 2156 3285 2211 asperum
3321 2143 3415 2196 lit-

1824 2242 1913 2286 tus
1951 2233 2127 2287 evecti
2177 2232 2469 2303 ingruente
2508 2243 2668 2289 nocte
2713 2233 2840 2303 fuga
2882 2241 3200 2288 evaserunt.
3234 2234 3415 2288 Theo-

1822 2323 2035 2393 phanes
2066 2340 2197 2378 vero
2242 2324 2514 2394 patricius
2557 2337 2682 2377 cum
2733 2323 2934 2393 insigni
2974 2324 3209 2378 victoria
3242 2323 3416 2378 maxi-

1823 2417 2036 2487 misque
2113 2417 2335 2487 tropaeis
2424 2432 2683 2473 reversus
2750 2416 3059 2473 honoriﬁce
3143 2432 3208 2472 ac
3296 2432 3415 2472 ma-

1821 2510 2019 2581 gniﬁce
2078 2512 2408 2581 suscipitur.
2478 2528 2541 2566 ac
2601 2511 2938 2567 aceubitoris
2998 2510 3263 2583 dignitate
3312 2529 3406 2567 or-

1823 2613 2009 2658 natur.
3150 2621 3155 2625 ’

1895 2695 1984 2750 52.
2033 2694 2173 2762 Quia
2210 2710 2343 2749 vero
2399 2694 2582 2751 dictus
2624 2696 2866 2751 Joannes
2890 2697 3151 2767 magister
3175 2694 3414 2754 Crocoas

1823 2789 2281 2858 prastantissima
2344 2790 2553 2844 virtute
2608 2790 2756 2844 bello
2808 2790 3075 2854 fulserat,
3131 2791 3413 2863 multaque

1822 2899 1886 2937 ac
1934 2898 2131 2953 magna
2187 2891 2441 2937 erexerat
2502 2892 2739 2952 tropaea,
2801 2892 2965 2954 atque
3019 2883 3251 2939 Romani
3306 2886 3411 2939 im-

1824 2971 1963 3041 perii
2019 2971 2155 3027 ﬁnes
2208 2972 2319 3026 late
2368 2972 2706 3041 protulerat,
2773 2974 3152 3043 plurimasque
3210 2976 3416 3045 Agare-

1824 3078 2025 3116 norum
2076 3063 2243 3117 urbes
2300 3072 2611 3127 everterat,
2669 3064 2928 3134 quodque
2990 3066 3095 3119 viri
3152 3065 3415 3122 illustrisp

116 3144 324 3215 ἀνδρὸς
378 3146 578 3218 ἀρετῆς
614 3148 894 3252 ἠϐουλήθη
938 3153 965 3204 6
1005 3151 1261 3221 βασιλεὺς
1314 3155 1595 3226 Ῥωμανὸς
1642 3161 1719 3222 εἰς

1826 3155 1963 3208 sima
2025 3156 2203 3210 virtus
2262 3166 2445 3220 esset,
2509 3156 2846 3227 cogitaverat
2906 3158 3190 3213 Romanus
3234 3159 3412 3230 impe-

116 3236 214 3287 τὸν
252 3236 453 3289 ἑαυτοῦ
478 3236 703 3305 ἔγγονον
744 3236 1047 3311 Ῥωμανὸν,
1089 3242 1181 3296 τὸν
1210 3246 1275 3298 ὲκ
1305 3246 1400 3299 τοῦ
1433 3249 1721 3301 Κωνσταν-

112 3327 276 3380 τίνου
325 3327 420 3381 τοῦ
458 3328 578 3382 υἱοῦ
625 3330 815 3394 αὑτοῦ,
848 3333 946 3402 τὴν
980 3334 1171 3388 τούτου
1199 3335 1478 3408 θυγατέρα
1510 3340 1719 3393 άναλα-

115 3418 268 3471 δεῖν.
299 3419 498 3473 Φθόνου
532 3421 587 3474 δὲ
614 3422 762 3493 αὑτῷ
779 3423 877 3494 τῆς
904 3427 1163 3496 τοιαύτης
1192 3427 1379 3481 ἕνεκεν
1410 3430 1719 3497 ὑποθέσεως

120 3511 286 3583 παρὰ
308 3512 421 3565 τῶν
449 3512 658 3568 λοιπῶν
685 3515 954 3585 βασιλέων
994 3517 1310 3588 κινηθέντος
1332 3522 1588 3577 ἐκπίπτει
1616 3526 1717 3596 τῆς

112 3603 331 3673 ἀρχῆς,
372 3604 693 3674 δομέστικος
742 3608 802 3661 δὲ
852 3609 1304 3667 ἀντικαθίσταται
1355 3616 1383 3667 ό
1428 3618 1720 3688 πατρίκιος

111 3698 470 3770 Πανθήριος,
518 3702 790 3772 συγγενὴς
873 3701 951 3757 ῶν
1024 3704 1118 3759 τοῦ
1187 3705 1453 3776 βασιλέως
1506 3711 1717 3783 Ῥωμα-

109 3806 237 3843 νου.

188 3876 297 3949 νγ’.
372 3880 728 3948 Ἰνδικτιῶνος
786 3884 858 3952 α’,
920 3887 1218 3959 Ἀπριλλίῳ
1276 3892 1428 3960 μηνὶ,
1478 3893 1718 3964 ἐπῆλθον

109 3973 290 4025 πάλιν
338 3973 391 4025 οἱ
435 3973 669 4044 Τοῦρκοι
717 3975 858 4045 μετὰ
894 3978 1157 4049 πλείστης
1217 3980 1522 4052 δυνάμεως.
1572 3986 1632 4038 '0
1661 3986 1717 4039 δὲ

109 4065 420 4135 πατρίκιος
472 4066 758 4139 Θεοφάνης
818 4072 847 4122 6
916 4072 1421 4144 παρακοιμώμενος
1486 4075 1718 4141 ἐξελθὼν

108 4157 363 4220 σπονδὰς
387 4159 671 4229 εἰρηνικὰς
704 4162 927 4232 ἐποίησε
956 4165 1072 4231 μετ’
1107 4166 1308 4235 αὐτῶν,
1334 4168 1579 4238 ὁμήρους
1606 4172 1717 4225 τῶν

107 4249 389 4319 ἐμφανῶν
425 4250 854 4321 ἁναλαϐόμενος·
895 4253 953 4319 ἐξ
1002 4248 1061 4309 οὗ
1116 4258 1210 4310 καὶ
1236 4258 1433 4331 συνέϐη
1465 4262 1556 4315 ἐπὶ
1591 4265 1717 4333 χρό-

107 4358 232 4405 νοις
265 4339 310 4393 ε’
336 4340 439 4413 τὴν
466 4343 692 4413 εἰρήνην
722 4344 1177 4416 διαφυλαχθῆναι.

184 4519 287 4574 νϐ’.
315 4520 586 4592 Δευτέρας
616 4523 675 4576 δὲ
712 4522 1048 4585 ίνδικτιῶνος
1079 4528 1107 4578 6
1141 4526 1399 4595 βασιλεὺς
1440 4531 1719 4603 Ῥωμανὸς
1746 4541 1800 4600 D

107 4612 439 4681 Πασχά).ιον
473 4616 992 4685 -πρωτοσπαθάριον
1048 4620 1141 4670 καὶ
1188 4624 1494 4692 στρατηγὸν
1524 4627 1718 4695 Λογγι-

105 4703 356 4774 ϐαρδίας
398 4702 534 4775 πρὸς
584 4704 676 4757 τὸν
734 4706 879 4775 ῥῆγα
932 4708 1214 4778 Φραγγίας
1250 4711 1502 4779 Οὗγουνα
1553 4718 1597 4748 ⁸⁸
1630 4719 1716 4785 ἐξ-

106 4794 439 4858 απέστειλε,
492 4794 591 4868 τὴν
641 4797 811 4851 αὑτοῦ
859 4798 1137 4872 θυγατέρα
1170 4802 1444 4872 ἐπιζητῶν
1469 4809 1550 4871 εἱς
1580 4809 1713 4880 νύμ-

106 4904 229 4955 φην
273 4884 543 4957 Ῥωμανῷ
570 4887 647 4958 τῷ
677 4888 781 4959 υἱῷ
810 4889 906 4943 τοῦ
940 4892 1194 4963 γαμϐροῦ
1218 4894 1383 4948 αὑτοῦ
1420 4897 1712 4953 Κωνσταν-

104 4982 295 5033 τίνοι)⁸
362 4979 432 5050 ήν
496 4984 592 5034 καὶ
653 4981 944 5036 ἀναλαϐὼν
993 4986 1022 5036 6
1075 4987 1367 5057 εξρημένος
1404 4989 1717 5061 Πασχάλιος

110 5072 265 5141 μετὰ
305 5071 539 5125 πλούτου
581 5073 782 5128 πολλοῦ
822 5075 879 5128 ἐν
901 5078 969 5146 τῇ
1006 5078 1157 5131 πόλει
1196 5081 1492 5151 ἀνήγαγεν.
1520 5085 1717 5155 Γέγονε

108 5166 171 5218 δὲ
227 5167 258 5217 ὁ
288 5165 470 5234 γάμος
501 5168 870 5240 Σεπτεμϐρίῳ
907 5170 1039 5241 μηνὶ
1076 5173 1408 5240 ἱνδικτιῶνος
1435 5182 1505 5245 γ’.
1538 5180 1717 5251 Ζήσα-

111 5274 188 5309 σα.
216 5259 320 5325 ἔτη
342 5256 405 5323 ε’,
438 5258 794 5328 ἐτελεύτησεν
824 5261 882 5313 ὲν
901 5264 1023 5325 ταῖς
1049 5263 1287 5335 ἡμέραις
1315 5268 1415 5337 τῆς
1444 5268 1716 5340 αὐτοκρα-

108 5348 315 5419 τορίας
348 5349 758 5404 Κωνσταντίνου
805 5350 901 5405 τοῦ
946 5353 1120 5425 αὑτῆς
1172 5355 1461 5429 πενθεροῦ.

188 5531 288 5585 γε’.
350 5532 578 5603 ’Ᾱνέμου
633 5535 691 5589 δὲ
741 5535 920 5607 βιαίου
965 5540 1171 5611 σφόδρα
1224 5542 1711 5606 καταπνεύσαντος

114 5623 452 5695 Δεκεμϐρίῳ
498 5627 648 5696 μηνὶ,
692 5629 740 5681 οἱ
788 5629 1069 5703 λεγόμενοι
1115 5635 1172 5687 ἐν
1211 5633 1287 5705 τῷ
1315 5633 1524 5704 ἱππικῷ
1547 5634 1711 5704 δῆμοι

1829 3256 1980 3302 rator
2012 3248 2177 3319 917
2245 3259 2306 3303 ut
2372 3250 2493 3320 ejus
2548 3249 2719 3303 tilium
2786 3251 3033 3304 Romano
3098 3253 3284 3319 nepoti
3345 3269 3413 3308 ex

1825 3340 2188 3397 Constantino
2236 3342 2349 3396 tilio
2394 3357 2620 3396 uxorem
2659 3343 2973 3399 ascisceret.
3007 3342 3251 3399 Conﬂata
3280 3360 3413 3403 vero

1828 3433 1957 3486 hinc
2006 3433 2129 3488 viro
2189 3435 2535 3503 reliquorum
2582 3435 2955 3506 Augustorum
3010 3435 3236 3501 invidia,
3297 3436 3413 3491 om.

1824 3526 1912 3580 cio
1953 3534 2227 3580 movetur.
2263 3527 2438 3597 Hujus
2484 3544 2650 3598 porro
2684 3530 2805 3585 loco
2831 3529 3172 3585 domesticus
3202 3532 3408 3586 consuiv

1824 3620 2003 3674 tuitur
2044 3620 2376 3675 Pantlterius
2421 3620 2720 3690 patricius,
2777 3620 3011 3675 Romani
3061 3622 3411 3694 imperatoris

1825 3711 2189 3782 propinquus.

1894 3885 1983 3940 55.
2041 3885 2350 3941 lndietione
2403 3886 2618 3956 prima,
2685 3901 2875 3941 mense
2940 3886 3152 3957 Aprili,
3216 3898 3413 3943 rursus

1825 3980 1989 4035 Turci
2044 3996 2168 4033 cum
2238 3979 2554 4049 ingentibus
2622 3978 2798 4050 copiis
2865 3978 3126 4035 Romana:
3183 3979 3412 4037 ditionis

1824 4071 1963 4127 ﬁnes
2010 4072 2352 4125 invaserunt.
2412 4071 2680 4141 Egressus
2723 4084 2857 4124 vero
2902 4068 3268 4138 Theophanes
3316 4085 3413 4140 pa-

1827 4165 2020 4220 tricius
2072 4164 2361 4218 accubitor
2424 4162 2577 4231 pacis
2638 4177 2764 4215 cum
2805 4160 2887 4215 eis
2951 4160 3131 4214 fmdus
3183 4175 3411 4229 percus-

1823 4254 1897 4308 sit
1973 4252 2213 4321 acceptis
2251 4250 2542 4305 obsidibus
2586 4264 2654 4303 ex
2704 4248 3121 4304 illustrioribus.
3160 4246 3408 4319 Hineque

1821 4345 1958 4399 adeo
1990 4343 2221 4415 contigit
2253 4343 2309 4397 in
2346 4357 2521 4397 annos
2548 4342 2794 4413 quinque
2827 4355 3014 4411 pacem
3051 4340 3409 4410 indueiasque

1821 4452 2050 4490 servarn

1899 4528 1985 4580 51.
2050 4526 2301 4582 Secunda
2360 4541 2526 4595 porro
2594 4523 2899 4579 indictione
2961 4524 3244 4579 Romanus
3309 4524 3410 4578 im-

1827 4633 2051 4693 perator
2108 4619 2454 4676 Paschalium
2512 4616 3019 4688 protospatharium
3068 4631 3136 4671 ac
3193 4616 3408 4687 Longo-

1826 4714 2033 4770 bardize
2063 4712 2260 4767 ducem
2306 4709 2374 4765 ad
2417 4709 2701 4779 Hugonem
2732 4708 2886 4762 misit
2926 4705 3169 4761 Franciae
3197 4723 3403 4778 regem,

1824 4790 1944 4878 ejus
2002 4805 2165 4858 ﬁliam
2229 4803 2482 4855 Romano
2532 4795 2878 4853 Constantini
2924 4798 3115 4867 generi
3161 4796 3248 4852 sui
3294 4796 3407 4852 tilio

1824 4913 2081 4967 sponsam
2131 4893 2466 4963 exquirens;
2524 4904 2691 4960 quam
2747 4900 2803 4943 et
2859 4904 3178 4953 assumens,
3240 4904 3403 4958 quem

1820 4991 1973 5051 dixi,
2038 4984 2357 5042 Paschalius
2415 4999 2541 5039 cum
2600 4982 2770 5036 multa
2839 4980 3179 5050 supellectile
3237 4988 3403 5050 atque

1819 5082 2020 5152 opibus
2092 5080 2147 5133 in
2226 5077 2422 5133 urbem
2500 5073 2736 5129 induxit.
2820 5071 3121 5127 Celebratae
3168 5072 3399 5142 nuptim,

1820 5188 2009 5231 mense
2062 5169 2411 5242 Septembri,
2478 5165 2781 5221 indictione
2846 5165 3029 5219 tertia.
3083 5165 3234 5220 Vixit
3278 5180 3402 5219 cum

1818 5265 1941 5319 viro
2014 5276 2188 5316 annos
2266 5261 2559 5329 quinque;
2635 5264 2863 5324 tumque
2936 5253 3076 5308 vivis
3150 5268 3401 5322 exempta

1821 5368 1944 5422 est,
2007 5368 2133 5408 cum
2201 5349 2597 5407 Constantinus
2653 5347 2801 5402 illius
2862 5361 3018 5401 socer
3084 5345 3201 5415 ipse
3256 5362 3402 5400 sum-

1822 5458 1943 5498 mus
1982 5442 2287 5511 imperator
2325 5446 2472 5494 esset
2500 5452 2755 5506 unusque
2794 5451 2978 5491 rerum
3008 5436 3304 5505 potiretur.

1891 5536 1980 5590 55.
2038 5533 2222 5588 Mense
2282 5539 2464 5585 autem
2516 5528 2838 5592 Decembri,
2894 5528 3078 5582 valido
3127 5527 3402 5581 concitato

1820 5638 1985 5685 vento
2008 5636 2172 5697 atque
2200 5624 2443 5686 turbine,
2487 5622 2657 5693 918
2684 5621 2776 5692 qui
2815 5621 2870 5676 in
2896 5621 3016 5675 foro
3060 5635 3127 5675 ex
3167 5619 3401 5674 adverso

1434 5726 1666 5785 VARIIE
1702 5725 1990 5785 LECTION
2002 5726 2099 5778 FS.

192 5818 243 5850 "
277 5816 511 5885 Οὑγωνα
539 5835 591 5890 p.
622 5819 725 5874 267
755 5820 810 5874 d.
