4158 6438
748 376 856 439 979

2031 374 2353 440 GEORGII
2385 376 2735 443 MONACHI

3924 378 4026 440 980

747 495 884 565 regii
923 492 1047 550 solii
1080 491 1252 549 erecti
1284 499 1446 558 sunt,
1484 491 1565 548 sic
1600 491 1758 559 dicti,
1790 492 1938 549 demi
1972 505 2330 561 corruerunt,

2443 500 2763 565 κατέπεσον,
2780 499 2831 553 οἳ
2861 494 3194 561 ἀπεναντίας
3223 493 3319 550 τοῦ
3348 493 3628 566 βασιλικοῦ
3648 494 3839 563 θρόνου
3864 495 3993 563 ἐτύγ
4017 522 4029 533 -

742 586 1138 656 subjectosque
1177 584 1382 655 gradus
1426 594 1483 640 et
1520 600 1797 641 marmora
1823 594 1880 641 et
1911 588 2340 645 intercolumnia

745 677 1152 732 contriverunt.
1208 676 1355 731 Anni
1408 686 1594 733 autem
1646 686 1901 735 vertente
1955 680 2201 747 circulo,
2242 698 2339 738 eo-

744 770 872 824 dem
899 769 1022 839 ipso
1055 784 1267 835 mense,
1313 769 1625 826 Romanum
1662 772 2058 842 imperatorem
2090 775 2213 843 ejus
2246 752 2340 828 filii

744 861 872 915 aula
914 860 1260 932 deiecerunt.

814 954 903 1008 56.
955 953 1239 1009 Edessena
1285 962 1471 1009 autem
1505 954 1762 1020 civitate,
1812 956 1869 1011 in
1895 972 2002 1026 qua
2040 956 2341 1012 venerandi

743 1044 952 1100 Christi
1001 1044 1213 1116 efligies
1284 1046 1459 1102 linteo
1510 1061 1772 1117 expressa
1822 1058 1972 1113 erat,
2023 1063 2055 1103 a
2095 1046 2344 1102 Romano

742 1138 993 1193 exercitu
1057 1136 1283 1192 obsessa
1351 1147 1410 1194 et
1462 1138 1532 1193 ad
1589 1148 1868 1195 extremas
1922 1139 2203 1211 angustias
2258 1154 2348 1195 ιε-

745 1228 907 1285 dacta
948 1230 1225 1284 miserunt
1268 1230 1530 1302 oppidani
1563 1231 1632 1285 ad
1676 1232 1988 1286 Romanum
2036 1233 2341 1303 imperato-

745 1336 864 1375 rem
913 1329 1170 1377 oratores
1234 1332 1495 1391 rogantes
1567 1323 1707 1377 solvi
1778 1324 2164 1391 obsidionem,
2224 1325 2344 1395 ejus

746 1411 997 1465 muneris
1036 1412 1224 1482 gratia:
1258 1426 1474 1466 sacram
1503 1411 1713 1468 Christi
1764 1413 1845 1469 sic
1874 1429 2189 1484 expressam
2225 1413 2342 1468 elli-

746 1504 892 1573 giem
928 1518 988 1558 se
1012 1504 1242 1558 daturos
1278 1504 1548 1571 polliciti;
1586 1506 1862 1576 huiusque
1896 1506 2069 1575 ipsius
2097 1505 2344 1561 muneris

748 1595 928 1650 vicem
977 1610 1046 1649 ex
1097 1594 1217 1650 suis
1258 1596 1479 1650 vinctos
1529 1596 1861 1650 illustriores
1902 1596 2148 1664 recipere
2191 1602 2345 1664 pete-

750 1688 920 1753 bant,
962 1687 1227 1757 bullaque
1277 1702 1443 1741 aurea
1496 1702 1618 1742 eam
1661 1688 1743 1742 eis
1783 1688 2034 1756 praastari
2081 1686 2246 1741 fidem
2282 1694 2343 1739 ut

746 1796 857 1834 non
895 1780 1135 1849 amplius
1172 1780 1433 1834 Romanae
1460 1780 1635 1849 copiae
1682 1780 2023 1835 Edessenam
2061 1778 2342 1849 regionem

2446 608 2644 661 χανον,
2682 590 2776 644 καὶ⁵
2835 587 3163 658 συνέτριψαν
3213 587 3284 641 τά
3332 603 3393 640 τε
3440 586 3795 639 ὑποκάτωθεν
3851 586 4029 639 αὐτῶν

2448 682 2625 756 βάθρα
2656 683 2753 736 καὶ
2782 681 2851 735 τὰ
2886 681 3090 753 στήθεα
3130 679 3423 750 λεγόμενα.
3460 677 3669 747 Χρόνου
3698 677 3754 730 δὲ
3800 695 4029 747 περικυ-

2444 772 2774 835 κλεύσαντος
2801 770 2882 841 τῷ
2920 770 3071 841 αὐτῷ
3100 770 3232 841 μηνὶ
3261 768 3355 823 τὸν
3401 766 3631 837 βασιλέα
3671 766 3958 837 Ῥωμανδν
3982 768 4031 818 οἱ

2446 867 2553 919 υἱοὶ
2587 863 2755 919 αὐτοῦ
2784 862 2880 918 τοῦ
2915 863 3186 917 παλατίου
3218 863 3560 931 κατήγαγον.

2518 963 2628 1021 νς·’.
2657 956 2770 1025 Τῆς
2803 955 2862 1007 δὲ
2895 954 3109 1016 πόλεως
3154 954 3399 1024 Ἐδέσης,
3422 955 3480 1006 ἐν
3582 950 3757 1005 τὸτοῦ
3791 951 4031 1022 Χριστοῦ

2445 1049 2626 1120 τίμιον
2673 1050 2970 1119 ἐκμαγεῖον
3025 1047 3310 1112 ἀπέκειτο,
3365 1046 3518 1117 παρὰ
3572 1047 3667 1101 τοῦ
3720 1045 4032 1117 Ῥωμαϊκοῦ

2446 1141 2921 1214 πολιορκουμένης
2977 1140 3391 1212 στρατεύματος
3419 1142 3515 1195 καὶ
3543 1141 3625 1203 είς
3664 1142 3918 1212 ἀνάγκην
3945 1158 4035 1209 με-

2445 1233 2641 1305 γίστην
2676 1235 3132 1305 περιισταμένης,
3168 1233 3497 1288 ἀπέστειλαν
3541 1235 3592 1286 oi
3636 1234 3847 1302 ταύτης
3891 1234 4038 1302 οἰκή-

2443 1339 2603 1390 τορες
2636 1322 2772 1392 πρὸς
2804 1324 2897 1378 τὸν
2928 1320 3157 1392 βασιλέα
3196 1323 3478 1393 Ῥωμανδν
3510 1322 4036 1393 διαπρεσϐευόμενοι

2443 1413 2544 1483 τὴν
2564 1412 2883 1484 πολιορκίαν
2921 1413 3172 1484 λυθῆναι,
3202 1412 3263 1465 τὸ
3290 1410 3383 1465 τοῦ
3405 1413 3641 1481 Χριστοῦ
3677 1412 3834 1480 ἅγιον
3863 1414 4038 1482 ἐκμαο

2444 1507 2594 1571 γεῖον
2623 1506 2890 1577 παρέχειν
2930 1504 3414 1575 ἐπαγγειλάμενοι.
3457 1503 3630 1574 ’Υπὲρ
3651 1506 3753 1572 τῆς
3774 1503 4037 1571 τοιαύτης

2445 1596 2503 1649 δέ
2533 1598 2756 1668 χάριτος
2789 1598 3043 1668 δεσμίους
3093 1598 3370 1668 ᾐτήσαντο
3388 1596 3497 1649 τῶν
3524 1594 3784 1665 ἐμφανῶν
3833 1593 4036 1647 dmi:-

2446 1690 2584 1756 δεῖν,
2614 1691 2988 1764 χρυσόδουλλά
3008 1708 3065 1744 τε
3102 1690 3291 1743 λαϐεῖν
3323 1690 3462 1743 ὥστε
3492 1688 3590 1759 τὴν
3614 1688 3828 1742 τούτων
3853 1686 4039 1758 χώραν

2450 1783 2649 1853 μηκέτι
2693 1784 2848 1855 παρὰ
2890 1784 2988 1837 τοῦ
3041 1782 3329 1853 Ῥωμαίων
3380 1779 3615 1852 στρατοῦ
3664 1780 3979 1851 ληῖζεσθαι·
4013 1779 4039 1830 ὃ

744 1872 1120 1926 devastarent.
1162 1870 1317 1937 Quod
1362 1880 1419 1926 et
1461 1870 1669 1926 factum
1698 1879 1801 1925 est.
1836 1871 1999 1927 Missa
2031 1870 2213 1938 itaque
2250 1884 2331 1923 sa-

2443 1878 2503 1945 δὴ
2536 1876 2622 1948 [Ρ.
2687 1875 2813 1948 591]
2858 1876 2954 1930 καὶ
2982 1875 3227 1945 γέγονεν.
3282 1872 3387 1927 Τοῦ
3446 1873 3503 1928 δὲ
3543 1872 3702 1941 ἁγίου
3735 1870 4037 1941 ἐκμαγείου

745 1979 840 2018 cra
868 1962 1044 2033 efﬁgie
1066 1977 1129 2017 ac
1153 1962 1398 2027 sudario,
1420 1962 1644 2031 jamque
1668 1961 1815 2015 haud
1838 1960 2031 2030 procul
2058 1959 2338 2031 Byzantio,

746 2056 1114 2125 Theophanes
1171 2053 1440 2124 patricius
1498 2062 1555 2109 et
1622 2053 1913 2107 aceubitor
1974 2051 2040 2106 ad
2095 2051 2339 2122 Sagarim

745 2146 978 2201 fluvium
1020 2159 1279 2215 egressus
1326 2159 1451 2199 cum
1502 2158 1790 2200 cereorum
1837 2143 2128 2212 splendido
2171 2158 2336 2213 appa-

748 2245 873 2289 ratu
933 2249 1291 2305 congruoque
1356 2234 1511 2289 cultu
1569 2241 1626 2289 et
1684 2233 1918 2288 canticis
1977 2233 2055 2286 illi
2122 2233 2339 2287 obviam

746 2326 1051 2397 processit;
1096 2326 1412 2395 mensisque
1447 2325 1679 2395 Augusti
1725 2326 1917 2394 quinta
1965 2325 2175 2378 decima
2215 2340 2339 2379 cum

746 2421 843 2474 illo
895 2420 949 2474 in
997 2419 1191 2473 urbem
1236 2418 1485 2483 intravit,
1543 2418 1879 2487 imperatore
1928 2417 1984 2471 in
2020 2418 2342 2473 Blaehernis

745 2512 1074 2577 constituto,
1114 2512 1210 2566 ubi
1237 2521 1295 2566 et
1330 2510 1569 2581 efligiem
1602 2510 1802 2567 devote
1838 2510 2107 2566 adoravit.
2137 2511 2342 2565 Postri-

745 2606 836 2661 die
862 2621 997 2659 vero
1027 2605 1095 2659 ad
1132 2605 1371 2665 Auream
1405 2615 1621 2674 portam
1651 2603 1907 2658 exierunt
1940 2613 2057 2657 tum
2101 2604 2340 2672 impera—

746 2699 881 2753 toris
908 2698 1020 2753 duo
1070 2696 1191 2759 filii,
1226 2695 1542 2765 Stephanus
1573 2707 1629 2749 et
1656 2695 2077 2761 Constantinus,
2109 2704 2227 2750 tum
2274 2696 2340 2749 il-

743 2791 854 2845 lius
881 2804 1052 2860 gener
1094 2787 1497 2845 Constantinus
1542 2786 1711 2856 919
1757 2801 1885 2841 cum
1929 2786 2341 2858 Theopbylacto

744 2881 1102 2953 patriarcha,
1152 2880 1454 2950 debitoque
1502 2878 1715 2933 honore
1761 2889 2078 2949 susceptum
2124 2893 2338 2932 sacrum

742 2976 975 3045 pignus,
1012 2973 1281 3027 universo
1311 2978 1506 3026 senatu
1547 2978 1833 3040 praeeunte
1868 2970 2217 3039 maximaque
2249 2984 2342 3023 ce-

743 3083 966 3123 reorum
992 3075 1159 3136 atque
1190 3064 1507 3134 lampadum
1532 3063 1669 3117 silva
1696 3064 2056 3132 praelucente,
2094 3062 2342 3131 adusque

744 3169 949 3216 sanctae
993 3159 1091 3215 Dei
1141 3155 1429 3227 sapientiae
1471 3156 1739 3225 templum
1780 3155 2019 3225 pedibus
2056 3155 2339 3217 detulere,

2446 1968 2853 2031 ἀποσταλέντος
2882 1968 2977 2023 καὶ
3001 1969 3102 2040 ήδη
3127 1969 3194 2038 τῇ
3222 1968 3631 2021 Κωνσταντινου
3642 1965 3793 2017 πόλει
3814 1963 4042 2032 πλησιά-

2445 2076 2659 2125 σαντος,
2703 2059 2983 2132 Θεοφάνης
3008 2062 3036 2113 ὁ
3062 2058 3351 2129 πατρίκιος
3394 2058 3488 2109 καί
3536 2053 4039 2126 παρακοιμὼμενος

2444 2153 2501 2205 ἐν
2530 2152 2609 2221 τῷ
2647 2151 2877 2223 ποταμῷ
2912 2151 3184 2221 Σαγγάρῳ
3228 2148 3463 2213 ἐξελθὼν
3514 2148 3828 2217 ὑπήντησεν
3889 2146 4038 2213 αὐτῷ

2447 2241 2589 2310 μετὰ
2609 2242 2977 2310 φωταγωγίας
3018 2241 3114 2294 καὶ
3150 2240 3251 2309 τῆς
3288 2238 3517 2309 δεούσης
3542 2236 3711 2307 τιμῆς
3770 2236 3867 2289 καὶ
3905 2235 4040 2304 ὑμν-

2443 2334 2629 2403 ῳδίας.
2663 2336 2774 2388 Καὶ
2797 2338 2862 2407 τῇ
2895 2333 2955 2387 ιε’
2986 2334 3080 2387 τοῦ
3113 2332 3428 2401 Αὐγούστου
3472 2329 3641 2400 μηνὸς
3670 2330 3769 2383 σῦν
3798 2328 3950 2397 αὐτῷ
3977 2330 4038 2380 ἐν

2442 2427 2509 2495 τῇ
2537 2426 2689 2479 πόλει
2720 2424 2993 2495 εἰσῆλθον,
3018 2422 3113 2477 τοῦ
3147 2421 3408 2493 βασιλέως
3430 2421 3488 2473 ἐν
3515 2417 3849 2488 Βῂχέρναις
3880 2418 4037 2478 am;

2445 2521 2610 2573 κάκεῖ
2646 2520 2782 2573 αὐτὸ
2822 2518 3329 2590 προσκυνήσαντος.
3375 2515 3453 2585 Τῇ
3485 2514 3544 2567 δὲ
3579 2512 3847 2582 ἐπαύριον
3882 2510 4039 2578 ἐξῆλ-

2445 2612 2535 2665 θον
2574 2613 2632 2666 ἐν
2658 2615 2723 2683 τῇ
2747 2612 2940 2683 Χρυσῇ
2980 2611 3161 2683 πόρτῃ
3184 2609 3240 2661 οῖ
3269 2625 3327 2660 τε
3354 2607 3450 2660 τοῦ
3494 2606 3764 2676 βασιλέως
3792 2605 3891 2657 δύο
3930 2602 4041 2655 υἱοὶ

2445 2704 2721 2772 Στέφανός
2749 2721 2810 2756 τε
2841 2705 2937 2759 καὶ
2963 2703 3376 2764 Κωνσταντῖνος
3407 2701 3502 2752 καὶ
3530 2698 3557 2750 ὁ
3586 2696 3740 2766 γαμδ
3751 2696 3840 2767 ρὺς
3868 2694 4040 2748 αύτοῦ

2444 2800 2859 2860 Κωνσταντῖνος
2904 2795 3002 2849 σὺν
3038 2795 3118 2865 τῷ
3153 2792 3475 2865 πατριάρχῃ
3512 2788 3905 2857 Θεοφυλάκτῳ’
3945 2786 4041 2839 καὶ

2448 2891 2587 2961 μετὰ
2633 2890 2733 2959 τῆς
2784 2887 3013 2959 δεούσης
3064 2886 3224 2939 τοῦτο
3280 2882 3643 2943 ἀναλαϐόντες
3697 2880 3894 2948 τιμῆς,
3938 2876 4042 2945 τῆς

2447 2983 2754 3054 συγκλήτου
2783 2981 2965 3051 πάσης
2999 2976 3485 3049 προπορευομένης
3524 2974 3618 3027 καὶ
3669 2971 4041 3041 φωταγωγᾲτς

2449 3073 2715 3145 μεγίστης
2765 3070 3140 3140 προαγούσης,
3200 3068 3363 3137 μέχρι
3413 3063 3507 3117 τοῦ
3560 3061 3718 3130 ἁγίου
3755 3060 3892 3112 ναοῦ
3941 3058 4043 3125 τῆς

2461 3167 2649 3235 ’Λγίας
2678 3164 2771 3219 τοῦ
2797 3165 2934 3217 Θεοῦ
2961 3162 3163 3231 Σοφίας
3198 3159 3339 3229 πεζῇ
3368 3156 3712 3226 διεκόμισαν,
3745 3153 3843 3206 καὶ
3874 3166 4042 3221 atpos-

743 3262 908 3321 atque
936 3250 1049 3306 illic
1072 3218 1397 3304 adoratione
1423 3218 1945 3317 mysticoque—cultu
1970 3256 2257 3315 acceptum
2283 3245 2337 3298 in

2450 3218 2686 3325 x'u‘;nb;v
2726 3254 2905 3307 ἐκεῖσε
2932 3253 2990 3306 ἐν
3019 3218 3097 3321 vi?»
3128 3218 3380 3317 παλατίῳ
3412 3218 3713 3316 ἀνήγαγον.

741 3343 1011 3414 palatium
1040 3342 1302 3397 intulere.

817 3436 907 3489 57.
933 3434 1031 3489 llis
1060 3448 1197 3488 vero
1239 3433 1438 3488 diebus
1464 3440 1772 3487 monstrum
1799 3432 2078 3501 quoddam
2106 3448 2171 3487 ac
2204 3448 2340 3503 por-

742 3537 959 3585 tentum
1010 3525 1398 3581 Armeniaeum
1427 3525 1481 3579 in
1508 3524 1702 3580 urbem
1736 3524 2014 3580 invectum
2042 3534 2147 3590 est,
2180 3525 2335 3595 pueri

739 3619 954 3674 scilicet
982 3619 1092 3673 duo
1108 3618 1471 3681 cohaerentes,
1498 3632 1611 3671 uno
1625 3626 1784 3671 utero
1804 3616 1988 3681 effusi,
2013 3616 2135 3671 aliis
2160 3632 2334 3671 mem-

738 3712 857 3766 bris
887 3710 1147 3765 omnibus
1175 3708 1427 3778 corporis
1478 3709 1697 3778 integri,
1732 3724 1762 3762 a
1822 3709 2117 3763 ventriculi
2154 3718 2334 3764 tamen

738 3820 837 3859 ore
867 3815 924 3859 et
961 3805 1106 3857 intra
1142 3802 1345 3873 pubem
1382 3801 1523 3855 inter
1555 3816 1612 3856 se
1656 3800 1928 3865 concreti,
1960 3811 2124 3871 atque
2167 3801 2336 3855 vulti-

736 3897 845 3953 bus
871 3895 1146 3950 obversis.
1188 3893 1257 3949 Hi
1285 3893 1380 3948 diu
1411 3893 1468 3947 in
1519 3893 1660 3948 urbe
1693 3893 1926 3955 versati;
1958 3908 2024 3947 ac
2056 3908 2181 3948 cum
2214 3908 2333 3948 om-

738 4004 840 4043 nes
870 4003 973 4043 eeu
1006 3988 1250 4041 immane
1282 3984 1563 4055 quoddam
1598 3990 1919 4054 portentum
1970 3983 2148 4039 oculis
2170 3999 2335 4039 usur-

736 4088 959 4150 parent,
984 4080 1267 4133 Romanus
1299 4077 1606 4147 imperator
1652 4075 1804 4129 velut
1825 4076 2029 4129 malum
2055 4075 2332 4146 quoddam

739 4189 906 4229 omen
931 4187 996 4228 ea
1025 4170 1258 4242 expulit.
1276 4152 1430 4224 'Cum
1460 4178 1645 4223 autem
1686 4170 1837 4224 solus
1878 4168 1988 4239 jam
2015 4167 2331 4223 Constanti-

739 4279 850 4318 nus
872 4277 1057 4317 rerurn
1087 4259 1382 4330 potiretur,
1414 4258 1615 4312 iterum
1645 4259 1877 4329 ingressi
1913 4266 2060 4313 sunt.
2086 4258 2208 4314 Uno
2232 4274 2332 4313 au-

741 4366 857 4409 tem
883 4369 953 4407 ex
977 4352 1061 4407 eis
1090 4359 1331 4416 mortuo,
1365 4349 1528 4420 periti
1589 4349 1817 4419 quidam
1851 4349 2053 4405 medici
2087 4334 2332 4405 cohaere-

742 4456 996 4504 seentem
1027 4454 1335 4501 emortuam
1390 4452 1601 4512 partem
1636 4443 1825 4497 subtili
1877 4451 1996 4498 arte
2047 4450 2330 4511 putavere,

2516 3436 2611 3499 νζν.
2654 3434 2744 3487 Ἑν
2798 3430 3027 3493 ταύταις
3082 3429 3140 3482 δὲ
3192 3428 3311 3489 ταῖς
3365 3424 3599 3495 ἡμέραις
3656 3420 3954 3492 ’Ᾱρμένιόν
3989 3436 4039 3469 τι

2441 3530 2606 3598 τέρας
2638 3528 2706 3596 τῇ
2734 3525 2887 3578 πόλει
2920 3522 3293 3591 ἐπεδήμησεν,
3330 3519 3519 3579 παῖδες
3572 3516 3846 3584 συμφυεῖς
3876 3514 4041 3581 seps-

2442 3637 2530 3682 vs;
2561 3622 2626 3671 ἐκ
2659 3619 2789 3688 μιᾶς
2818 3614 3172 3688 προελθόντες
3201 3610 3463 3679 γαστρὸς,
3500 3608 3629 3661 σῶοι
3678 3607 3779 3677 μὲν
3812 3606 3910 3659 καὶ
3942 3606 4040 3673 ἄρ’

2440 3729 2546 3764 τιοι
2573 3710 2753 3763 πάντα
2774 3708 2843 3761 τὰ
2877 3706 3013 3777 μέλη
3046 3704 3141 3756 τοῦ
3174 3702 3450 3770 σώματος,
3486 3698 3595 3752 ἀπὸ
3620 3698 3679 3750 δὲ
3700 3696 3797 3750 τοῦ
3827 3697 4038 3764 στόμα-

2440 3822 2531 3870 τος
2557 3804 2658 3873 τῆς
2696 3800 2936 3870 γαστρὸς
2973 3800 3067 3851 καὶ
3098 3796 3263 3867 μέχρι
3310 3794 3421 3846 τῶν
3470 3790 3864 3860 ὑπογαστρίων
3899 3806 4038 3856 cupr-

2440 3897 2749 3967 πεφυκότες
2803 3893 2898 3947 καὶ
2947 3891 3198 3961 ἀλλήλοις
3232 3889 3575 3959 ὑπάρχοντες
3598 3883 4034 3955 ἀντιπρόσωποι.

2440 3991 2626 4044 0ἶέπὶ
2675 3989 2925 4042 πλεῖστον
2980 3988 3047 4056 τῇ
3103 3983 3257 4035 πόλει
3303 3978 3772 4050 ἐνδιατρίψαντες,
3804 3981 3904 4030 καὶ
3934 3976 4038 4027 ὑπὸ

2438 4083 2660 4138 πάντων
2686 4081 2761 4143 ὡς
2790 4078 3026 4142 ἐξαίσιόν
3056 4095 3109 4130 τι
3138 4078 3303 4145 τέρας
3351 4070 3641 4143 ὁρώμενοι,
3692 4071 3795 4137 τῆς
3828 4069 4037 4129 πόλεως

2436 4176 2509 4239 ὡς
2536 4173 2773 4243 πονηρός
2795 4190 2879 4235 τις
2914 4172 3107 4232 οἰωνος
3134 4166 3500 4237 ἐξηλάθησαν.
3560 4162 3686 4215 Ἐπὶ
3715 4162 3777 4215 δὲ
3808 4162 3913 4232 τῆς
3942 4180 4035 4230 μυ-

2439 4262 2795 4333 νοκρατορίας
2850 4258 3267 4314 Κωνσταντίνου
3302 4256 3463 4308 πάλιν
3510 4254 3839 4323 είσήλθοσαν
3866 4270 3880 4281 ·
3914 4256 4035 4305 ἐπεὶ

2436 4353 2492 4406 δὲ
2513 4354 2542 4405 ὁ
2573 4352 2756 4423 ἕτερος
2787 4349 2969 4403 αὐτῶν
3016 4347 3320 4415 ἐτεθνήκει,
3375 4344 3551 4413 ἰατροί
3594 4360 3743 4406 τινες
3777 4343 4036 4412 ἔμπειροι

2435 4445 2498 4498 τὸ
2533 4442 3040 4513 συγκεκολλημένον
3094 4440 3262 4509 μέρος
3290 4438 3543 4506 διέτεμον
3574 4435 3818 4503 εὐφυῶς,
3860 4436 4037 4488 ἐλπίδι

740 4540 863 4593 fore
904 4544 1192 4607 sperantes
1224 4542 1289 4587 ut
1326 4533 1422 4587 illo
1455 4531 1703 4587 remedio
1724 4532 1864 4587 alter
1899 4532 2190 4589 incolumis
2219 4548 2334 4589 ser-

2443 4536 2535 4591 τοῦ
2566 4537 2658 4590 τὸν
2691 4536 2879 4605 ἕτερον
2925 4531 3210 4603 ζήσεσθαι,
3242 4530 3300 4593 ὃς
3356 4530 3505 4597 τρεῖς
3533 4527 3750 4597 ἡμέρας
3786 4525 4038 4589 ἐπιϐιοὺς

740 4639 1003 4696 varetur;
1028 4627 1123 4698 qui
1146 4636 1330 4682 tamen
1361 4626 1478 4696 ipse
1502 4626 1688 4680 triduo
1717 4637 2000 4696 superstes
2018 4628 2177 4685 obiit.

800 4722 890 4777 58.
928 4722 1214 4777 Romanus
1243 4733 1414 4789 porro
1440 4718 1767 4787 imperator,
1799 4717 1880 4772 uti
1905 4734 1936 4772 a
1965 4720 2129 4775 nobis
2160 4720 2215 4775 in
2241 4736 2333 4776 su-

739 4812 1061 4884 perioribus
1106 4810 1315 4867 dictum
1347 4818 1455 4875 est,
1497 4824 1624 4864 cum
1655 4824 1783 4880 erga
1817 4810 2116 4866 monachos
2144 4827 2337 4869 omnes

740 4906 907 4960 fidem
967 4903 1261 4974 plurimam
1310 4901 1543 4956 haberet
1570 4901 1892 4971 cultumque
1924 4902 1993 4957 iis
2020 4903 2333 4971 adhiberet,

740 5013 855 5069 pra:
886 4997 1121 5068 reliquis
1144 5006 1328 5052 tamen
1352 4995 1669 5064 eximieque
1697 4993 1952 5065 Sergium
1986 4996 2164 5051 virum
2220 5014 2338 5053 mo-

740 5088 957 5145 nastiea
990 5088 1341 5144 institutione
1363 5087 1696 5157 praeclarum
1716 5087 2064 5143 observabat.
2092 5089 2225 5145 Erat
2246 5091 2337 5147 hic

738 5182 989 5253 magistri
1034 5180 1245 5237 Cosmae
1273 5181 1445 5236 frater
1476 5180 1643 5251 920
1670 5179 1850 5235 Photii
1888 5182 2214 5250 patriarchae
2241 5200 2336 5240 ne-

739 5292 864 5347 pos,
896 5275 1071 5329 animi
1129 5274 1475 5345 ingenuitate
1534 5288 1698 5343 quam
1754 5275 1958 5329 carnali
2011 5279 2336 5347 cognatione

738 5370 1005 5427 nobilior.
1039 5368 1122 5424 Ad
1150 5384 1420 5424 summam
1458 5368 1610 5423 enim
1638 5368 1902 5424 virtutem
1932 5370 2331 5443 scientiamque

740 5473 1013 5528 evaserat,
1042 5472 1101 5518 ut
1126 5478 1229 5517 nec
1254 5472 1378 5517 utra
1408 5470 1693 5531 pmstaret
1743 5463 1980 5518 discerni
2012 5464 2172 5521 facile
2204 5484 2332 5535 pos-

741 5566 862 5621 set;
917 5554 999 5610 sic
1056 5554 1320 5608 nimirum
1375 5562 1632 5609 accurate
1684 5554 1944 5625 omnique
1992 5557 2331 5626 perfectione

742 5655 1036 5716 utramque
1068 5647 1406 5701 excolucrat.
1447 5647 1697 5702 Florebat
1733 5648 1785 5701 in
1813 5664 1877 5703 co
1912 5650 2054 5705 inter
2082 5653 2188 5707 alia
2220 5654 2331 5711 dis-

2440 4631 2813 4700 ἐτελεύτησεν.

2512 4732 2616 4795 νη’.
2664 4724 2723 4779 '0
2751 4725 2811 4777 δέ
2856 4721 3134 4793 Ῥωμανδς
3177 4722 3207 4774 ό
3251 4719 3528 4790 βασιλεὺς,
3560 4718 3636 4781 ὡς
3665 4718 3937 4789 ἀνωτέρω
3965 4719 4041 4769 εῖ-

2442 4837 2625 4892 ρηται,
2656 4821 2716 4872 ἐν
2744 4819 2910 4870 πᾶσιν
2935 4815 3193 4885 μοναχοῖς
3228 4814 3412 4867 πίστιν
3455 4813 3723 4880 ἐκέκτητο
3771 4811 4035 4881 ἄμετρον,

2439 4912 2810 4983 διαφερόντως
2830 4910 2887 4963 δὲ
2913 4909 3078 4979 ἐτίμα
3099 4908 3194 4961 καὶ
3217 4904 3585 4976 ὑπερεσέὸετο
3605 4904 3841 4973 Σέργιον
3863 4904 3957 4958 τὸν
3982 4906 4038 4955 ἐν

2444 5008 2739 5078 μονασταῖς
2762 5003 3163 5073 διαλάμποντα,
3214 5000 3276 5063 ὃς
3307 4999 3536 5068 ἀδελφὸς
3590 4999 3693 5060 μὲν
3740 4997 3841 5051 τοῦ
3878 4999 4038 5068 μαγί-

2442 5118 2606 5171 στρου
2661 5100 2875 5169 ὑπῆρχε
2924 5096 3146 5164 Κοσμᾶ,
3201 5092 3423 5162 ἀνεψιὸς
3476 5091 3534 5144 δέ
3558 5089 3655 5143 τοῦ
3685 5091 4035 5161 πατριάρχου

2438 5192 2646 5245 Φωτίου
2670 5208 2683 5221 ·
2744 5190 2803 5243 ὃν
2854 5187 3014 5241 πλέον
3043 5187 3144 5257 τῆς
3176 5184 3450 5257 σαρκικῆς
3484 5184 3884 5251 εύσυγγενείας
3911 5184 3955 5215 ⁸⁸
4003 5185 4035 5251 ἠ

2440 5284 2581 5338 κατὰ
2604 5282 2782 5355 ψυχὴν
2829 5281 2992 5352 ἐτίμα
3016 5280 3284 5347 εὐγένεια.
3334 5275 3563 5347 Ἀρετῆς
3607 5275 3721 5346 γὰρ
3750 5278 3834 5338 εἰς
3868 5277 4035 5345 ἄκρον

2440 5379 2533 5431 καὶ
2562 5376 2817 5446 γνώσεως
2859 5375 3083 5445 ήλασεν,
3137 5373 3215 5435 ὡς
3264 5369 3521 5441 δυσχερὲς
3559 5364 3705 5421 εἶναι
3733 5369 4035 5439 διακρίνειν»

2440 5472 2657 5541 ποτέρῳ
2684 5469 2885 5539 μᾶλλον
2917 5466 3291 5521 ἐπλεονέκτειο
3317 5463 3491 5523 οὕτως
3511 5464 3598 5525 εἱς
3628 5462 3805 5534 ἄκρον
3840 5463 4035 5514 ἐκατέο

2442 5581 2543 5635 ραν
2568 5562 2894 5633 ἐξήσκησεν.
2943 5560 3204 5629 Ἐπήνθει
3240 5575 3299 5611 τε
3332 5555 3483 5625 αὐτῷ
3522 5555 3663 5627 πρὸς
3697 5557 3813 5618 τοίς
3854 5555 4036 5613 ἄλλοις

2441 5656 2535 5709 καὶ
2566 5656 2744 5723 τὸτῆς
2776 5653 3105 5725 διακρίσεως
3158 5652 3406 5723 χάρισμα
3439 5648 3533 5702 καὶ
3576 5648 3637 5703 τὸ
3696 5647 3893 5717 χάριεν
3946 5644 4032 5699 τοῦ

2025 5747 2254 5805 VARUE
2284 5750 2581 5810 LECTION
2589 5751 2695 5806 ES.

810 5836 851 5872 ε]
888 5839 1202 5906 συγγενείας
1231 5854 1281 5907 ιι.
1314 5840 1417 5893 269
1462 5841 1514 5892 ιι.
