4158 6438
158 362 253 427 981

1238 361 1437 421 VITfE
1480 358 2037 419 RECENTIOliUM
2086 359 2291 419 IMI’P.

3293 361 3402 426 982

156 476 315 546 ἤθους
348 473 440 528 καὶ
462 471 522 525 τὸ
546 473 764 543 μέτριον
783 470 878 524 τοῦ
900 472 1264 543 φρονήματος,
1286 472 1360 523 Οὐ
1385 472 1492 542 γάρ
1514 471 1720 523 ἀνέσπα

1839 468 2087 523 :retionis
2144 470 2346 522 donum
2410 483 2727 537 motumque
2763 472 2954 540 gratia,
3022 470 3192 527 animi
3214 490 3409 531 sensus

153 571 249 631 τὰς
276 568 445 637 ὀφρῦς
466 566 542 629 ὡς
565 569 612 619 oi
641 566 735 618 νῦν
793 568 968 634 σοφοὶ,
1002 565 1120 619 οὐδὲ
1174 563 1390 628 ἀλαζών
1423 582 1504 626 τίς
1552 563 1723 617 ἐδόκει

154 658 244 711 καὶ
271 659 642 728 ὑπερήφανος,
672 656 809 710 ἀλλά
824 657 917 710 τὸν
938 657 1097 725 λόγον
1131 656 1230 727 μὲν
1253 653 1367 727 εἶχε
1394 656 1724 725 γλυκύτερον

156 748 369 818 μέλιτος
399 748 796 814 ἀποστάζοντα,
821 748 881 802 τὸ
919 744 1050 818 ἦθος
1079 747 1135 800 δὲ
1174 750 1371 815 πάγιον
1401 746 1495 800 καὶ
1532 748 1721 800 σταθε-

156 840 262 908 ρὸν,
300 838 385 909 ίΡ.
418 838 543 911 592]
569 840 824 894 ταπεινὸν
846 840 902 893 δὲ
924 840 985 892 τὸ
1012 840 1289 911 φρόνημα.
1322 839 1523 893 Τοῦτον
1548 839 1611 908 δὴ
1635 840 1725 891 τὸν

150 931 395 998 ἀοίδιμον
417 930 778 995 ἀδιαλείπτως
827 931 947 1001 μεθ’
983 931 1179 984 ἑαυτοῦ
1212 926 1357 1001 εἶχεν
1389 930 1418 981 ὁ
1451 929 1722 1000 βασιλεὺς,

150 1022 347 1074 κανόνα
370 1021 539 1083 ὅντως
556 1022 651 1075 καὶ
683 1022 931 1091 στάθμην
955 1021 1047 1074 τὸν
1074 1020 1237 1076 αὑτοῦ
1272 1021 1386 1091 βίον
1415 1020 1500 1073 ἀεὶ
1533 1020 1725 1090 ῥυομίο
1756 1042 1757 1045 η

149 1114 329 1176 ζοντα.
366 1114 463 1174 Ὃς
501 1113 672 1166 πολλά
723 1112 955 1183 παρῄνει
1002 1114 1079 1184 τῷ
1119 1112 1332 1183 βασιλεῖ
1379 1112 1487 1164 τῶν
1522 1112 1725 1163 παίδων

146 1205 524 1274 ἐπιμελεῖσθαι
577 1205 672 1259 καὶ
726 1206 802 1276 μὴ
833 1206 1197 1269 ἀπαιδεύτους
1238 1206 1333 1275 ὲᾷν
1357 1206 1436 1265 είς
1464 1205 1725 1275 πονηρίαν

148 1295 517 1358 ἐπικλίνοντας,
554 1295 628 1365 μή
655 1311 787 1348 ποτε
822 1296 1022 1358 αὐτοὺς
1053 1293 1216 1347 πάθοι
1249 1295 1309 1347 τδ
1332 1293 1426 1347 τοῦ
1470 1293 1608 1357 Ἠλὶ,
1643 1312 1726 1346 τι-

149 1384 364 1455 μωρίαν
384 1378 466 1437 ’ὲκ
496 1384 599 1452 τῆς
638 1383 748 1438 τῶν
778 1385 987 1438 παίδων
1031 1386 1381 1455 παρανομίας
1413 1385 1655 1447 ἐκτίσας.

219 1652 317 1707 νθ’.
366 1653 581 1724 Ἐπειδὴ
638 1653 695 1707 δὲ
747 1653 853 1732 τοῦ,
894 1654 1159 1707 παλατίου
1208 1654 1398 1707 τοῦτον
1430 1654 1480 1706 οί
1544 1648 1729 1717 παῖδες

145 1746 463 1815 κατήγαγον
502 1746 597 1800 καὶ
626 1746 683 1798 ἐν
709 1748 773 1816 τῇ
812 1743 1013 1816 Πρώτῃ
1045 1745 1193 1815 νήσῳ
1237 1743 1525 1814 ἐξώρισαν,
1568 1745 1728 1813 πάλιν

1829 556 2116 611 modestia.
2165 558 2353 628 Neque
2406 557 2555 611 enim
2612 560 2901 627 supercilia
2944 563 3276 630 attrahebat,
3328 567 3409 620 uti

1828 655 2101 704 nostrates
2128 650 2402 717 sapientes
2432 649 2485 703 in
2524 663 2675 703 more
2711 652 2948 718 positum
2981 656 3211 720 habent,
3233 674 3413 727 neque

1827 756 1956 794 vero
1988 750 2334 809 arrogantem
2361 758 2424 795 ac
2447 741 2748 810 superbum
2790 744 3131 813 praeferebat,
3167 751 3261 804 sed
3294 766 3414 804 ser-

1829 848 1917 885 mo
1944 830 2020 884 illi
2048 832 2205 885 melle
2229 832 2445 887 dulcior
2489 851 2553 889 ex
2583 850 2677 890 ore
2700 836 2959 891 stillabat.
2992 839 3168 895 Firma
3205 843 3415 897 indoles

1829 937 1891 976 ac
1922 933 2219 987 constans;
2283 940 2479 979 sensus
2514 928 2683 983 animi
2726 930 3010 986 modestus
3054 946 3118 985 ac
3170 933 3412 987 humilis.

1828 1012 1985 1068 Hune
2017 1014 2198 1083 itaque
2229 1015 2409 1068 virum
2449 1017 2709 1088 inclytum
2756 1021 3054 1091 imperator
3087 1038 3192 1078 una
3229 1040 3415 1079 secum

1830 1106 2093 1161 continuo
2119 1105 2373 1168 habebat,
2406 1107 2473 1161 ad
2504 1110 2662 1179 cujus
2693 1128 2943 1168 normam
2972 1122 3139 1183 atque
3173 1117 3417 1190 regulam

1830 1197 1956 1250 vitre
1982 1212 2093 1250 suae
2143 1197 2384 1253 rationes
2417 1213 2795 1270 componeret.
2838 1206 3091 1261 Monebat
3121 1208 3212 1262 ille
3246 1209 3421 1263 serio-

1831 1303 1941 1357 que
1998 1290 2324 1344 hortabatur
2371 1302 2432 1347 ut
2480 1293 2783 1349 liberorum
2834 1312 3024 1351 curam
3071 1310 3274 1369 ageret,
3319 1317 3420 1356 nec

1833 1381 2269 1449 indisciplinatos
2304 1384 2372 1438 ad
2405 1386 2710 1455 nequitiam
2745 1387 3027 1443 declinare
3091 1392 3319 1453 sineret.
3348 1410 3418 1448 ne

1832 1473 1976 1527 idem
2006 1483 2170 1543 atque
2206 1475 2325 1529 Heli
2359 1477 2437 1531 illi
2465 1479 2763 1545 accideret,
2786 1497 2850 1536 ac
2879 1482 3182 1537 liberorum
3207 1484 3422 1553 piacula

1832 1569 1949 1637 ipse
1980 1569 2192 1634 lueret;
2224 1570 2372 1637 quod
2394 1580 2451 1625 et
2486 1573 2558 1625 ita
2591 1574 2811 1629 accidit.

1910 1658 1998 1711 59.
2035 1658 2190 1723 Quod
2220 1674 2350 1714 vero
2372 1660 2497 1713 aula
2520 1661 2793 1731 dejectum
2821 1664 2982 1717 liberi
3016 1665 3068 1718 in
3090 1665 3307 1719 Protem
3341 1681 3426 1718 m-

1832 1750 2005 1803 sulam
2031 1750 2430 1818 rclegaverant,
2462 1751 2611 1807 hunc
2644 1768 2837 1808 rursus
2871 1755 3239 1809 calamitatem
3283 1756 3426 1810 sola-

144 1835 339 1889 τοῦτον
368 1832 481 1905 εἶχε
510 1835 621 1889 τῶν
648 1834 942 1903 συμφορῶν
974 1833 1322 1904 παραμύθιον
1352 1834 1446 1887 καὶ
1470 1834 1578 1887 τῶν
1613 1832 1725 1886 θλί-

1839 1840 1971 1894 tium
2000 1855 2062 1894 ac
2082 1856 2453 1896 mrumnarum
2487 1846 2981 1914 angustiarumque
3014 1846 3138 1901 lene
3170 1847 3422 1901 levamen

143 1934 295 2003 ψεων
326 1934 665 1987 ἀκεσώδυνον
696 1934 1007 2003 φάρμακον.
1040 1926 1109 2003 ᾯ
1140 1932 1305 2001 συνῆν
1350 1934 1471 1985 τότε
1507 1932 1599 1984 καὶ
1626 1933 1729 1984 [Iov

142 2025 407 2089 λύευκτος
444 2026 674 2095 μοναχδς
702 2024 1119 2087 εὐλαϐέστατος,
1153 2026 1246 2077 καὶ
1268 2024 1429 2087 αὐτὸς
1453 2025 1520 2077 τὰ
1545 2024 1729 2076 εἰκότα

146 2116 670 2187 παραμυθούμενος
711 2118 768 2179 ὃς
808 2117 904 2169 τοῦ
960 2118 1300 2186 πατριάρχου
1347 2116 1728 2184 Θεοιρυλάκτου

143 2209 577 2278 τελευτήσαντος
617 2209 965 2283 πατριάρχης
996 2209 1089 2261 ἐπὶ
1120 2208 1215 2260 τοῦ
1248 2207 1513 2277 βασιλέως
1573 2209 1731 2260 Κων-

147 2303 436 2356 σταντὶνου
468 2305 876 2375 προχειρίζεται
905 2305 1318 2357 Κωνσταντινου
1329 2304 1553 2367 πόλεως.

222 2483 291 2547 ξ’.
341 2482 494 2537 Ἐπεὶ
535 2485 591 2539 δὲ
646 2484 860 2548 πολλοῖς
891 2487 1113 2557 τρόποις
1137 2486 1383 2557 βούλεται
1417 2487 1446 2538 ὁ
1474 2484 1604 2548 Θεὸς
1631 2484 1735 2537 σώ-

147 2574 271 2637 ζειν
292 2575 388 2629 τὸν
412 2577 714 2644 ἄνθρωπον,
740 2579 1083 2650 συνεχώρησε
1114 2578 1206 2631 καὶ
1228 2578 1317 2631 τὸν
1335 2577 1557 2648 βασιλέα
1601 2578 1735 2630 Ῥω-

150 2667 330 2737 μανὺν
355 2669 604 2741 ἀδοκήτῳ
648 2675 968 2741 περιπεσεῖν
1001 2672 1278 2741 συμφορᾷ,
1332 2671 1419 2723 ἵνα
1467 2670 1534 2723 δι’
1566 2669 1737 2738 αὐτῆς

150 2762 553 2831 σωφρονισθείς
581 2765 677 2815 καὶ
698 2764 805 2816 τῶν
833 2765 1051 2817 οἰκείων
1080 2766 1138 2816 ὲν
1176 2763 1527 2831 συναισθήσει
1559 2779 1737 2832 παρα-

152 2854 474 2921 πτωμάτων
506 2855 794 2925 γενόμενος
823 2856 1100 2926 σωτηρίας
1126 2854 1355 2926 ἀξιωθῇ.
1387 2852 1738 2925 Συνεχώρησε

148 2942 267 3012 γὰρ
321 2944 695 3013 ὲπαναστῆναι
743 2945 891 3014 αὐτῷ
924 2945 1015 2997 τὸν
1069 2945 1181 2997 υἱὸν
1219 2945 1385 2997 αὐτοῦ
1448 2943 1734 3013 Στέφανον,

148 3036 348 3106 ὥσπερ
380 3036 510 3089 ποτὲ
577 3036 881 3091 ’Ᾱόεσαλὼν
919 3036 1192 3106 ἐπανέστη
1242 3035 1320 3106 τῷ
1354 3037 1538 3105 οἰκείῳ
1576 3036 1740 3105 πατρὶ

146 3126 233 3196 τῷ
264 3127 453 3181 Δασίδ.
484 3128 817 3199 Συμόούλοις
845 3125 940 3183 οὖν
966 3122 1121 3193 οὗτος
1153 3129 1289 3198 πρὸς
1333 3128 1491 3181 τοῦτο
1536 3128 1740 3198 χρησά-

1833 1932 2085 1986 habebat.
2106 1932 2309 1987 Aderat
2330 1934 2493 1987 etiam
2513 1937 2718 2004 pariter
2734 1938 3061 2008 Polyeuctus
3082 1939 3426 1994 reverendis-

1832 2022 2007 2075 simus
2058 2022 2386 2087 monachus,
2415 2023 2508 2093 qui
2542 2025 2658 2093 ipse
2704 2028 2933 2095 perinde
2967 2045 3031 2083 ac
3067 2046 3231 2098 quem
3279 2030 3428 2085 dice-

1835 2115 1981 2176 bam,
2015 2113 2261 2182 Sergius,
2308 2114 2523 2171 adversi
2548 2132 2708 2172 casus
2739 2121 3046 2174 molestiam
3095 2123 3430 2177 convenien-

1836 2212 1919 2257 ter
1976 2213 2214 2273 apteque
2272 2205 2534 2261 leniebat.
2610 2208 2711 2263 llic
2770 2220 2959 2278 postea
3013 2212 3426 2285 Theophylacto

1837 2294 2093 2350 humanis
2113 2307 2369 2367 exempto
2393 2314 2421 2352 a
2446 2298 2807 2356 Constantino
2836 2303 3167 2373 imperatore
3193 2306 3426 2376 patriar-

1836 2386 1938 2440 cha
1962 2397 2257 2456 provectus
2286 2397 2387 2442 est.

1903 2479 2063 2548 921
2124 2476 2212 2532 60.
2269 2480 2725 2550 Quandoquidem
2783 2494 2965 2539 autem
3038 2486 3180 2541 Deus
3236 2488 3426 2544 multis

1840 2569 2019 2623 modis
2058 2570 2291 2623 salutem
2325 2571 2535 2626 homini
2570 2582 2831 2642 prmstare
2865 2576 3176 2641 constituit,
3221 2578 3425 2633 Roma-

1840 2676 1970 2713 num
2007 2661 2401 2731 imperatorem
2435 2666 2575 2720 citra
2607 2681 2828 2721 omnem
2866 2670 3334 2739 exspectationem
3370 2671 3427 2726 in

1841 2752 2210 2807 calamitatem
2246 2754 2494 2811 incidere
2526 2758 2802 2826 permisit,
2837 2768 2897 2813 ut
2934 2761 2981 2815 is
3011 2760 3102 2815 illa
3129 2762 3428 2833 castigatus

1846 2858 1909 2897 ac
1942 2843 2010 2897 de
2036 2844 2344 2913 superioris
2396 2846 2522 2901 vitae
2555 2847 2775 2903 delictis
2825 2848 3141 2906 admonitus
3193 2853 3424 2908 salutem

1842 2945 2298 3003 consequeretur.
2332 2938 2587 2992 Permisit
2608 2954 2845 3009 namque
2880 2939 3219 3011 Stephanum
3251 2944 3427 3000 lilium

1846 3024 1900 3077 in
1957 3039 2082 3078 eum
2126 3024 2434 3097 insurgere,
2492 3028 2777 3083 uti.o|im
2838 3028 3096 3085 Absalom
3148 3033 3204 3088 in
3260 3035 3424 3090 Davi-

1846 3114 1971 3169 dem
2057 3124 2273 3186 patrem
2347 3133 2530 3173 suum.
2586 3120 2811 3175 Mariani
2862 3121 3048 3191 itaque
3099 3127 3427 3182 exmonachi

152 3236 324 3287 μενος
352 3218 431 3290 τῷ
453 3236 514 3273 τε
543 3197 655 3274 ἀπὸ
681 3221 931 3291 μοναχῶν
952 3197 1218 3292 Μαριανῷ
1243 3220 1337 3274 καὶ
1361 3218 1626 3289 Βασιλείῳ
1663 3219 1736 3288 τῷ

1844 3209 2045 3278 Argiri,
2108 3211 2404 3281 Basiliique
2456 3214 2887 3283 protospatharii
2938 3216 3246 3285 Petinacis,
3293 3236 3428 3275 nec-

151 3309 645 3381 πρωτοσπαθαρίῳ
697 3310 776 3381 τῷ
838 3312 1141 3384 Πετεινάκῃ
1210 3312 1302 3363 καὶ
1354 3308 1610 3379 Μανουὴλ
1668 3309 1743 3379 τῷ

149 3402 470 3472 Κουρτέκῃ,
500 3402 816 3457 συνειδότων
840 3403 988 3474 αὑτῷ
1005 3404 1099 3456 καὶ
1127 3402 1234 3456 τῶν
1258 3402 1432 3455 ἄλλων
1458 3402 1740 3472 βασιλέων,

145 3493 350 3547 τοῦτον
412 3494 507 3548 τοῦ
564 3496 830 3549 παλατίου
884 3497 1071 3558 κακῶς
1128 3498 1407 3565 κατήγαγε
1441 3499 1536 3549 καὶ
1574 3498 1630 3548 ὲν
1679 3499 1741 3567 τῇ

150 3587 363 3660 Πρώτη
401 3588 551 3658 νήσῳ
580 3587 828 3659 ὲξορίσας
849 3590 1031 3659 ἔκειρε
1060 3589 1306 3659 μοναχόν.

227 3676 305 3729 α’.
348 3672 679 3747 ’Υπελείφθη
728 3677 821 3731 οὖν
873 3680 1231 3749 αὐτοκράτωρ
1284 3680 1688 3741 Κωνσταντίνος
1717 3679 1745 3729 ό

148 3769 355 3822 τούτου
382 3770 630 3840 γαμϐρός
649 3786 664 3800 ο
685 3770 744 3833 ὃς
770 3772 1086 3841 παραυτίκα
1110 3770 1320 3840 Βάρδαν
1348 3770 1439 3823 τὸν
1460 3770 1553 3822 τοῦ
1583 3773 1747 3825 Φωκᾶ

150 3864 222 3931 τῇ
249 3860 347 3913 τοῦ
384 3861 686 3932 μαγίστρου
726 3862 855 3931 ἀξίᾳ
913 3862 1182 3931 τιμήσας,
1235 3860 1411 3930 χρόνῳ
1441 3860 1621 3930 πολλῷ
1648 3860 1745 3932 τὴν

152 3957 216 4005 ἐν
252 3952 516 4022 πολέμοις
548 3954 912 4023 ἀνδραγαθίαν
948 3953 1379 4023 ἐπιδειξάμενον,
1427 3954 1747 4024 δομέστικον

150 4048 271 4099 τὼ)
302 4048 510 4117 σχολῶν
539 4047 965 4119 προχειρίζεται,
992 4043 1109 4101 εἶτα
1129 4047 1430 4113 Βασίλειον,
1454 4043 1497 4116 ᾧ
1520 4049 1748 4121 ἐπίκλην

155 4141 528 4212 Πετεινάκης,
553 4141 842 4209 πατρίκιον
884 4142 978 4195 καὶ
1008 4142 1181 4209 μέγαν
1215 4142 1622 4211 ἑταιρειάρχην.
1658 4143 1748 4213 Τῷ

153 4233 215 4286 δὲ
250 4233 349 4286 τοῦ
384 4220 570 4301 γένους
600 4233 708 4286 τῶν
747 4233 1028 4304 Ἀργυρῶν
1078 4233 1345 4304 Μαριανῷ
1380 4232 1449 4286 τὰ
1481 4234 1749 4304 μοναχικά

154 4327 445 4390 ἀποδύσας
474 4327 764 4396 πατρίκιον
786 4327 882 4380 καὶ
902 4327 1119 4397 κόμητα
1147 4326 1241 4380 τοῦ
1267 4327 1499 4380 στάθλου
1520 4329 1752 4399 πεποίη-

156 4437 287 4483 κεν,
308 4419 569 4483 ὡσαύτως
598 4420 692 4473 καὶ
715 4420 973 4493 Μανουὴλ
1001 4420 1090 4473 τὸν
1118 4419 1412 4489 λεγόμενον
1442 4422 1751 4493 Κουρτίκην

1844 3317 1954 3356 non
2004 3303 2270 3357 Manuelis
2320 3303 2561 3359 Curticis
2624 3306 2869 3362 consiliis
2921 3308 3146 3375 abusus,
3193 3313 3431 3368 consciis

1844 3395 2009 3446 etiam
2028 3393 2260 3463 reliquis
2278 3395 2729 3464 imperatoribus,
2755 3406 2970 3466 patrem
3000 3402 3122 3456 aula
3141 3418 3426 3473 perperam

1845 3481 2181 3549 deturbavit,
2212 3484 2381 3553 inque
2415 3486 2576 3541 Prote
2617 3486 2797 3542 insula
2829 3489 3131 3561 relegatum
3169 3496 3427 3550 monachi

1847 3572 1953 3627 ritu
1989 3573 2261 3628 detondit.

1920 3665 1969 3718 l.
2005 3664 2401 3721 Constantinus
2431 3668 2617 3737 itaque
2654 3669 2885 3727 Romani
2933 3689 3101 3743 gener
3131 3674 3431 3746 imperator

1848 3755 2074 3811 relictus
2098 3765 2203 3811 est.
2238 3759 2587 3816 lsconfestim
2618 3761 2851 3817 Bardam
2882 3765 3079 3820 Phoca':
3111 3766 3283 3821 lilium
3314 3784 3430 3823 ma-

1848 3848 1998 3918 gistri
2026 3849 2292 3919 dignitate
2321 3859 2566 3918 auctum,
2608 3854 2813 3924 quippe
2855 3856 3005 3926 longi
3041 3860 3310 3928 temporis
3332 3875 3428 3914 ex-

1849 3940 2122 4009 perientia
2177 3941 2390 3997 bellicis
2434 3943 2774 4001 facinoribus
2822 3947 2969 4002 clara
3013 3950 3223 4018 sapius
3268 3951 3433 4007 laude

1848 4030 2097 4085 functum
2149 4040 2313 4101 atque
2367 4033 2681 4102 probatum,
2738 4036 3015 4107 legionum
3067 4039 3433 4095 domesticum

1849 4121 2113 4191 praefecit.
2166 4123 2304 4177 Tum
2353 4125 2633 4191 Basilium,
2667 4128 2755 4182 cui
2788 4144 3090 4199 cognomen
3122 4131 3430 4199 Petinaees,

1849 4215 2141 4283 patricium
2169 4226 2320 4270 creat
2362 4232 2426 4271 ac
2457 4234 2712 4289 magnum
2758 4221 3193 4278 hetaeriarcham.
3235 4225 3435 4281 Maria-

1850 4321 1982 4360 num
2016 4306 2355 4377 Argyrorum
2413 4309 2586 4380 stirpe
2644 4320 2848 4378 satum,
2896 4314 3147 4369 detracto
3178 4319 3435 4373 monachi

1852 4397 2044 4452 habitu
2089 4398 2309 4467 patricii
2341 4400 2660 4456 decoratum
2693 4402 2901 4469 infulis,
2935 4407 3197 4462 comitem
3230 4409 3436 4464 stabuli

78 4548 93 4556 ι
158 4513 462 4584 πατρίκιον
510 4513 604 4565 καὶ
659 4492 1022 4582 δρουγγάριον
1079 4512 1179 4581 τῆς
1241 4512 1466 4585 βίγλης·
1502 4514 1736 4578 οὕστινας

1855 4492 2002 4548 facit.
2030 4494 2296 4549 Similiter
2324 4510 2544 4566 quoque
2574 4497 2880 4552 Manuelem
2922 4499 3133 4553 dictum
3154 4499 3436 4556 Curticem

158 4608 321 4677 τρεῖς
342 4606 403 4657 οὐ
441 4605 578 4674 μετά
610 4604 776 4657 πολὺν
824 4606 1016 4675 χρόνον
1042 4608 1073 4675 ἡ
1120 4604 1214 4657 τοῦ
1241 4604 1376 4658 Θεοῦ
1408 4606 1593 4660 δικαία
1627 4607 1750 4675 κρί-

1856 4586 2148 4655 patricium
2194 4596 2251 4641 et
2295 4589 2655 4643 excubiarum
2702 4590 3091 4661 drungarium;
3140 4609 3281 4663 quos
3326 4602 3439 4649 tres

162 4714 282 4760 σις,
322 4695 408 4767 [Ρ.
438 4694 567 4765 595]
594 4694 671 4757 ὼς
695 4695 775 4757 είς
804 4692 1039 4761 Χριστὸν
1071 4690 1277 4763 Κυρίου
1313 4694 1736 4764 παροινήσαντα(

1856 4679 2025 4743 viros,
2056 4678 2215 4734 brevi
2245 4678 2535 4751 interjecto
2588 4689 2857 4751 tempore,
2884 4685 3031 4754 justa
3062 4684 3158 4739 Dei
3189 4685 3325 4739 ultio
3356 4686 3441 4740 in-

165 4791 268 4843 καὶ
290 4788 485 4857 χεῖρας
505 4785 709 4849 ἀδίκως
730 4785 1114 4851 ἐπιϐαλόντας,
1136 4787 1235 4854 τῆς
1260 4783 1540 4853 βασιλείας
1563 4785 1736 4854 ὀρεγοι

1859 4780 2047 4826 secuta
2070 4780 2174 4835 est,
2225 4771 2373 4841 quod
2406 4772 2464 4825 in
2513 4772 2819 4828 Christum
2850 4774 3060 4829 domini
3112 4775 3437 4833 debacchati

168 4881 374 4951 μένους
395 4918 410 4942 ,
451 4878 715 4948 μετῆλθεν
733 4894 748 4911 ·
781 4878 874 4930 ἐπὶ
894 4876 1221 4930 καθοσιώσει
1250 4877 1357 4946 γάρ
1384 4875 1733 4946 καταληφθὲν

1860 4869 2045 4916 essent
2075 4876 2140 4915 ac
2182 4869 2371 4931 inique
2406 4869 2460 4917 in
2494 4879 2620 4925 eum
2672 4880 2868 4919 manus
2925 4869 3260 4936 iniecissent,
3314 4886 3441 4924 eum

165 4989 265 5034 τες
303 4971 566 5040 ἑκάτερος
591 4969 770 5022 αὐτῶν
810 4970 1065 5038 οἰκτίστῳ
1116 4969 1331 5039 θανάτῳ
1356 4968 1416 5020 τὸ
1450 4967 1550 5038 ζῇν
1582 4966 1725 5039 ἀπέρ

1865 4951 2075 5005 scilicet
2105 4951 2413 5021 imperandi
2454 4952 2627 5008 libido
2664 4969 2760 5010 eos
2784 4956 3117 5012 incessisset.
3144 4958 3443 5031 Majestatis

169 5066 375 5136 ρηξαν.
411 5062 492 5115 Τά
526 5062 585 5115 δὲ
607 5062 739 5133 περὶ
778 5061 956 5115 αὐτῶν
983 5060 1295 5131 πλατύτερά
1323 5077 1383 5113 τε
1413 5060 1509 5113 καὶ
1538 5057 1736 5131 ὲπεξερ

1863 5043 2010 5097 enim
2052 5043 2131 5096 rei
2177 5044 2342 5113 922
2390 5046 2599 5113 peracti
2651 5048 2965 5102 miserando
3008 5065 3238 5118 prorsus
3293 5054 3444 5107 exitu

166 5151 564 5224 γαστικώτερα
617 5153 676 5204 ἐν
727 5154 794 5221 τῇ
832 5151 1220 5223 προηγουμένη
1243 5151 1505 5221 ἐξηγήσει
1532 5149 1736 5221 ὲκθήσο

1866 5136 2061 5189 horum
2095 5136 2332 5205 quilibet
2360 5136 2529 5189 vitam
2561 5137 3061 5195 liniere.C:eterum
3088 5158 3209 5213 quae
3230 5145 3295 5199 ad
3325 5148 3445 5201 illos

175 5264 303 5318 Pu,”
1834 5302 1837 5305 _
1867 5236 2116 5298 spectant
2152 5227 2329 5285 fusius
2354 5229 2753 5299 operosiusquc
2788 5248 3078 5302 exsequar,
3106 5235 3198 5290 ubi
3223 5252 3289 5292 ex
3316 5254 3449 5309 pro-

1869 5322 2014 5377 fesso
2039 5338 2152 5377 rem
2186 5336 2307 5376 sum
2333 5330 2676 5377 narraturus.

254 5421 327 5493 β’.
350 5422 505 5477 Μετά
538 5422 596 5474 δὲ
652 5428 704 5492 μ’
744 5422 976 5492 ἡμέρας,
1022 5425 1091 5493 τῇ
1148 5419 1227 5484 κζ’
1278 5421 1374 5474 τοῦ
1433 5421 1732 5493 Ἰανουαρίο

1938 5415 1992 5467 ‘2.
2032 5415 2163 5468 Post
2212 5412 2333 5468 dies
2378 5414 2759 5485 quadraginta,
2814 5416 3061 5473 Januarii
3121 5424 3324 5476 mensis
3360 5423 3449 5477 die

188 5515 387 5588 μηνὸς,
420 5514 768 5576 ὑποπτεύσας
796 5514 1204 5577 Κωνσταντῖνος
1236 5512 1328 5565 τὸν
1382 5514 1505 5567 τότε
1545 5513 1728 5583 βασιλέ

1873 5507 2108 5577 septimo
2142 5522 2308 5576 supra
2332 5506 2680 5576 vigesimum,
2715 5521 3003 5579 suspectos
3060 5514 3269 5569 habens
3300 5515 3447 5571 Con-

185 5607 468 5675 Στέφανον
507 5604 601 5659 καὶ
628 5606 1038 5659 Κωνσταντῖνον
1090 5605 1181 5659 τὸν
1213 5604 1439 5674 ἀδελφὸν
1495 5604 1662 5657 αὐτοῦ
1697 5623 1735 5674 μ

1875 5600 2155 5656 stantinus
2177 5598 2518 5669 Stephanum
2546 5613 2935 5671 Imperatorem
2962 5606 3190 5675 ejusque
3222 5606 3449 5663 fratrem

188 5716 329 5755 me
358 5699 480 5754 κατ’
503 5698 668 5753 αὐτοῦ
690 5698 758 5752 τά
778 5700 939 5768 ὃμοια
976 5696 1314 5767 πράξωνται,
1352 5699 1446 5751 καὶ
1476 5697 1736 5765 λογισάμε

1874 5689 2315 5755 Contstantinum,
2381 5705 2451 5745 ne
2511 5692 2732 5761 quando
2788 5694 2840 5745 in
2902 5708 2958 5746 sc
3020 5709 3241 5764 quoque
3299 5696 3449 5766 paria

189 5810 309 5859 νος,
330 5793 465 5864 ὅπερ
494 5788 563 5863 ἦν
590 5792 756 5859 εἰκὸς,
791 5794 871 5847 ὅτι
899 5794 944 5845 εί
970 5790 1062 5845 τοῦ
1102 5792 1227 5847 ἰδίου
1266 5792 1469 5863 πατρὸς
1502 5791 1601 5845 οὐκ
1625 5790 1736 5859 ἐρρεὲ

1878 5790 2246 5849 attentarent;
2278 5798 2340 5837 ac
2368 5798 2552 5839 secum
2603 5793 2883 5854 reputans,
2916 5787 3063 5855 quod
3108 5797 3163 5843 et
3186 5804 3283 5859 par
3309 5798 3450 5850 erat.
