4158 6438
749 384 854 447 983

1483 388 1805 448 GEORGII
1843 391 2188 454 MONACHI
2231 393 2422 455 νΙΤιΕ
2476 399 3032 468 RECENTIORUM
3072 409 3276 472 IMPP.

3901 417 4005 481 98$

749 513 846 552 eos
873 497 965 566 qui
992 511 1091 550 nec
1115 497 1251 565 patri
1279 499 1654 568 pepercissent
1679 501 1824 555 haud
1854 501 1958 556 sibi
2003 505 2329 574 parcituros,

2448 529 2617 582 ταντο,
2651 518 2768 581 πῶς
2816 520 2979 574 αὑτοῦ
3012 524 3308 592 φείσονται,
3363 527 3614 590 ἑστιάσας
3645 530 3863 593 αὐτοὺς,
3905 532 4004 600 ἦξε]

752 589 1004 645 convivio
1026 597 1281 658 acceptos
1307 590 1528 658 jamque
1557 605 1758 645 mensae
1777 593 2185 656 accumbentes,
2205 610 2330 648 cum

754 683 934 735 adhuc
965 682 1017 733 in
1045 696 1139 735 ore
1167 681 1323 734 cibus
1340 689 1505 746 esset,
1525 697 1622 751 per
1635 683 1941 748 Tornicios,
1960 700 2099 754 quos
2117 694 2329 750 vocant,

754 783 807 826 ct
838 773 1141 826 Marianum
1177 773 1469 841 patricium
1503 789 1567 827 ac
1600 775 1842 845 reliquos
1872 776 1926 830 in
1969 792 2084 830 rem
2113 787 2333 846 paratos

754 865 970 934 arripit,
1003 866 1235 932 aulaque
1294 865 1537 936 dejectos
1593 865 1647 918 in
1706 867 1902 921 vicinis
1961 867 2084 920 urbi
2136 868 2332 922 insulis

755 956 1082 1009 clericorum
1117 955 1222 1008 ritu
1253 955 1523 1010 detondit.

823 1135 876 1186 5.
948 1133 1098 1186 llaud
1147 1133 1220 1185 ita
1261 1141 1404 1201 post,
1470 1133 1743 1188 invisendi
1800 1134 1974 1202 patris
2037 1137 2331 1205 impetrata

756 1225 933 1286 venia,
965 1225 1016 1278 in
1067 1225 1300 1278 insulam
1351 1226 1568 1278 Protem
1613 1241 1843 1290 venere;
1887 1241 1998 1295 quo
2041 1237 2334 1296 conspecto

754 1315 1006 1368 monachi
1048 1315 1265 1379 habitu,
1325 1316 1658 1369 intolerabili
1705 1317 1857 1370 luctu
1889 1319 2133 1386 correpti
2184 1328 2330 1372 sunt.

753 1407 967 1471 Quibus
998 1407 1589 1477 patcrcollacrymatus
1612 1409 1688 1460 ait
1714 1427 1726 1462 :
1761 1407 1922 1461 Filios
1949 1411 2102 1478 genui
2126 1417 2175 1461 et
2189 1409 2335 1462 exal-

755 1501 881 1562 lavi,
916 1501 1017 1568 ipsi
1053 1514 1173 1552 vero
1216 1508 1522 1568 spreverunt
1564 1517 1666 1554 me.
1727 1501 1819 1553 Sic
1863 1500 2061 1554 deinde
2115 1502 2334 1570 relegati

753 1598 902 1651 sunt,
938 1589 1255 1656 Stephanus
1300 1589 1523 1658 quidem
1582 1592 1636 1644 in
1659 1591 2047 1645 Prwconesum
2077 1608 2088 1649 ;
2123 1605 2150 1643 a
2177 1592 2338 1644 Prm-

752 1696 954 1732 coneso
1007 1681 1263 1734 Rhodum
1337 1682 1763 1745 transtulerunt,
1816 1681 1942 1735 inde
2002 1682 2334 1752 Mitylenem.

750 1773 1174 1826 Constantinum
1207 1787 1338 1826 vero
1392 1773 1695 1836 Tenedum,
1734 1773 1971 1840 indeque
2015 1773 2334 1827 Samothra-

752 1866 926 1927 ciam;
961 1865 1052 1916 ubi
1083 1873 1140 1917 et
1161 1863 1522 1918 rebellionem
1565 1865 1726 1934 923
1775 1866 1998 1919 molitus
2031 1881 2059 1918 a
2095 1863 2336 1918 custodi-
2368 1859 2414 1916 B

754 1957 857 2010 bus
884 1965 1111 2010 necatus
1140 1956 1246 2009 est.
1282 1955 1601 2011 Michaelem
1633 1956 2016 2025 Christophori
2049 1957 2340 2024 imperato-

754 2048 1037 2171 ;isiﬁlium
1075 2047 1338 2102 detractis
1385 2048 1763 2116 imperialibus
1823 2047 2020 2101 calceis
2077 2047 2338 2099 clericum

778 2129 903 2171 coit.

778 2129 903 2173 CCII.

828 2299 882 2353 4.
915 2297 1253 2367 lmperatore
1309 2298 1558 2351 Romano
1611 2297 1666 2349 in
1714 2295 1892 2348 insula
1918 2294 2127 2357 exsule,
2162 2293 2341 2346 Theo-

758 2389 1049 2459 phylactus
1085 2388 1397 2458 patriarcha
1445 2397 1501 2442 et
1558 2387 1922 2456 TheOphanes
1976 2387 2243 2455 patricius
2280 2402 2344 2442 ac

759 2481 1047 2536 accubitor
1071 2481 1366 2536 consilium
1393 2480 1660 2544 inierunt,
1699 2488 1758 2534 ut
1804 2479 2110 2534 Romanum
2157 2479 2210 2532 in
2240 2494 2339 2532 au-

757 2577 862 2630 lam
887 2575 1234 2629 reducerent.
1271 2575 1459 2643 quue
1493 2589 1619 2628 cum
1642 2573 1766 2642 ipso
1794 2573 2197 2627 communicato
2215 2587 2344 2625 con-

756 2669 881 2722 silio
909 2684 972 2723 ac
1007 2669 1060 2722 in
1093 2667 1420 2722 sententiam
1459 2676 1758 2736 pertracto,
1799 2673 2169 2733 opportunum
2205 2671 2342 2717 tem-

759 2777 860 2829 pus
903 2761 1198 2829 captabant
1259 2775 1368 2828 quo
1436 2758 1711 2813 molitioni
1772 2758 1936 2811 linem
1978 2758 2346 2825 imponerent.

766 2852 1117 2920 lleprcliensa
1178 2861 1362 2904 autem
1411 2851 1812 2921 conjuratione,
1847 2849 2152 2918 delatisque
2200 2847 2346 2902 Con-

760 2942 1004 2995 stantino
1037 2941 1377 3011 imperatori,
1415 2941 1508 3010 qui
1545 2943 1667 3011 ejus
1713 2948 1970 2995 auctores
2021 2955 2086 2993 ac
2138 2939 2344 2994 conscii

761 3034 964 3099 forent,
1006 3035 1060 3087 in
1090 3049 1186 3088 eos
1216 3033 1622 3088 animadvertit.
1675 3033 1752 3087 Ac
1785 3032 2174 3102 Theophanem
2221 3031 2346 3101 qui-

761 3127 885 3178 dem
944 3125 1234 3194 patricium
1294 3125 1490 3179 exsilio
1547 3124 1840 3194 relegavit;
1878 3123 2173 3194 Georgium
2215 3139 2348 3178 vero

2436 607 2492 657 ἐν
2513 610 2578 676 τῇ
2604 611 2848 682 τραπέζῃ
2880 613 3295 684 καθεζομένους,
3329 619 3408 671 ἐτι
3441 619 3542 686 τῆς
3565 621 3817 688 βρώσεως
3841 623 4006 686 οὔσης

2435 700 2491 750 ἐν
2517 701 2593 769 τῷ
2623 703 2850 772 στόματι
2882 707 3061 760 αὐτῶν
3081 752 3096 774 ,
3130 711 3455 780 ἀνήρπασαν
3483 714 3704 774 τούτους
3741 717 3792 765 οἵ
3837 732 3894 766 τε
3927 717 4002 765 1;-

2435 792 2655 858 γόμενοι
2687 794 2959 864 Ἰὀρνίκιοι
3007 801 3098 850 καὶ
3128 800 3156 851 6
3185 802 3468 870 πατρίκιος
3525 802 3799 872 Μαριανὸς
3833 805 3929 852 καὶ
3965 804 4008 852 οἱ

2434 882 2610 936 λοιποὶ
2634 885 2682 936 οἱ
2710 887 2844 956 πρὸς
2867 887 3023 942 τοῦτο
3051 891 3462 960 ἡτοιμασμένοι,
3497 894 3590 946 καὶ
3616 893 3711 946 τοῦ
3747 894 4007 946 παλατίο)

2434 976 2838 1041 καταγαγόντες
2903 977 3000 1028 καὶ
3061 980 3118 1029 ἐν
3159 982 3276 1042 ταῖς
3338 978 3763 1050 πλησιαζούσαις
3826 984 4008 1048 νήσοις

2437 1072 2629 1134 αὐτοὺς
2661 1072 3069 1143 περιορὶσαντες
3096 1074 3385 1144 κληρικοῦς
3417 1075 3733 1145 ἁπέκειραν.

2506 1162 2575 1232 γ’.
2606 1165 2739 1218 Μετ’
2767 1165 2943 1233 ὀλίγον
2972 1163 3066 1219 οὖν
3114 1168 3469 1236 αἰτησάμενοι
3521 1169 3610 1221 τὸν
3636 1169 3766 1220 ἴδιον
3797 1169 4011 1238 πατέρα

2439 1255 2739 1310 θεάσασθαι
2769 1260 2826 1310 ὲν
2852 1261 2919 1328 τῇ
2942 1259 3140 1330 Πρώτη
3173 1260 3306 1329 νήσιι
3352 1261 3738 1329 παρεγένοντο,
3767 1261 3862 1314 καὶ
3889 1260 4012 1312 τοῦ.

2437 1363 2528 1398 τον
2580 1348 2637 1399 ἐν
2670 1347 2748 1416 τῷ
2809 1350 3089 1419 μοναχικῷ
3155 1353 3395 1420 σχήματι
3452 1351 3777 1421 θεασάμενοι
3831 1352 4014 1404 πένθει

2440 1440 2846 1508 κατεσχέθησαν
2894 1442 3174 1511 άφορήτῳ.
3232 1438 3326 1506 Οἷς
3376 1444 3798 1514 ἐπιδακρύσαςό
3831 1446 4014 1511 πατὴρ

2440 1531 2572 1600 ἔφη·
2622 1531 2792 1596 Υιοὺς
2855 1532 3162 1602 εγένγησα
3202 1537 3300 1588 καὶ
3341 1536 3579 1603 ῦψωσα,
3635 1536 3804 1589 αὐτοὶ
3851 1534 3920 1588 δέ
3947 1553 4017 1602 με

2440 1624 2765 1690 ἠθέτησαν.
2796 1620 2908 1679 Εἴθ’
2941 1625 3110 1689 οὕτως
3142 1627 3536 1697 ἐξωρίσθησαν,
3568 1631 3596 1681 6
3619 1630 3716 1698 μὲν
3745 1628 4018 1695 Στέφανος

2443 1718 2520 1777 είς
2548 1717 2936 1785 Προικόνησον,
2963 1718 3072 1770 ἀπὸ
3100 1717 3156 1770 δὲ
3186 1718 3550 1788 Προικονήσου
3577 1721 3655 1779 εἰς
3688 1719 3893 1780 Ῥόδον,
3917 1719 4020 1769 ἀπὸ

2441 1808 2495 1859 δὲ
2536 1807 2717 1862 Ῥόδου
2748 1810 2826 1872 είς
2853 1810 3194 1879 Μιτυλήνην,
3238 1811 3266 1862 6
3286 1811 3343 1863 δὲ
3374 1812 3781 1873 Κωνσταντῖνος
3806 1814 3884 1872 εἰς
3920 1810 4019 1860 Τέ-

2443 1903 2610 1967 νεδον,
2664 1903 2874 1956 ἐκεῖθεν
2914 1905 2991 1965 εἰς
3026 1904 3412 1976 Σαμοθρᾴκην,
3447 1907 3504 1958 ἐν
3585 1907 3680 1958 καὶ
3721 1904 4023 1972 άνταρσίαν

2445 1995 2747 2066 μελετήσας
2797 1996 2949 2067 παρὰ
2997 1996 3105 2049 τῶν
3135 1998 3296 2049 αὑτὸν
3353 1998 3732 2064 φυλασσόντων
3783 1997 4021 2064 ἐσφάγη.

2442 2088 2660 2156 Μιχαὴλ
2692 2088 2749 2140 δὲ
2797 2088 2888 2141 τὸν
2937 2088 3030 2142 τοῦ
3066 2089 3440 2159 Χριστοφόρου
3501 2090 3614 2141 υἱὸν
3642 2089 3710 2142 τὰ
3764 2087 4023 2156 βασιλικά

2444 2178 2634 2232 πέδιλα
2658 2180 2991 2248 ἀφελόμενος
3018 2179 3279 2251 κληρικὸν
3310 2180 3630 2250 πεποίηκεν.

2511 2270 2572 2325 δ’.
2608 2273 2798 2334 Ὀντος
2821 2273 2878 2324 δέ
2904 2271 3001 2325 τοῦ
3049 2271 3317 2342 βασιλέως
3358 2272 3641 2342 Ῥωμανοῦ
3671 2273 3728 2324 ἐν
3760 2275 3828 2340 τῇ
3855 2272 4025 2340 νήσῳ,

2443 2365 2471 2416 ὀ
2495 2365 2842 2434 πατριάρχης
2870 2365 3246 2433 Θεοφύλακτος
3269 2364 3362 2418 καὶ
3390 2365 3667 2432 Θεοφάνης
3693 2366 3720 2416 6
3740 2364 4030 2434 πατρίκιος

2445 2457 2538 2509 καὶ
2573 2456 3069 2526 παρακοιμώμενος
3099 2455 3292 2526 βουλὴν
3324 2455 3718 2509 ἐϐουλεύσαντο
3742 2455 3886 2507 ὥστε
3923 2456 4028 2506 πά-

2445 2549 2527 2602 λιν
2550 2551 2609 2602 ἐν
2647 2549 2724 2618 τῷ
2777 2549 3025 2620 παλατίῳ
3076 2549 3264 2602 τοῦτον
3315 2552 3580 2618 ἀγαγεῖν·
3615 2552 3680 2618 ἣν
3728 2551 3824 2602 καὶ
3884 2549 4033 2617 αὐτῷ

2447 2643 3014 2713 ἁνακοινωνησάμενοι
3043 2644 3138 2697 καὶ
3162 2643 3604 2714 παραπείσαντες
3633 2641 3845 2703 τοῦτον,
3881 2643 4034 2693 ἐκαι-

2449 2735 2752 2804 ροσκόπουν
2805 2736 2935 2788 πότε
2990 2735 3164 2804 πέρας
3203 2738 3270 2806 τῇ
3298 2734 3522 2806 τοιαύτῃ
3547 2734 3710 2805 βουλῇ
3741 2734 4030 2786 ἐπιθῶσιν.

2461 2827 2613 2879 Ἐπεὶ
2643 2827 2699 2878 δὲ
2728 2827 2797 2880 τὰ
2839 2829 2939 2896 τῆς
2998 2828 3196 2898 βουλῆς
3226 2828 3486 2899 ἐφωράθη
3539 2830 3631 2883 καὶ
3673 2828 4036 2898 κατεμηνύθη

2450 2921 2848 2991 Κωνσταντίνῳ
2891 2921 3130 2991 βασιλεῖ,
3178 2924 3305 2984 τοὺς
3334 2923 3629 2992 συνεργοὺς
3651 2922 3862 2990 ταύτης
3891 2923 4038 2989 ἠμύ-

2449 3028 2598 3064 νετο·
2654 3013 2744 3065 τὸν
2807 3013 2904 3081 μὲν
2939 3013 3046 3080 γὰρ
3093 3013 3386 3082 πατρίκιον
3430 3013 3712 3081 Θεοφάνην
3745 3014 4036 3082 ἐξώρισεν,

2451 3105 2541 3177 τὸν
2567 3105 2624 3156 δὲ
2653 3104 3146 3175 πρωτοσπαθάριον
3177 3106 3271 3158 καὶ
3303 3106 3608 3175 πιγκέρνην
3638 3105 3922 3175 Γεώργιον
3949 3108 4038 3156 καί

764 3217 1270 3286 protospatharium
1296 3232 1361 3270 ac
1404 3217 1747 3285 pincernam,
1791 3230 1892 3270 nec
1925 3231 2035 3270 non
2085 3216 2346 3270 Thomam

2453 3198 2655 3267 Θωμᾶν
2685 3198 3044 3268 πριμικήριον
3068 3197 3251 3268 δείρας
3285 3199 3380 3251 καὶ
3408 3198 3712 3268 κουρεύσας
3743 3200 3840 3250 καὶ
3876 3199 4041 3266 μέσον

765 3309 1139 3376 primicerium
1188 3309 1515 3363 verberibus
1559 3309 1820 3363 subactos
1869 3308 2240 3378 detonsosque
2289 3323 2352 3362 ac

765 3418 860 3470 per
910 3402 1146 3454 mediam
1191 3401 1384 3454 urbem
1426 3416 1624 3470 pompa
1655 3400 1954 3465 traductos,
1994 3401 2069 3456 ita
2101 3401 2154 3455 in
2205 3402 2352 3456 exsi-

762 3495 898 3546 lium
932 3494 1101 3547 misit.

841 3587 892 3639 5.
934 3587 1116 3640 Mense
1169 3585 1483 3649 Decembri,
1534 3585 1836 3640 indictione
1891 3595 2066 3648 sexta,
2126 3585 2349 3654 quidam

765 3679 992 3731 insidias
1024 3678 1198 3731 moliti
1232 3689 1359 3732 sunt
1393 3679 1656 3732 adversus
1674 3677 2097 3732 Constantinum
2122 3677 2356 3746 impera-

767 3780 964 3831 torem,
997 3768 1100 3821 hoc
1136 3769 1372 3821 consilio
1401 3776 1455 3820 ut
1483 3766 1826 3836 Stephanum
1853 3767 2246 3835 imperatorem
2288 3781 2355 3820 ex

768 3859 968 3927 insula,
999 3859 1092 3911 ubi
1124 3857 1339 3927 agebat,
1380 3857 1433 3910 in
1468 3857 1731 3926 palatium
1777 3855 2134 3912 reducerent.
2168 3856 2357 3910 Delata

762 3951 1124 4004 Constantino
1187 3950 1567 4020 conjuratione
1621 3965 1718 4018 per
1770 3947 2110 4012 Michaelem,
2193 3963 2356 4016 quem

765 4043 1108 4097 lliabolinum
1147 4051 1364 4104 vocant,
1407 4045 1583 4111 captis
1616 4040 1915 4110 imperator
1962 4038 2056 4108 qui
2085 4040 2359 4108 conjurati

764 4144 970 4198 essent,
1001 4135 1124 4188 aliis
1172 4151 1331 4188 nares
1357 4148 1631 4202 auresque
1659 4131 1962 4202 priescidit,
2003 4129 2142 4182 alios
2165 4129 2361 4182 intole.

767 4227 937 4280 rando
964 4227 1255 4281 verberum
1284 4227 1535 4280 cruciatu
1560 4225 1922 4285 exanimatos,
1949 4221 2227 4290 asinisque
2255 4220 2358 4272 im-

766 4323 977 4391 positos
1025 4337 1088 4376 ac
1125 4338 1222 4391 per
1263 4321 1501 4374 mediam
1536 4320 1730 4373 urbem
1765 4315 2128 4387 ignominiose
2165 4315 2354 4369 tradu-

766 4425 889 4468 ctos
916 4414 1110 4466 exsilio
1154 4413 1437 4482 relegavit.

837 4504 1004 4574 925
1028 4505 1079 4558 9.
1109 4504 1308 4569 Quinta
1353 4503 1566 4557 decima
1611 4502 1742 4556 Julii
1779 4502 2003 4563 mensis,
2059 4499 2358 4553 indictione

769 4605 944 4660 sexta,
977 4595 1209 4648 moritur
1233 4596 1516 4649 Romanus
1547 4593 1868 4662 imperator,
1900 4592 1953 4644 in
1979 4590 2157 4645 insula
2190 4604 2355 4658 quam

773 4689 991 4742 l‘rotem
1045 4699 1261 4742 vocant.
1305 4687 1437 4757 Ejus
1485 4685 1722 4740 cadaver
1759 4686 1813 4738 in
1865 4683 2060 4738 urbem
2097 4682 2352 4743 relatum,

774 4783 828 4836 in
857 4782 1001 4836 illius
1028 4781 1337 4850 depositum
1356 4778 1694 4834 monasterio
1721 4789 1823 4833 est.

2451 3290 2554 3358 τῆς
2577 3288 2781 3350 πόλεως
2799 3287 3174 3357 θριαμϐεύσας
3197 3287 3370 3350 οὕτως
3389 3289 3658 3360 ὑπερορίᾳ
3681 3291 4038 3357 παρέπεμιξξ.

2525 3380 2586 3435 ε’.
2623 3382 2941 3452 Δεκεμϐρίῳ
2973 3381 3030 3434 δὲ
3077 3383 3230 3453 μηνὶ,
3264 3381 3594 3443 ίνδικτιῶνος
3630 3380 3706 3444 ς’,
3744 3383 4042 3448 ἐπιϐσυλήν

2455 3493 2599 3538 τινες
2628 3475 2770 3527 κατὰ
2800 3475 2895 3528 τοῦ
2932 3475 3198 3545 βασιλέως
3231 3477 3642 3530 Κωνσταντίνου
3674 3476 4039 3546 ἐμελέτησαν,

2461 3570 2772 3639 βουλόμενοι
2803 3570 2894 3623 τὸν
2929 3570 3158 3639 βασιλέα
3188 3571 3461 3638 Στέφανον
3498 3572 3556 3622 ἐν
3585 3570 3663 3639 τῷ
3697 3571 3953 3640 παλατίῳ
3983 3573 4044 3620 ἐκ

2457 3663 2556 3733 τῆς
2582 3664 2745 3731 νήσου
2774 3665 3023 3729 ἀγαγεῖν.
3053 3662 3137 3734 [Ρ.
3167 3661 3292 3732 594]
3323 3663 3536 3731 Ταύτης
3580 3659 3677 3715 οὖν
3709 3663 4044 3731 μηνυθείπς

2458 3755 2557 3823 τῆς
2579 3754 2873 3824 ἐπιϐουλῆς
2919 3755 3315 3824 Κωνσταντίνῳ
3360 3755 3450 3807 διὰ
3475 3755 3699 3824 Μιχαὴλ
3727 3754 3825 3805 τοῦ
3855 3754 4038 3805 Διαϐα-

2460 3852 2604 3903 λίνου
2633 3848 2947 3918 λεγομένου,
2975 3850 3100 3911 τοὺς
3146 3848 3467 3910 ἐπιϐούλους
3506 3849 3795 3917 κρατήσας
3830 3851 3858 3899 ὁ
3893 3848 4043 3915 βασι-

2461 3943 2586 4005 λεὺς
2611 3941 2721 3993 τῶν
2753 3940 2854 4011 μὲν
2877 3940 2974 4002 τὰς
3005 3943 3157 4010 ῥῖνας
3192 3944 3286 3992 καὶ
3310 3941 3380 3993 τὰ
3429 3934 3543 3993 ὦτα
3594 3940 3893 4008 ἀπέτεμεν,
3927 3943 4046 3999 τοίς

2461 4037 2517 4090 δὲ
2551 4035 2743 4104 δαρμῷ
2799 4034 3060 4103 ἀφορήτῳ
3099 4033 3360 4097 ὑπέϐαλε,
3407 4033 3503 4086 καὶ
3549 4035 3694 4090 ὄνοις
3717 4034 4046 4092 ἐπικαθίσας

2462 4128 2550 4185 διὰ
2588 4127 2758 4197 μέσης
2787 4126 2886 4193 τῆς
2917 4125 3124 4184 πόλεως
3157 4123 3528 4194 ἐθριάμϐευσε
3559 4124 3655 4176 καὶ
3685 4125 3877 4193 ὲξορίᾳ
3909 4142 4044 4192 παρ-

2465 4224 2562 4276 ἐπε
2571 4224 2674 4292 μψε
2686 4263 2697 4274 .

2541 4501 2614 4563 ς’.
2649 4498 3114 4566 Πεντεκαιδεκάτῃ
3161 4497 3364 4566 Ἰουλίῳ
3402 4496 3562 4565 μηνὶ,
3599 4493 3942 4553 ίνδικτιῶνος
3977 4497 4046 4555 ς¹η

2475 4591 2757 4660 Ῥωμανὺς
2802 4593 2830 4642 ὁ
2877 4589 3130 4658 βασιλεὺς
3164 4591 3222 4641 ἐν
3253 4592 3318 4656 τῇ
3367 4587 3565 4655 Πρώτη
3593 4587 3748 4653 νήσῳ
3777 4585 4009 4654 τελευτᾷ
4034 4598 4048 4610 ”

2468 4683 2564 4735 καὶ
2608 4681 2669 4733 τὸ
2699 4681 2860 4750 σῶμα
2888 4680 3055 4734 αὑτοῦ
3084 4682 3141 4732 ἐν
3187 4682 3251 4748 τῇ
3284 4679 3439 4732 πόλει
3487 4677 3846 4745 διακομισθὲν
3901 4679 3960 4729 ἐν
3989 4680 4050 4742 τῇ

2468 4773 2635 4828 αὑτοῦ
2671 4774 2913 4844 ἁπετέθη
2951 4777 3106 4844 μονῇ.

1177 5065 1314 5123 Huc
1353 5081 1544 5139 usque
1600 5061 1918 5120 l-‘rancisci
1963 5057 2317 5135 Combeﬁsii
2355 5057 2551 5117 editio
2584 5057 2978 5133 Scriptorum
3020 5063 3159 5131 post
3207 5049 3666 5127 Theophanen.
