4146 6436
755 366 861 430 987
1970 373 2357 437 JOSEPHUS
2403 373 2805 435 GENESIUS.
3916 375 4019 435 988

1723 480 1961 551 Λῴστων
1985 482 2132 552 ἀνὴρ
2168 482 2411 552 ἄριστος,
2442 484 2518 544 ὡς
2546 483 2658 548 ἐγὼ
2688 481 2877 552 κρίνω,

1712 551 1989 623 [εωργίου
2022 569 2106 618 τε,
2131 551 2297 623 φημὶ,
2318 554 2427 623 καὶ
2458 551 2764 623 θεοφᾴνρυέ

1717 619 1845 693 Icilii
1873 619 2283 693 χρονογράφων,
2308 622 2337 674 ὃ
2375 639 2447 693 τεΔ
2470 623 2528 693 δὲ
2543 621 2638 675 τοῦ
2664 619 2942 693 βεσλρυσ)
2974 621 3162 692 Πατὴρ

1721 690 1976 762 Ἰωάννης
2002 690 2101 762 eoi,
2117 690 2344 762 τὰύτης,
2370 690 2768 762 φιλοδαιμόνων
2795 692 2871 762 (9)

1732 760 1790 851 :0
1820 760 1939 814 τῶν
1971 761 2250 851 πρρέδρων
2276 760 2511 851 apthas,
2537 761 2675 851 sane
2702 761 2798 851 ita}
2827 760 2995 851 θύῆης

1710 830 2154 902 Διοκαισαρείας,
2182 830 2283 899 τῆς
2316 830 2660 900 Ἀναζὰρὸης
2692 830 2859 884 πάλαι
2892 831 2990 902 (Ii).

1808 943 1870 997 In
1897 942 2106 1011 Optimis
2145 951 2224 1012 est
2248 942 2496 1011 Optimus,
2540 958 2621 994 me
2644 942 2827 1012 judice

1802 1013 2104 1082 (Georgium
2140 1011 2612 1081 TheOphanemque
2633 1011 2870 1082 intelligo

1818 1081 2281 1153 Chronographos)
2330 1084 2605 1153 praesentis
2649 1081 2833 1135 auctor
2862 1090 2910 1136 et
2952 1092 3104 1153 pater

1815 1153 1958 1205 Libri
1995 1151 2618 1221 Joannes,diligentium
2650 1154 2815 1205 Deum

1806 1222 1927 1294 Flos
1958 1222 2049 1274 ille
2078 1224 2282 1294 primus
2316 1222 2606 1294 praemium
2637 1231 2795 1292 atque
2823 1225 3094 1294 episcopus

1802 1293 2169 1355 Diocazsareae,
2197 1293 2349 1345 dictte
2367 1291 2666 1347 Anazarba:
2687 1291 2865 1347 antea.

826 1401 933 1456 Pro
960 1402 1187 1457 λοεσθων
1218 1402 1285 1474 (i)
1318 1403 1517 1474 scripsi
1536 1403 1761 1475 λῴστων
1787 1414 1844 1461 et
1866 1406 1921 1459 in
1947 1413 2151 1474 quarto
2179 1419 2343 1458 versu
2385 1418 2463 1471 pri

2385 1418 2487 1471 pro
2519 1405 2674 1473 φίλου
2704 1405 2979 1477 δαιμόνων
3026 1405 3114 1462 vel
3157 1404 3400 1460 Eduardi
3461 1403 3727 1459 Bcrnardi
3771 1404 3841 1473 (i)
3900 1406 4017 1471 φίλε

754 1488 1046 1559 δαιμόνων,
1080 1490 1250 1546 malui
1282 1491 1701 1564 φιλοδαιμόνων.
1732 1492 1875 1548 Sane
1908 1494 2091 1547 virum
2124 1492 2277 1561 pium
2305 1507 2391 1546 ne:

2383 1506 2468 1545 mo
2503 1491 2855 1547 Christianus
2884 1492 3043 1547 facile
3076 1493 3299 1547 vocabit
3339 1493 3494 1562 φελον
3540 1492 3835 1560 δαιμόνων,
3878 1491 4020 1545 faci-

754 1578 864 1632 lius
898 1579 1278 1650 φιλοδαίμονα,
1311 1597 1411 1650 pro
1440 1580 1694 1652 φιλοοέῳ,
1730 1581 1862 1635 licet
1900 1590 1956 1635 et
2026 1582 2130 1634 hoc
2165 1578 2391 1633 rarissin

2380 1595 2505 1634 num
2548 1580 2620 1635 sit
2653 1580 2708 1634 in
2745 1568 3190 1636 Christianorum
3249 1581 3495 1650 scriptis,
3544 1596 3669 1636 cum
3705 1579 4017 1634 daemonum

756 1664 1091 1720 vocabulum
1121 1668 1178 1721 in
1207 1668 1362 1722 Novo
1392 1668 1750 1723 Testamento
1771 1684 1988 1737 semper
2021 1668 2087 1721 de
2120 1667 2277 1721 malis
2303 1666 2512 1738 angelis
2545 1668 2878 1737 accipiatur,
2910 1668 3057 1738 quod
3098 1668 3167 1722 ab
3217 1668 3479 1732 Homero,
3533 1670 3763 1724 Platone
3795 1677 3852 1722 et
3900 1670 4021 1723 aliis

756 1753 999 1808 ethnicis
1032 1754 1402 1823 scriptoribus
1431 1756 1636 1825 passim
1686 1757 1914 1826 ponitur
1940 1771 2038 1825 pro
2100 1754 2229 1810 diis.
2266 1754 2545 1811 llactenus
2575 1756 2880 1810 FABRICIUS.
2912 1757 3109 1811 Postea
3173 1757 3365 1827 Steph.
3404 1757 3697 1828 Bergierus
3724 1774 3791 1812 ex
3823 1757 4018 1813 eodem

752 1840 878 1893 cod.
905 1841 1058 1910 Lips.
1094 1840 1391 1912 descripsit
1424 1842 1719 1898 Genesium
1750 1843 2057 1913 Latineque
2084 1844 2275 1909 vertit,
2330 1844 2449 1912 ipso
2500 1852 2638 1899 teste
2672 1844 2725 1897 in
2776 1844 3006 1912 epistola
3036 1844 3100 1897 ad
3136 1844 3186 1898 J.
3222 1845 3287 1898 Α.
3343 1845 3678 1909 Fabricium,
3735 1846 3792 1898 in
3855 1845 4021 1915 hujus

756 1928 894 1991 Vita,
932 1944 963 1982 a
997 1930 1259 1984 lteimaro
1281 1932 1506 2001 scripta,
1540 1948 1594 2001 p.
1627 1933 1754 1995 225,
1783 1931 1876 1986 ubi
1902 1932 2068 1987 etiam
2100 1931 2511 1997 animadvertit,
2551 1931 2926 2002 apographum
2954 1932 3077 1985 cod.
3112 1946 3234 1985 esse
3271 1931 3324 1984 in
3349 1934 3627 1986 senatoria
3654 1932 4019 1995 bibliotheca,

750 2016 957 2072 factum
985 2035 1015 2073 a
1046 2020 1208 2075 Bosio
1229 2036 1421 2089 parum
1448 2022 1627 2090 perite
1655 2031 1711 2077 et
1738 2022 1874 2077 satis
1909 2022 2259 2093 negligenter
2290 2039 2303 2087 ;
2362 2022 2689 2089 scriptorem
2743 2035 2877 2074 vero
2927 2034 3048 2074 esse
3100 2019 3410 2079 horridum,
3480 2021 3774 2084 incultum,
3820 2020 4018 2090 judicii

751 2114 1028 2174 egentem.
1057 2106 1287 2161 Addidit
1318 2109 1371 2161 in
1404 2109 1650 2178 margine
1680 2118 1840 2164 notas
1868 2109 2179 2171 breviores,
2212 2118 2271 2162 ut
2301 2094 2571 2163 incditum
2603 2122 2706 2161 suo
2752 2114 3000 2174 tempore
3028 2122 3058 2160 e
3091 2105 3332 2161 tenebris
3380 2107 3686 2161 vindicaret
3740 2108 3886 2176 ipse,
3939 2110 4017 2160 vel

750 2192 798 2245 J.
838 2192 1114 2249 Burcardo
1142 2195 1431 2250 Menkenio
1460 2198 1847 2267 epitularetur,
1886 2199 1979 2268 qui
2048 2197 2207 2262 illud,
2237 2194 2637 2251 commentario
2664 2211 2693 2248 a
2729 2210 2786 2248 sc
2824 2194 3183 2257 illustratum,
3245 2194 3479 2263 adjectis
3542 2194 3665 2248 aliis
3710 2194 4021 2249 CPolitanaa

752 2280 1000 2335 historia:
1022 2284 1412 2353 scriptoribus,
1443 2295 1701 2354 tanquam
1734 2288 2180 2355 supplementum
2224 2284 2476 2356 corporis
2507 2281 2791 2353 Byzantini
2835 2281 2943 2335 luci
2974 2280 3211 2350 publieae
3240 2297 3515 2350 exponere
3569 2289 3865 2345 statuerat,
3891 2299 4019 2335 nar-

753 2379 910 2423 rante
944 2371 1196 2440 Theoph.
1225 2371 1422 2442 Sigefr.
1476 2373 1684 2445 Bayero
1738 2375 1792 2428 in
1845 2375 2011 2428 Thes.
2063 2373 2228 2443 epist.
2284 2372 2333 2426 la
2392 2371 2662 2425 Croziano
2689 2378 2821 2423 tom.
2848 2369 2893 2431 I.
2926 2384 3048 2439 pag.
3086 2371 3176 2424 ‘50.
3215 2371 3277 2425 V.
3314 2369 3613 2423 Burmanni
3643 2370 3699 2437 2,
3736 2372 3899 2439 praf.
3955 2372 4019 2424 ad

750 2458 1031 2527 AristOph.
1070 2459 1480 2529 Berglerianum
1516 2478 1639 2532 pag.
1683 2462 1735 2525 8,
1769 2478 1851 2531 sq.
1877 2464 2193 2516 Burmanno
2225 2461 2396 2524 enim,
2438 2457 2617 2526 (quod
2646 2457 2869 2525 quidem
2900 2457 2945 2509 is
2976 2456 3236 2527 reticet.)
3273 2457 3405 2510 illud
3434 2457 3857 2527 Berglerianum
3887 2474 4022 2527 apo-

749 2546 1019 2616 graphum
1045 2546 1345 2602 donaverat
1383 2549 1599 2614 Saxius,
1632 2551 1726 2618 qui
1768 2551 1820 2605 id
1865 2551 2065 2620 Lipsiae
2098 2551 2228 2603 olim
2263 2557 2502 2609 emerat;
2534 2546 2676 2601 unde
2706 2547 2980 2617 intelliges
3013 2548 3117 2601 cel.
3153 2546 3299 2601 Saxii
3325 2548 3496 2601 verba
3528 2548 3582 2600 in
3612 2546 3813 2601 Onom.
3849 2548 3922 2613 ll,
3966 2566 4018 2618 p.

752 2634 875 2698 149,
899 2635 952 2687 id
984 2635 1161 2689 inutili
1182 2638 1415 2705 quadam
1456 2638 1776 2692 liberalitate
1802 2658 1900 2693 sua
1933 2639 2195 2692 aliorsum
2222 2636 2509 2690 exsulasse.
2558 2635 2858 2690 Enimvero
2886 2650 2990 2689 nec
3021 2635 3315 2703 Bergierus
3344 2650 3447 2689 nec
3485 2635 3812 2690 Menkenius
3835 2638 4023 2690 emisit

752 2738 893 2791 opus
924 2726 979 2776 in
1008 2724 1210 2779 lucem.
1234 2723 1437 2780 Contra
1462 2728 1733 2795 posterior
1759 2727 2151 2781 secundarium
2178 2724 2433 2779 fortassis
2462 2723 2739 2792 quoddam
2771 2722 3152 2793 apographum
3177 2723 3392 2777 Veneto
3436 2723 3625 2791 operis
3677 2723 4019 2793 redemptori

753 2810 1235 2865 transcribendum
1266 2812 1458 2878 dedit;
1507 2814 1601 2868 sed
1632 2814 1813 2870 editor
1842 2815 2085 2869 Venetus
2112 2814 2165 2867 in
2196 2812 2408 2882 prazfat.
2435 2810 2590 2864 brevi
2621 2808 2893 2863 Menkenii
2914 2808 3140 2877 quidem
3175 2809 3564 2863 liberalitatem
3598 2811 3886 2879 prmdicat,
3928 2812 4022 2865 sed

750 2898 887 2951 nihil
923 2899 1154 2964 addidit,
1186 2901 1290 2955 nisi
1323 2917 1496 2970 pauca
1525 2903 1635 2965 illa,
1664 2912 1718 2956 ut
1747 2920 1875 2955 novo
1893 2902 2137 2969 bene/icio
2167 2900 2429 2971 prwclara
2458 2900 2574 2968 ejus
2608 2899 2948 2970 (Menkenii)
2986 2901 3039 2951 in
3070 2896 3453 2968 rempublicam
3484 2898 3644 2950 litter.
3682 2901 3875 2952 merita
3906 2918 4022 2953 ma-

752 2989 829 3056 gis
859 2987 1206 3041 elucescerent
1240 3006 1255 3042 :
1284 2990 1423 3043 nihil
1461 2990 1627 3060 igitur
1651 2991 1719 3045 de
1758 2991 1951 3045 codice
1980 2991 2211 3060 ejusque
2238 2988 2573 3059 apographo,
2604 2987 2744 3041 nihil
2777 2986 2846 3040 de
2891 2986 3079 3041 studio
3112 2994 3169 3041 et
3220 2988 3479 3039 versione
3523 2985 3769 3056 Bergieri
3797 3004 3812 3050 ;
3878 2988 4021 3041 nihil

752 3072 820 3125 de
846 3073 992 3125 notis
1019 3074 1304 3142 subjectis,
1341 3090 1475 3142 quas
1498 3090 1692 3129 omnes
1715 3083 1997 3129 auctorem
2026 3076 2231 3129 habere
2259 3076 2599 3148 Bergierum,
2632 3077 2737 3130 sibi
2768 3091 2835 3130 cx
2863 3076 2983 3146 ejus
3013 3075 3355 3145 autographo
3382 3074 3628 3144 patuisse
3661 3076 3831 3129 tradit
3868 3076 4020 3128 Bur-

752 3175 1009 3217 mannus.
1032 3161 1205 3227 Quam
1237 3163 1557 3228 oscitanter,
1594 3179 1759 3233 quam
1785 3163 2022 3232 turpiter
2053 3164 2232 3235 egerit
2252 3166 2436 3219 editor
2458 3165 2721 3227 Venetus,
2756 3164 2946 3232 plures
2997 3162 3110 3232 jam
3152 3161 3486 3227 docuerunt,
3534 3171 3699 3230 atque
3752 3162 3841 3213 Fr.
3895 3161 4023 3217 Otto

753 3247 1004 3302 Menkeu.
1037 3250 1091 3301 in
1125 3248 1247 3303 Vita
1273 3250 1448 3319 patris
1474 3251 1582 3313 sui,
1615 3251 1837 3319 prmﬁxa
1864 3251 2012 3304 illius
2040 3250 2258 3316 dissert.
2285 3252 2616 3307 academicis
2644 3266 2768 3321 pag.
2805 3251 2895 3303 47.
2954 3250 3008 3303 in
3056 3257 3185 3302 nota
3226 3248 3471 3317 graviter
3518 3258 3859 3315 conquestus
3917 3260 4019 3311 est,

754 3336 1025 3391 Venetum
1052 3336 1322 3392 editorem
1366 3339 1540 3408 patris
1566 3338 1841 3394 Menkeuii
1865 3340 2262 3407 amplissimam
2305 3338 2703 3409 praefationem,
2745 3354 2852 3406 qua
2878 3346 2935 3391 et
2974 3337 3153 3391 Vitam
3198 3336 3500 3410 Genesii'ct
3530 3336 3653 3389 eod.
3708 3352 3816 3389 ms.
3852 3339 4019 3391 ratio-

754 3441 881 3478 nem
918 3436 1296 3493 enarraverat,
1322 3427 1490 3498 puelo
1516 3428 1631 3498 jam
1663 3437 1932 3498 paratam,
1957 3427 2104 3482 haud
2133 3437 2485 3497 exspectare;
2517 3426 2613 3480 sed
2636 3425 2823 3494 potius
2850 3425 3167 3478 inornatum
3199 3430 3367 3492 atque
3408 3422 3607 3476 inutile
3646 3438 3791 3491 opus
3824 3440 4023 3494 prope-

754 3522 942 3566 ranter
969 3514 1494 3583 cxtrusisse.Atque
1534 3517 1638 3569 cel.
1684 3516 1880 3569 Saxius
1913 3517 1949 3568 Ι.
1982 3531 2030 3569 c.
2077 3515 2342 3577 Venetus,
2397 3515 2496 3577 ait,
2550 3527 2844 3582 operarum
2891 3511 3212 3581 redemptor
3244 3511 3483 3564 —hunc
3535 3510 3840 3565 Genesium
3893 3501 4021 3567 reli-

752 3602 879 3669 quis
909 3601 1073 3655 XXll.
1113 3602 1366 3658 Historia:
1393 3604 1703 3672 Byzantina:
1746 3604 2134 3670 scriptoribus,
2162 3620 2191 3656 a
2215 3620 2272 3657 se
2303 3606 2572 3672 repetitis,
2614 3604 2709 3658 sed
2735 3604 2923 3656 multis
2953 3604 3387 3656 contaminatum
3426 3603 3661 3666 mendis,
3696 3605 3850 3657 velut
3880 3606 4021 3659 rude

751 3698 807 3741 ct
845 3688 1126 3758 inelegans
1168 3690 1544 3753 corollarium,
1584 3690 1797 3743 addidit
1846 3691 2093 3744 Venetiis
2122 3691 2279 3753 1755,
2312 3693 2430 3758 fol.,
2487 3711 2594 3763 qua
2626 3694 2694 3748 de
2721 3709 2779 3748 re
2835 3693 2925 3745 Fr.
2975 3691 3103 3746 Otto
3154 3690 3403 3744 Mcnken.
3454 3706 3563 3742 non
3611 3689 3775 3743 modo
3811 3691 3864 3742 in
3903 3692 4021 3743 Vita

753 3776 929 3844 patris
955 3778 1063 3841 sui,
1099 3777 1195 3831 sed
1219 3778 1387 3831 etiam
1426 3778 1481 3829 in
1505 3778 1860 3832 adnotatione
1888 3779 1954 3833 ad
2000 3779 2216 3832 litteras
2256 3779 2401 3836 Guil.
2433 3781 2599 3836 Cavei
2632 3782 2687 3834 in
2737 3780 2887 3834 Misc.
2921 3779 3070 3847 Lips.
3094 3778 3252 3831 novis
3284 3778 3393 3831 vol.
3432 3778 3471 3841 Ι,
3500 3788 3644 3845 part.
3676 3792 3735 3839 ιι,
3770 3793 3894 3845 pag.
3920 3779 4024 3830 548

754 3880 837 3932 sq.
876 3864 1060 3927 editis,
1102 3866 1298 3929 acerbe
1331 3865 1603 3934 queritur,
1642 3864 1925 3935 Josephus,
1952 3866 2227 3935 inquiens,
2257 3868 2525 3935 licuesius,
2566 3869 2893 3939 Byzantinus
2939 3868 3187 3934 scriptor,
3215 3868 3268 3918 in
3328 3882 3386 3918 eo
3420 3865 3836 3934 infelicissimus,
3886 3870 4023 3934 quod

754 3960 868 4021 post
888 3952 1097 4005 doctiss.
1135 3961 1206 4005 tot
1227 3955 1461 4006 virorum
1488 3970 1643 4007 curas
1675 3955 1729 4006 in
1755 3957 1995 4025 impurus
2021 3955 2342 4010 Venetorum
2373 3974 2560 4011 manus
2592 3957 2797 4019 incidit,
2844 3956 2982 4011 unde
3011 3956 3365 4008 miserrimum
3405 3956 3457 4007 in
3493 3954 3708 4006 modum
3746 3954 4021 4022 deforma—

753 4048 835 4093 tus
866 4050 988 4093 ante
1019 4057 1213 4110 paucos
1239 4058 1406 4094 annos
1446 4042 1591 4095 exiit.
1640 4042 2008 4096 Viliosissime
2037 4052 2218 4097 autem
2264 4045 2407 4115 typis
2446 4044 2669 4098 Venetis
2693 4042 3005 4111 descriptos
3032 4058 3175 4105 esse,
3218 4040 3448 4095 Andreae
3480 4040 3704 4110 Buttigii
3735 4081 3751 4103 ,
3784 4041 4007 4111 diligen

754 4130 955 4184 tissimi
979 4130 1108 4184 olim
1146 4129 1281 4184 bibl.
1313 4130 1555 4185 Paulina:
1585 4131 1833 4186 custodis
1865 4162 1933 4171 —
1962 4133 2296 4201 exemplum,
2332 4132 2481 4201 quod
2518 4146 2686 4200 penes
2714 4145 2823 4195 me,
2854 4129 2920 4183 ad
2955 4129 3166 4184 codicis
3198 4128 3346 4183 illius
3379 4127 3689 4198 Lipsiensis
3721 4128 3891 4183 fidem
3919 4129 4019 4181 deo

752 4231 865 4273 nuo
895 4219 1241 4289 castigatum,
1267 4217 1571 4273 clarissime
1601 4218 1964 4274 demonstrat.
2008 4220 2284 4275 llactenus
2322 4220 2543 4275 Saxius.

822 4546 843 4756 ἱ

848 4548 889 4620 f)
1060 4544 1118 4620 δξ
1143 4546 1248 4620 τῆςΔ
1266 4544 1446 4620 βίὸλφυ
1469 4553 1647 4620 exstat
1671 4546 1724 4597 in
1752 4544 1841 4597 ed.
1864 4542 2092 4620 Yeueta.
2124 4544 2290 4597 “aut.

2065 4564 2092 4598 ι.
2124 4544 2290 4597 “aut.
2589 4544 2811 4620 Ἰωάννῃ
2840 4544 3109 4620 σοιιξιάϐε,
3140 4542 3277 4620 φίὶῳ
3304 4542 3702 4620 καξιξαίιμόνιιξν

845 4610 899 4688 ᾖ)
926 4610 1051 4669 Φίλε
1090 4610 1568 4688 δαιᾹμὸνων-ἱιιίειι.
1609 4616 1832 4688 Veneta.
1868 4615 1943 4669 In.

2592 4610 3504 4688 '07sciivwrrpoédpwmnptbtoclexp
3528 4612 3623 4688 xu‘t
3650 4610 3820 4688 061.2];

848 4675 901 4752 id
930 4688 1107 4740 Πάλαι
1138 4675 1295 4739 abest
1322 4686 1412 4739 ed.
1439 4687 1665 4739 Veneta.
1696 4685 1769 4739 lo.

2580 4675 3034 4752 Δηῖοκαισὰρείάς
3058 4675 3166 4750 τῆξ
3200 4681 3539 4751 Ἀναζάρὸης
3575 4675 3786 4751 (supple
3810 4675 3910 4747 εἴ).

825 4752 891 4827 (ἱ
919 4756 1145 4818 Δοῖσθος
1175 4756 1377 4825 legitur
1406 4755 1461 4810 in
1489 4756 1577 4810 ed.
1611 4755 1836 4827 Veneta.
1874 4756 1955 4827 In.
2172 4826 2177 4827 γ
2578 4753 3058 4827 desiduorum.__vir
3080 4754 3303 4827 optime.
3328 4760 3381 4803 ut
3412 4769 3504 4827 ego
3526 4752 3734 4827 judico,

828 4823 891 4899 (ἶ)
915 4828 1003 4899 Υη
1027 4823 1329 4899 Caveuml.
1359 4841 1408 4879 c.
1458 4837 1515 4881 et
1546 4828 1666 4899 Act.
1700 4825 1860 4881 erud.
1898 4826 2049 4897 Lips.
2085 4842 2134 4881 a.
2165 4826 2323 4881 1699.
2583 4824 2891 4899 ρᾳονσὶξᾳιιε
2926 4823 3039 4876 dico
3068 4831 3227 4899 atque
3245 4823 3593 4899 Theophanis,

751 4918 811 4971 p.
836 4890 957 4955 ἱϐο.
981 4895 1413 4971 AlterOudiqus
1435 4896 1699 4971 emendat
1728 4915 1772 4971 εΔ
1897 4966 1911 4971 _
1966 4890 1984 4897 ’
2582 4890 3354 4971 Chronographorum,hunc_ce
3386 4892 3603 4971 librum,
3642 4890 3826 4958 Pater,

892 4969 1111 5021 Λοιπῶν
1136 4968 1275 5037 ἀνὴρ
1318 4967 1559 5037 ἄριστος,
1589 4967 1663 5028 ὡς
1684 4967 1793 5035 ἐγὼ
1818 4966 2008 5037 κρίνω,

2005 5013 2008 5028 ,
2576 4964 2777 5037 {animi
2798 4964 2888 5037 tibi
2928 4965 3103 5033 accipe
3121 4970 3169 5037 et
3199 4965 3368 5015 amico
3384 4962 3642 5037 carlitum.

896 5038 1170 5105 Γεωργίου
1188 5032 1256 5090 τὲ
1284 5032 1427 5105 φημὶ
1461 5040 1555 5091 καὶ
1580 5032 1909 5105 Θεοφάνουξ,

2574 5034 2675 5099 Qui
2703 5032 3052 5104 proedrerum
3077 5034 3277 5105 primus
3304 5033 3393 5086 sed
3422 5041 3469 5085 et
3506 5032 3752 5086 sacerdos

898 5103 1029 5160 Τῶν
1048 5103 1459 5179 χρονογράςρων,
1489 5108 1647 5178 τήνδε
1677 5103 1776 5178 τῆς
1818 5108 2023 5178 βίὸλου,
2052 5109 2252 5179 Πάτερ,

1689 5103 1776 5178 ἑῆς
1818 5108 2023 5178 βίὸλου,
2052 5109 2252 5179 Πάτερ,
2573 5103 2915 5160 ὓὲοοωεανεω
2937 5103 3229 5158 Auazarbw
3255 5119 3326 5157 es.
