4146 6436
191 427 296 495 989
1647 432 1905 494 NOTITI
1916 437 1978 495 Α.
3343 447 3448 509 990

197 581 453 600 κ
467 583 1722 603 -Ἥκ

892 741 1530 839 ΡΒᾹΕΓΑΤΙΟ
1611 747 1739 838 CA
1761 745 2038 838 BOLI
2137 749 2529 842 LACHM

1137 741 1530 839 EFATIO
1611 747 1739 838 CA
1761 745 2038 838 ROLI
2137 749 2774 847 LACHMANI.

1497 923 1609 986 (Ed.
1630 926 1793 976 Bonn.
1829 927 1941 977 anni
1972 929 2130 991 185i).

1729 591 3058 616 _________________

257 1195 477 1254 Genesii
509 1193 754 1250 historia:
779 1197 952 1251 codex
989 1211 1130 1250 unus
1149 1205 1328 1251 exstat
1350 1195 1673 1266 Lipsiensis,
1704 1199 2026 1268 paginarum
2050 1199 2138 1261 77,
2171 1197 2366 1254 forma:
2407 1200 2678 1265 maximae,
2707 1200 2878 1255 editio
2912 1201 3043 1256 item
3075 1219 3179 1257 una
3210 1204 3442 1269 Veneta,

185 1301 239 1339 a.
282 1284 440 1346 1755,
477 1283 564 1338 cui
601 1282 788 1336 addita
827 1291 911 1336 est
939 1283 1019 1336 St.
1063 1284 1305 1353 Bergleri
1343 1286 1727 1353 interpretatio
1778 1287 1971 1340 Latina
1997 1294 2053 1340 et
2087 1289 2374 1342 annotatio
2407 1287 2552 1358 (vid.
2588 1288 2808 1343 Fabric.
2864 1289 3119 1352 Harlesii,
3180 1293 3288 1344 vol.
3324 1293 3441 1357 Vll,

187 1391 243 1443 p.
271 1371 432 1440 552).
473 1370 600 1424 Mihi
632 1379 833 1440 praeter
870 1371 1247 1439 apographum
1281 1372 1544 1426 editionis
1596 1373 1815 1429 Veneta:
1860 1375 2271 1444 imperitissime
2337 1375 2539 1430 factum
2579 1377 2794 1432 tradita:
2829 1387 2958 1432 sunt
2988 1376 3048 1435 E.
3081 1379 3352 1432 Wunderi
3377 1383 3439 1435 V.

184 1459 270 1514 Cl.
304 1457 523 1512 schedae
548 1458 752 1526 quibus
781 1456 1083 1512 editionem
1112 1473 1236 1511 cum
1269 1457 1458 1512 codice
1487 1474 1679 1528 magna
1720 1461 2002 1531 diligentia
2035 1463 2293 1516 contulit.
2330 1463 2442 1518 Hae
2466 1465 2764 1520 collatione
2794 1467 2865 1519 ita
2893 1481 3026 1521 usus
3058 1482 3201 1532 sum,
3238 1476 3299 1520 ut
3320 1468 3444 1521 edi-

188 1545 359 1599 tionis
389 1545 608 1598 Veneta:
643 1559 863 1599 errores
889 1559 1018 1598 raro
1045 1544 1351 1599 indicarem
1377 1544 1489 1614 (V),
1518 1546 1815 1616 plerosque
1856 1548 2035 1619 (erant
2082 1557 2265 1604 autem
2319 1564 2456 1617 pene
2509 1550 2819 1617 innum'eri)
2874 1553 3037 1606 tacite
3090 1554 3443 1624 corrigerem.

183 1635 367 1690 Verba
383 1635 670 1702 scriptoris
699 1635 831 1687 satis
848 1643 1102 1687 accurate
1129 1633 1394 1696 distinxi,
1424 1637 1721 1689 emendare
1753 1650 1866 1688 non
1897 1637 2030 1690 satis
2061 1638 2216 1705 potui
2243 1655 2255 1690 :
2286 1637 2473 1690 curavi
2513 1644 2693 1691 tamen
2720 1645 2779 1691 ut
2803 1640 3206 1695 emendationis
3234 1641 3444 1696 instru-

184 1732 433 1778 mentum
457 1732 704 1792 paratum
739 1731 905 1776 esset.
951 1722 1138 1791 Itaque
1162 1721 1368 1775 codicis
1403 1722 1712 1792 Lipsiensis
1735 1724 2066 1790 scripturam
2099 1724 2208 1791 (L),
2240 1725 2460 1793 quoties
2492 1725 2560 1777 ab
2590 1739 2653 1778 ea
2694 1725 3067 1779 recedendum
3118 1743 3239 1782 esse
3284 1727 3442 1783 vide-

185 1821 366 1874 retur,
404 1825 470 1864 ex
505 1810 750 1864 editione
785 1809 992 1863 Veneta
1064 1808 1148 1861 vel
1206 1825 1272 1862 ex
1324 1807 1594 1862 Wunderi
1640 1810 1862 1863 schedis
1901 1811 2161 1864 annotavi
2213 1828 2224 1862 :
2267 1811 2684 1866 emendationes
2729 1813 2994 1883 Bergleri,
3047 1814 3092 1867 si
3133 1815 3445 1883 probabiles

183 1908 392 1963 essent,
437 1899 660 1951 nomine
685 1898 804 1967 ejus
846 1895 1124 1950 interdum
1160 1896 1255 1949 sed
1296 1911 1421 1948 raro
1453 1897 1671 1965 adjecto
1705 1897 1810 1964 (Β).
1854 1899 1941 1953 vel
1984 1899 2169 1966 recepi
2205 1899 2291 1951 vel
2335 1900 2762 1953 commemoravi
2802 1916 2995 1957 :meas
3036 1903 3170 1956 tanti
3218 1919 3329 1957 non
3361 1904 3441 1958 fa-

183 1987 293 2049 cio,
328 1995 446 2039 uta
475 1985 841 2054 Berglerianis
886 1983 1303 2051 distinguendas
1353 1983 1630 2038 duxerim.
1681 1985 1875 2039 Neulri
1917 1993 2170 2039 nostrum
2213 1986 2474 2055 injuriam
2527 1985 2722 2040 fecerit
2761 1988 2856 2056 qui
2907 1990 3090 2043 omnia
3143 1991 3198 2044 in
3243 1993 3444 2060 quibus

195 2075 312 2128 haec
333 2073 509 2127 editio
545 2088 575 2126 a
605 2073 798 2127 codice
825 2072 1010 2125 dim-rt
1039 2071 1296 2139 Berglero
1321 2071 1661 2140 ascripserit.
1693 2071 1865 2141 llujus
1886 2072 2324 2136 emendationes,
2368 2088 2506 2142 quas
2538 2074 2760 2142 quidem
2797 2091 2956 2130 veras
3007 2093 3128 2131 esse
3161 2087 3440 2146 putarem,

184 2160 376 2214 curavi
405 2174 474 2214 ne
506 2161 708 2214 iterum
741 2161 796 2213 in
819 2159 939 2228 ejus
965 2158 1419 2212 annotationibus
1459 2169 1800 2226 ponerentur
1835 2179 1847 2213 :
1879 2162 2267 2215 annotationes
2291 2169 2518 2215 caeteras
2557 2170 2768 2215 tantum
2821 2179 2932 2217 non
2988 2181 3183 2218 omnes
3237 2167 3440 2220 retinui

181 2257 240 2301 et
264 2257 534 2317 quantum
569 2247 689 2300 ﬁeri
721 2246 904 2315 potuit
943 2245 1232 2299 emendavi
1265 2263 1278 2298 ε
1311 2256 1468 2300 erant
1509 2247 1654 2301 enim
1688 2248 2158 2318 negligentissime
2215 2263 2510 2317 expressae.
2557 2249 2757 2302 Earum
2807 2266 2935 2318 pars
2985 2252 3087 2305 sub
3146 2262 3296 2306 textu
3360 2254 3442 2307 vel

183 2337 645 2406 interpretatione
681 2335 876 2389 Latina
899 2335 1080 2403 posita
1110 2344 1231 2388 erat
1267 2350 1280 2387 :
1324 2334 1422 2389 has
1453 2334 1518 2388 ad
1549 2336 1668 2389 loca
1699 2352 1796 2390 sua
1825 2336 2110 2402 revocavi;
2154 2336 2668 2405 interpretationem
2697 2338 2933 2404 correxi,
2963 2338 3057 2394 sed
3091 2347 3148 2393 ut
3172 2340 3308 2394 satis
3341 2341 3441 2394 lia-

182 2427 374 2480 berem
401 2426 534 2479 vitia
563 2424 816 2492 graviora
843 2423 1062 2476 tollere.

253 2513 456 2566 Libros
485 2510 708 2566 Genesii
736 2526 863 2565 cum
904 2510 1156 2578 plerique
1187 2509 1279 2578 qui
1322 2509 1390 2563 de
1416 2525 1482 2564 eo
1509 2511 1682 2565 locuti
1729 2519 1858 2565 sunt
1903 2513 2150 2582 quinque
2186 2527 2307 2568 esse
2358 2513 2624 2578 dixerint,
2689 2515 2971 2569 sciendum
3015 2525 3097 2570 est
3149 2532 3273 2570 eum
3314 2533 3444 2571 sane

178 2601 426 2672 quinque
456 2599 733 2668 βασιλείας
777 2607 1144 2669 pertractasse
1175 2641 1188 2663 ,
1229 2596 1326 2652 sed
1371 2613 1400 2651 a
1443 2599 1706 2653 Michaele
1753 2600 1821 2653 ad
1855 2600 2122 2656 Basilium
2156 2602 2367 2672 p.113,
2411 2602 2484 2656 ita
2523 2602 2869 2658 transiluisse
2930 2611 2988 2658 ut
3025 2604 3173 2657 illius
3229 2606 3444 2659 obitum

179 2699 238 2743 et
277 2703 463 2744 mores
521 2702 692 2757 prope
723 2687 1030 2753 omitteret,
1089 2701 1200 2741 non
1245 2687 1438 2740 eadem
1492 2687 1708 2742 ratione
1764 2703 1930 2758 quam
1982 2689 2039 2743 in
2089 2690 2271 2744 tribus
2325 2690 2606 2758 prioribus
2652 2699 2709 2745 et
2761 2691 2816 2744 in
2867 2693 2986 2760 ipso
3036 2692 3238 2747 Basilio
3289 2708 3447 2749 secu-

185 2793 272 2832 tus
305 2786 414 2832 est.
1967 2776 1975 2782 '

249 2864 526 2920 Caeterum
566 2863 788 2919 Genesii
839 2877 1042 2917 nomen
1071 2861 1252 2920 codici
1291 2859 1566 2932 Lipsiensi
1599 2862 1886 2932 prmﬁxum
1932 2876 2058 2917 esse
2115 2860 2355 2914 traditur
2414 2879 2428 2915 :
2483 2862 2758 2932 Josephus
2805 2862 3076 2918 Gcnesius
3134 2872 3320 2918 utrum
3374 2865 3444 2919 ab

179 2954 400 3008 Joanne
443 2952 678 3023 Scylitza
709 2952 892 3006 dictus
943 2952 1132 3014 fuerit.
1194 2951 1500 3006 dubitatur.
1553 2951 1660 3006 Sed
1716 2952 1770 3004 in
1832 2952 1941 3004 [ine
1999 2947 2210 3003 codicis
2248 2948 2552 3018 Lipsiensis
2590 2950 2706 3004 haec
2767 2950 2971 3018 scripta
3020 2958 3260 3016 exstant,
3325 2967 3447 3020 quae

177 3057 247 3094 ex
296 3041 545 3096 editione
581 3040 788 3096 Veneta
843 3040 934 3110 (p.
969 3041 1070 3106 62)
1119 3040 1378 3104 exhibeo,
1412 3040 1517 3093 nisi
1570 3039 1718 3109 quod
1751 3039 1828 3093 ibi
1853 3039 2058 3093 legitur
2090 3038 2334 3102 Δοῖστος,
2369 3037 2490 3103 sed,
2538 3048 2599 3093 ut
2628 3038 2968 3093 'Wunderus
3027 3046 3284 3106 testatur,
3333 3054 3444 3095 non

179 3138 355 3185 recte.

1601 3268 1676 3322 Ab
1705 3268 1813 3321 alia
1847 3285 2029 3321 manu.

1173 3377 1396 3440 Λοίσοος
1424 3379 1564 3450 ἀνὴρ
1592 3381 1814 3447 ἄριστος
1846 3379 1922 3440 ὡς
1956 3376 2068 3446 ἐγὼ
2097 3378 2289 3448 κρίνω,

1172 3449 1442 3516 Γεωργίσυ
1473 3449 1553 3510 τες
1591 3451 1756 3517 φημὶ,
1799 3451 1892 3500 καὶ
1921 3450 2250 3515 Θεοφάνους,

1181 3519 1301 3590 Τῶν
1329 3521 1736 3590 χρονογρὰφων.
1768 3520 1941 3590 Τῆσδε
1985 3522 2084 3588 τῆς
2116 3519 2296 3585 βίϐλου
2324 3520 2505 3590 Πάτερ

1184 3589 1436 3658 Ἰωάννης
1466 3607 1546 3640 σοι
1578 3589 1799 3656 ταύτης,
1832 3589 1950 3656 φίλε
1985 3590 2277 3656 δαιμόνων,

1177 3658 1235 3707 ’0
1267 3657 1375 3709 τῶν
1396 3657 1688 3727 προέδρων
1716 3660 1952 3724 πρῶτος.
1991 3660 2126 3709 ἀλλὰ
2153 3663 2248 3711 καὶ
2281 3658 2448 3728 θύτης

1177 3729 1585 3796 Διοκαισαρείας
1613 3730 1707 3797 τῆς
1750 3728 2111 3797 Ἀναζάρ6η;.

1400 3861 1488 3914 ΟΛ
1497 3862 1760 3914 ΥΜΠΙΟΣ
1808 3866 1849 3914 υ
1913 3863 2194 3916 ΟΛΥΜΟΣ

1171 3975 1586 4062 ξλιμῆῖίςξακῄσῃ3
1620 3974 1822 4062 βρῶσές
1849 3975 2051 4062 ὀὶρνέων
2075 3976 2173 4062 Eon

1161 4047 1258 4108 ’ος
1284 4045 1545 4114 ὲξὲκοψας
1567 4049 1624 4097 ὲν
1650 4048 1791 4114 ἀρχῇ
1827 4045 1925 4108 τὰς
1961 4045 2280 4116 μεμὸρᾶνας

1155 4118 1262 4168 Καὶ
1298 4117 1486 4183 κέρδος
1515 4116 1672 4184 ἔσχες
1699 4117 1902 4181 πλῆρες
1937 4117 2300 4177 κακοϐουλίας

1149 4185 1255 4238 T05
1282 4187 1540 4255 γραφέως
1565 4189 1663 4255 τὴν
1701 4187 1887 4254 κλῆσιν
1907 4185 2260 4253 ἐξαφανίσας.

945 4329 1016 4387 Ab
1049 4327 1160 4384 alia
1186 4343 1372 4391 manu,
1400 4327 1596 4395 partim
1622 4337 1763 4388 ante,
1798 4335 1994 4396 parum
2021 4336 2135 4396 past
2162 4329 2405 4383 ultimam
2434 4331 2653 4386 lineam.

1154 4445 1296 4512 Ἐγὼ
1326 4444 1382 4496 δὲ
1414 4442 1776 4512 ἀνεπλήρωσα
1800 4442 1866 4493 τὰ
1888 4441 2271 4510 ὲκκεκομμενα

1219 4516 1402 4583 Γέρων
1432 4511 1682 4582 πενιχρὸς
1707 4511 2045 4580 Θευπολίτης
2075 4514 2300 4581 Συμεών
2333 4514 2622 4585 (scriptum
2651 4517 2835 4586 συμε).

247 4639 398 4694 Ideni
446 4636 760 4692 Wunderus
802 4636 938 4691 alios
996 4635 1161 4690 etiam
1214 4650 1408 4690 versus
1458 4634 1676 4688 additos
1722 4648 1842 4688 esse
1904 4632 2104 4698 refert,
2161 4634 2255 4688 sed
2310 4635 2383 4688 ita
2437 4635 2673 4704 scriptos
2719 4643 2779 4690 ut
2839 4636 3053 4707 singula
3102 4637 3267 4692 verba
3321 4635 3427 4706 legi

176 4741 292 4784 non
327 4724 556 4796 possint.
