4146 6436
1482 686 2298 847 JOSEPHI

1970 385 2286 445 JOSEPHI
2343 384 2638 446 GENESI.

2409 686 3187 849 GENESII

2164 966 2519 1028 HISTORIA

1160 1120 1310 1243 DIE
1432 1151 1809 1245 REBUS
1943 1146 3502 1245 CONSTANTINOPOLITANIS.

1828 1596 2647 1719 ΒΑΣΙΛΕΙΩΝ
2721 1589 2850 1715 A’
2878 1590 2943 1716 ’.

1568 1816 1776 1872 ΠΕΡΙ
1847 1818 2012 1870 ΤΟΥ
2097 1816 2198 1871 ΕΞ
2273 1819 2638 1874 ΑΜΛΛΗΚ
2709 1820 3140 1875 ΛΕΟΝΤΟΣ.

1857 2021 2263 2112 REGUM
2348 2022 2709 2111 LIBER
2816 2022 2851 2109 Ι

1946 2214 2039 2267 DE
2082 2212 2311 2269 LEONE
2334 2212 2757 2268 AMALEKITA.

724 2396 858 2468 1-3
894 2397 1213 2463 Historiam,
1235 2397 1393 2467 jussu
1423 2412 1611 2466 quam,
1646 2396 1830 2451 Czesar
1852 2412 2069 2468 magne,
2100 2405 2292 2470 tuopte
2325 2408 2345 2463 Α

2469 2398 2582 2467 Τὴν
2608 2394 2667 2461 ὲξ
2697 2395 2939 2465 ἱστορίας
2972 2394 3199 2458 τελέσας
3229 2393 3420 2465 βίϐλον
3446 2396 3525 2459 ὦς
3548 2396 3873 2464 ἑκίλευσας,

1003 2489 1215 2544 Perfeci
1247 2490 1398 2543 curis
1433 2500 1597 2560 atque
1623 2489 1813 2544 labore
1840 2491 2014 2560 gravi,

719 2581 873 2637 llanc
907 2583 1005 2637 tibi
1030 2582 1175 2637 dona
1225 2582 1364 2647 fero,
1401 2588 1594 2636 notum
1629 2582 1701 2637 sit
1746 2592 1807 2638 ut
1857 2584 2137 2650 omnibus,
2198 2584 2299 2639 ista

965 2675 1110 2729 Nutu
1150 2675 1355 2744 scripta
1392 2682 1508 2739 tuo,
1542 2683 1597 2729 te
1624 2676 1885 2745 cupiente
1920 2678 2051 2747 legi.

791 2767 996 2821 lterum
1025 2768 1157 2821 olim
1192 2776 1472 2837 gestarum
1499 2769 1765 2822 memoria
1789 2769 2081 2826 maximam
2109 2787 2301 2827 revera

721 2861 1016 2915 utilitatem
1047 2859 1289 2914 aﬂ‘erens
1315 2859 1385 2914 ad
1417 2860 1778 2916 scribendum
1800 2862 2007 2917 excitat
2054 2862 2182 2918 illos
2207 2865 2300 2933 qui

719 2962 784 3003 ea
813 2949 1111 3018 attingunt.
1148 2948 1328 3013 Quare
1362 2957 1417 3003 et
1460 2964 1563 3019 ego
1596 2965 1746 3005 nunc
1790 2950 2071 3005 scribendi
2108 2952 2162 3006 in
2216 2968 2304 3007 me

722 3041 907 3095 studio
938 3042 1005 3094 de
1050 3042 1136 3096 his
1165 3042 1540 3097 diversimode
1565 3052 1842 3111 suscepto,
1872 3060 1997 3099 cum
2028 3059 2095 3099 ex
2126 3045 2306 3100 homi-

723 3132 889 3185 nibus
913 3132 1004 3200 qui
1043 3140 1175 3185 tunc
1208 3134 1466 3187 vixerunt
1510 3134 1917 3203 quodammodo
1946 3138 2153 3206 gnaris,
2190 3146 2303 3191 tum

725 3240 790 3277 ex
813 3231 1042 3291 vagante
1069 3223 1208 3276 fama
1228 3223 1483 3288 edoctus,
1506 3225 1573 3279 ad
1601 3225 1704 3280 hoc
1721 3234 2001 3281 certamen
2020 3228 2302 3294 descendi,

726 3315 926 3384 partim
961 3314 1003 3369 si
1040 3331 1258 3385 possem
1293 3316 1361 3369 ad
1400 3316 1611 3385 aliquid
1667 3317 1823 3372 utilis
1855 3334 1884 3372 a
1915 3320 2155 3388 posteris
2209 3336 2306 3375 eo-

725 3409 937 3478 gnosci,
969 3409 1169 3477 partim
1194 3419 1253 3464 ut
1281 3409 1416 3463 mihi
1450 3410 1554 3479 ipsi
1578 3410 1727 3466 hunc
1756 3411 2000 3466 fructum
2025 3428 2307 3483 caperem,

728 3509 919 3569 utpote
947 3500 1063 3555 luec
1086 3501 1252 3556 etiam
1276 3500 1331 3572 4
1359 3502 1748 3558 administrare
1775 3504 1965 3575 jussus
1990 3521 2020 3559 a
2043 3503 2308 3561 Constan~

733 3596 848 3647 tino
892 3594 1252 3664 imperatore,
1306 3610 1431 3649 cum
1475 3595 1656 3650 omnis
1708 3597 1997 3667 elegantiae
2059 3598 2309 3653 studioso

728 3693 924 3740 natura
969 3694 1026 3740 et
1078 3688 1354 3752 instituto,
1412 3697 1529 3741 tum
1585 3688 1985 3757 imperatorum
2034 3698 2309 3760 quotquot

2543 2490 2912 2559 Δὺτοκράτορ,
2946 2488 3200 2559 μελέταις
3230 2491 3326 2544 καὶ
3354 2492 3626 2562 καμάτοις
3690 2495 3977 2564 μεγάλοις,

2489 2584 2578 2638 Ἐν
2605 2583 2689 2637 σοὶ
2724 2582 2900 2653 δῶρον
2924 2582 3120 2651 ιθηκα,
3147 2583 3296 2646 ὅπως
3330 2585 3673 2655 ἐγνωσμένον
3704 2586 3793 2656 εἴη

2557 2676 2652 2728 Ἐκ
2678 2673 3091 2744 φιλοδεσποτίας
3113 2675 3135 2705 ⁸
3165 2672 3422 2727 συντεθὲν
3455 2675 3519 2728 ἐκ
3544 2693 3603 2728 τε
3635 2676 3830 2731 πόθου.

2492 2766 2557 2819 Ἦ
2586 2765 2692 2820 τῶν
2725 2765 2896 2819 πάλαι
2937 2762 3335 2833 πεπονημένων
3377 2763 3670 2833 διάληψις³
3724 2768 3991 2836 μεγίστην

2407 2860 2581 2923 ὅντως
2632 2857 2902 2928 ὠφέλειαν
2948 2855 3276 2928 παριστῶσα
3326 2856 3454 2918 τοὺς
3505 2857 3994 2927 ὲπειλημμὲνους⁵

2408 2952 2588 3018 αὐτῆς
2620 2950 2760 3021 πρὸς
2780 2948 3002 3020 γραφὴν
3042 2947 3225 3001 αὐτῶν
3257 2946 3614 3015 διανίστησιν.
3649 2948 3820 3002 Ὅθεν
3839 2950 3994 3019 κάγὼ

2407 3043 2504 3099 νῦν
2535 3041 2636 3113 τὴν
2670 3040 2802 3111 περὶ
2829 3039 3031 3093 τούτων
3057 3040 3340 3112 γραφικὴν
3370 3040 3608 3109 σπουδὴν
3631 3043 3993 3114 πολυτρόπως

2408 3136 2774 3207 ἀνῃρημένος,
2800 3133 2864 3186 ἐκ
2896 3150 2955 3186 τε
2980 3132 3090 3185 τῶν
3111 3132 3229 3185 τότε
3255 3132 3600 3201 βεϐιωκότων
3620 3136 3713 3185 καὶ
3728 3137 3993 3205 ἀμωσγέ-

2411 3245 2527 3289 πως
2547 3228 2567 3259 ⁵
2601 3225 2822 3278 εἰδότων
2856 3224 2920 3277 ἔκ
2943 3241 3002 3276 τε
3046 3224 3237 3294 φήμης
3269 3223 3434 3293 δῆθεν
3462 3223 3783 3295 δραμούσης
3823 3229 3993 3294 ἠκου-

2410 3313 2684 3382 τισμένος,
2710 3313 2790 3375 εἰς
2817 3312 2967 3365 τόνδε
2997 3311 3086 3365 τὸν
3115 3311 3304 3379 ἀγῶνα
3329 3313 3713 3384 παρώρμημαι
3735 3316 3780 3379 ⁸,
3806 3316 3869 3367 τὸ
3899 3318 3995 3386 μὶν

2412 3405 2466 3458 εῐ
2498 3421 2613 3467 πως
2641 3404 2779 3475 πρός
2802 3421 2854 3457 τι
2884 3403 3167 3474 λυσιτελὴς
3189 3405 3210 3437 ⁷
3230 3408 3342 3469 τοῖς
3368 3406 3661 3475 μετέπειτα
3688 3407 3990 3479 διοφθείην.

2411 3498 2473 3550 τὸ
2511 3496 2568 3549 δὲ
2632 3497 2725 3549 καὶ
2770 3496 2994 3567 ἐμαυτῷ
3024 3495 3227 3549 ετοῦτο
3272 3496 3639 3568 καρπώσοιμι,
3677 3501 3776 3552 an
3821 3500 3998 3555 ταῦτά

2414 3603 2479 3654 γε
2502 3588 2596 3639 καὶ
2622 3586 2900 3657 διαιτῆσαι
2926 3589 3401 3659 προστεταγμένος
3423 3590 3559 3659 πρὸς
3576 3592 3993 3645 Κωνσταντίνου

2414 3676 2509 3729 τοῦ
2561 3676 2986 3746 αὐτοκράτορος,
3034 3677 3214 3740 ἄλλως
3256 3695 3317 3731 τε
3368 3678 3655 3747 φιλοκάλου
3686 3681 3789 3749 τὴν
3833 3682 3995 3751 φύσιν

730 3794 971 3847 unquam
1009 3778 1165 3833 fuere
1198 3778 1541 3845 doctissimo,
1605 3779 1718 3834 lilio
1760 3780 1962 3836 Leonis
2018 3782 2167 3837 illius
2219 3760 2345 3837 sa-]

2412 3765 2509 3822 καὶ
2553 3768 2652 3839 τὴν
2682 3768 3026 3840 προαίρεσιν,
3070 3770 3166 3822 καὶ
3208 3770 3318 3823 τῶν
3348 3769 3567 3824 πώποτε
3603 3771 3875 3841 βασιλέων
3906 3774 3992 3827 λο-

730 3869 1062 3937 picntissimi
1093 3884 1313 3938 semper
1364 3871 1708 3924 memorandi
1739 3871 2110 3941 imperatoris,
2155 3881 2215 3926 ut
2245 3888 2311 3927 ca

730 3976 852 4030 qua:
884 3960 1130 4015 nondum
1181 3969 1370 4015 essent
1426 3960 1624 4016 tradita
1674 3962 1819 4017 libro
1868 3963 2136 4019 historico
2177 3964 2313 4020 'inde

728 4051 801 4105 ab
860 4051 1192 4106 insanientis
1251 4051 1307 4104 in
1360 4052 1645 4122 impietate
1692 4052 1894 4108 Leonis
1947 4054 2202 4125 imperio,
2250 4055 2315 4111 il-

730 4145 837 4199 lius
860 4143 1201 4210 Amalekitae,
1233 4154 1289 4198 et
1322 4144 1586 4215 deinceps
1614 4146 2043 4214 perscriberem.

798 4323 957 4377 Almo
1015 4321 1258 4376 secundo
1320 4320 1537 4391 imperii
1597 4321 1881 4376 Michaelis
1917 4324 2107 4394 generi
2144 4323 2308 4379 Nice-

730 4416 913 4486 phori,
950 4430 979 4469 a
1032 4416 1239 4468 mundo
1274 4424 1457 4469 autem
1507 4414 1732 4469 condito
1790 4415 1971 4469 sexies
2020 4417 2316 4473 millesimo

730 4508 1121 4563 trecentesimo
1142 4508 1408 4562 vicesimo
1434 4506 1701 4571 secundo,
1726 4507 2027 4562 indictione
2057 4510 2312 4579 septima,

734 4608 865 4668 post
912 4600 1120 4653 illatam
1153 4599 1366 4654 cladem
1421 4598 1686 4654 Romanis
1713 4615 1743 4653 a
1779 4597 2024 4654 Crumno
2058 4615 2315 4670 supremo

728 4690 870 4745 duce
909 4690 1293 4759 Bulgarorum,
1329 4691 1511 4744 Leone
1556 4700 1688 4744 tunc
1711 4689 1970 4758 prmfecto
2016 4688 2312 4745 Orientali-

732 4783 856 4847 bus,
890 4784 983 4851 qui
1018 4784 1072 4836 in
1104 4783 1359 4837 conﬂictu
1402 4784 1530 4837 belli
1562 4798 1671 4837 non
1700 4782 1974 4845 adfuerat,
2007 4782 2102 4836 sed
2144 4797 2314 4852 pravo

731 4873 967 4926 consilio
1020 4881 1332 4926 recesserat
1368 4887 1494 4925 eum
1523 4887 1619 4925 sua
1669 4871 1906 4941 legione,
1965 4873 2312 4928 occasionem

731 4966 1035 5019 observans
1061 4964 1361 5019 invadendi
1390 4964 1628 5035 imperii,
1655 4964 1843 5035 fugere
1890 4965 2191 5035 imperator
2216 4965 2315 5020 Mi-

731 5058 888 5111 chael
922 5057 1050 5111 inde
1087 5057 1438 5127 compellitur
1464 5072 1591 5112 cum
1623 5057 1840 5126 reliquo
1869 5056 2053 5112 adhuc
2078 5056 2185 5113 sibi
2214 5073 2314 5128 po-

734 5146 885 5215 pulo.

2413 3862 2705 3930 γιωτάτου,
2764 3854 2884 3914 υἱοῦ
2914 3863 3143 3926 Λέοντος
3190 3862 3286 3915 τοῦ
3326 3864 3604 3932 πανσόφου
3660 3866 3992 3935 ἀειμνήστου

2414 3956 2670 4019 ἄνακτος,
2695 3955 2771 4018 ὡς
2795 3953 2860 4009 ἂν
2885 3954 2954 4008 τὰ
2996 3955 3070 4026 μὴ
3104 3955 3516 4027 παραδεδομένα
3545 3956 3715 4028 βίϐλῳ
3749 3960 3817 4028 τῇ
3856 3960 3995 4011 ἱστο-

2418 4047 2589 4120 ρούσῃ
2617 4046 2727 4100 ἀπὸ
2751 4046 2855 4117 τῆς
2878 4048 3018 4100 κατὰ
3046 4048 3372 4101 δυσσέϐειαν
3395 4048 3801 4119 φρενοϐλαϐοῦς
3820 4050 3986 4103 Λέον-

2412 4154 2505 4202 τος
2536 4136 2814 4207 βασιλείας
2846 4137 2943 4191 τοῦ
2972 4137 3033 4203 ἐξ
3074 4138 3322 4211 Ἀμαλὴκ
3350 4142 3443 4193 καὶ
3482 4140 3718 4213 καθεξῆς
3744 4142 3991 4212 ἀναγρά-

2413 4230 2663 4302 ψωμαμ.

2499 4321 2587 4375 Ἐν
2618 4322 2728 4376 ἔτει
2757 4322 2803 4393 β’
2840 4322 3117 4395 βασιλείας
3144 4323 3368 4395 Μιχαὴλ
3395 4324 3647 4394 γαμϐροῦ
3673 4324 3996 4397 Νικηφόρου

2412 4414 2508 4468 τοῦ
2564 4414 2849 4485 βασιλέως.
2902 4416 3176 4487 κοσμικῆς
3231 4416 3288 4469 δὲ
3343 4417 3575 4478 κτίσεως
3611 4416 3813 4485 ,ςτκβ¹,
3875 4416 4001 4469 ενδι-

2414 4510 2603 4561 κτιῶνι
2653 4506 2722 4572 ζ’,
2764 4509 2858 4561 ἐπὶ
2897 4508 3248 4579 συμϐάσης¹⁶
3296 4508 3467 4577 ῆττης
3513 4506 3811 4573 Ῥωμαίοις
3850 4510 4002 4576 παρὰ

2417 4600 2723 4671 Κρούμμου
2753 4600 2849 4655 τοῦ
2877 4600 3124 4673 ἀρχηγοῦ
3144 4599 3468 4669 Βουλγὰρων
3504 4599 3605 4671 (ι),
3627 4600 3859 4662 Λέοντός
3875 4617 3939 4665 γε
3959 4600 4000 4629 ¹¹

2413 4694 2721 4763 τηνικαῦτα
2762 4694 3198 4766 στρατηγοῦντος
3229 4692 3340 4747 τῶν
3381 4692 3773 4755 ’Δνατολικῶν,
3819 4694 3894 4762 μὴ
3934 4695 4002 4761 τῇ

2417 4789 2702 4858 συμπλοκῇ
2721 4788 2815 4841 τοῦ
2844 4790 3081 4858 πολέμου
3102 4788 3489 4859 περιτυχόντας
3516 4786 3621 4859 (2),
3649 4786 3791 4840 ἀλλὰ
3815 4803 4003 4839 σκαιο-

2416 4875 2621 4940 ϐούλως
2660 4878 3119 4949 ὑποχωρήσαντος
3152 4880 3250 4932 σὺν
3284 4879 3362 4947 τῷ
3409 4877 3503 4931 ὑπ’
3531 4878 3694 4931 αὑτὸν
3729 4878 4001 4947 τάγματι,

2414 4969 3005 5040 καιροφυλακοῦντος¹¹
3079 4968 3178 5040 τὴν
3226 4971 3327 5040 τῆς
3380 4969 3660 5039 βασιλείας
3725 4970 4001 5031 ἐπίθεσιν,

2418 5061 2594 5129 φυγὰς
2624 5062 2653 5113 ὁ
2681 5061 2933 5131 βασιλεὺς
2986 5063 3210 5133 Μιχαὴλ
3242 5061 3491 5117 ἐντεῦθεν
3536 5061 3869 5117 καθίσταται
3912 5065 4008 5113 σὺν

2420 5150 2501 5218 τῷ
2530 5151 2938 5222 περιλειφθέντι
2968 5151 3120 5222 αὐτῷ
3142 5151 3279 5223 λαῷ.

2037 5259 2126 5315 VA
2136 5260 2273 5317 ΒΙᾹΞ
2316 5262 2614 5319 LECTION
2622 5266 2726 5320 ES.

807 5358 821 5386 ‘
855 5354 1036 5434 Ιξιδει·Ζ
1066 5353 1366 5434 Βασιλειῶν
1398 5365 1587 5434 a'_0m.
1722 5361 1743 5390 ¹
1774 5358 2219 5434 φιλρδεσςποτείας
2256 5361 2317 5418 L.
2360 5433 2364 5434 ί
2394 5362 2730 5434 ³νπροοίμιον
2759 5378 2945 5434 margo
2973 5362 3038 5417 L.
3097 5364 3115 5393 ‘
3140 5364 3563 5433 ἐπιλειμμένους
3590 5360 3653 5415 L.
3713 5363 3734 5393 ⁸
3758 5361 4006 5434 ἀμοσγέ-

734 5443 850 5489 πως
884 5426 943 5479 L.
1018 5428 1429 5499 ‘_napdppqpat
1458 5429 1519 5482 L.

735 5499 777 5526 ”
809 5497 1343 5568 καιροφυλακοῦντας
1368 5500 1431 5564 L,
1463 5498 2030 5571 καιροφυλακτοῦντος
2064 5497 2129 5553 γ.

913 5596 937 5627 3

810 5694 887 5773 (l‘)
919 5703 990 5773 De
1018 5703 1123 5759 hoc
1162 5704 1307 5759 bello
1341 5705 1532 5761 Noster
1567 5707 1703 5760 infra
1738 5723 1788 5773 ιι.
1838 5707 1917 5761 ιε.

808 5772 886 5843 (2)
914 5772 1194 5831 Cedrcnus
1223 5777 1410 5841 etiam,
1448 5793 1500 5845 ιι.
1551 5778 1644 5833 £83
1668 5772 1799 5833 edit.
1842 5778 2011 5834 Paris.
2050 5788 2102 5835 ot
2130 5779 2303 5833 Zona.

1622 5431 1641 5459 "
1683 5429 1958 5505 λυσιτελὲς
1990 5428 2147 5505 L.__'
2176 5433 2385 5501 ἐμαυτὸ
2415 5428 2498 5487 ιη’
2547 5436 2568 5466 ⁹
2604 5428 2991 5505 ἆναγράψᾱμαι
3020 5434 3080 5489 L.
3152 5435 3193 5466 ¹⁶
3221 5428 3608 5505 ἐπισυμϐἀσης
3638 5435 3701 5487 L.

3782 5435 3821 5464 "
3852 5449 3913 5484 τε
3940 5430 4003 5486 L.

1889 5612 2132 5670 STEPll.
2163 5614 2339 5669 BERG
2349 5612 2505 5668 LER]
2549 5611 2781 5667 ΝΟΤΑΞ..

2422 5723 2530 5767 ras,
2569 5724 2620 5776 p.
2658 5706 2754 5760 127
2785 5705 2918 5779 edit.
2958 5706 3130 5762 Paris.
3191 5708 3349 5779 culpa
3383 5708 3585 5764 Leonis
3625 5709 3802 5765 victos
3833 5709 4008 5767 fuisse

2419 5780 2696 5834 Romanos
2731 5777 2976 5832 tradunt.
