  <div class='ocr_page' id='page_1' title='image "/cluster/home/n/w/nwhite01/storage/ocr_20150623/109/nnc1.0046979867/504.png"; bbox 0 0 4146 6436; ppageno 0'>
   <div class='ocr_carea' id='block_1_1' title="bbox 147 429 259 494">
    <p class='ocr_par' dir='ltr' id='par_1_1' title="bbox 147 429 259 494">
     <span class='ocr_line' id='line_1_1' title="bbox 147 429 259 494; baseline 0.027 -3"><span class='ocrx_word' id='word_1_1' title='bbox 147 429 259 494; x_wconf 84' lang='lat'><strong>993</strong></span> 
     </span>
    </p>
   </div>
   <div class='ocr_carea' id='block_1_2' title="bbox 1496 428 2035 493">
    <p class='ocr_par' dir='ltr' id='par_1_2' title="bbox 1496 428 2035 493">
     <span class='ocr_line' id='line_1_2' title="bbox 1496 428 2035 493; baseline 0.011 -6"><span class='ocrx_word' id='word_1_2' title='bbox 1496 428 1767 488; x_wconf 78' lang='lat' dir='ltr'>REGUM</span> <span class='ocrx_word' id='word_1_3' title='bbox 1810 432 1954 491; x_wconf 73' lang='grc' dir='ltr'><strong>ΗΒ.</strong></span> <span class='ocrx_word' id='word_1_4' title='bbox 1992 433 2035 493; x_wconf 91' lang='grc' dir='ltr'><strong>Ῐ.</strong></span> 
     </span>
    </p>
   </div>
   <div class='ocr_carea' id='block_1_3' title="bbox 3303 435 3418 503">
    <p class='ocr_par' dir='ltr' id='par_1_3' title="bbox 3303 435 3418 503">
     <span class='ocr_line' id='line_1_3' title="bbox 3303 435 3418 503; baseline -0.043 1"><span class='ocrx_word' id='word_1_5' title='bbox 3303 435 3418 503; x_wconf 63' lang='grc'><strong>994</strong></span> 
     </span>
    </p>
   </div>
   <div class='ocr_carea' id='block_1_4' title="bbox 232 539 1715 622">
    <p class='ocr_par' dir='ltr' id='par_1_4' title="bbox 232 539 1708 610">
     <span class='ocr_line' id='line_1_4' title="bbox 232 539 1708 610; baseline 0 -16"><span class='ocrx_word' id='word_1_6' title='bbox 232 544 324 604; x_wconf 81' lang='grc' dir='ltr'>Ὠς</span> <span class='ocrx_word' id='word_1_7' title='bbox 353 541 408 593; x_wconf 84' lang='grc' dir='ltr'><strong>δέ</strong></span> <span class='ocrx_word' id='word_1_8' title='bbox 452 558 594 603; x_wconf 87' lang='grc' dir='ltr'>τινες</span> <span class='ocrx_word' id='word_1_9' title='bbox 627 541 836 609; x_wconf 82' lang='grc' dir='ltr'><strong>ἔφησαν</strong></span> <span class='ocrx_word' id='word_1_10' title='bbox 870 539 972 610; x_wconf 81' lang='lat'><strong>(5),</strong></span> <span class='ocrx_word' id='word_1_11' title='bbox 1014 539 1092 592; x_wconf 83' lang='grc' dir='ltr'>ὃτι</span> <span class='ocrx_word' id='word_1_12' title='bbox 1140 539 1300 610; x_wconf 80' lang='grc' dir='ltr'><strong>μόνος</strong></span> <span class='ocrx_word' id='word_1_13' title='bbox 1340 543 1366 592; x_wconf 90' lang='lat'><strong>6</strong></span> <span class='ocrx_word' id='word_1_14' title='bbox 1407 542 1561 593; x_wconf 82' lang='grc' dir='ltr'>Λέων</span> <span class='ocrx_word' id='word_1_15' title='bbox 1606 542 1708 595; x_wconf 83' lang='grc' dir='ltr'><strong>καθ</strong></span> 
     </span>
    </p>
   </div>
   <div class='ocr_carea' id='block_1_5' title="bbox 1821 539 3415 622">
    <p class='ocr_par' dir='ltr' id='par_1_5' title="bbox 1908 545 3415 622">
     <span class='ocr_line' id='line_1_5' title="bbox 1908 545 3415 622; baseline 0.011 -29"><span class='ocrx_word' id='word_1_16' title='bbox 1908 545 1975 599; x_wconf 82' lang='lat' dir='ltr'><strong>lit</strong></span> <span class='ocrx_word' id='word_1_17' title='bbox 2008 560 2137 597; x_wconf 78' lang='lat' dir='ltr'><strong>vero</strong></span> <span class='ocrx_word' id='word_1_18' title='bbox 2173 547 2424 600; x_wconf 77' lang='lat' dir='ltr'><strong>nonnulli</strong></span> <span class='ocrx_word' id='word_1_19' title='bbox 2453 548 2607 601; x_wconf 90' lang='lat' dir='ltr'><strong>aiunt</strong></span> <span class='ocrx_word' id='word_1_20' title='bbox 2643 566 2655 601; x_wconf 91' lang='lat'><strong>:</strong></span> <span class='ocrx_word' id='word_1_21' title='bbox 2689 548 2850 606; x_wconf 90' lang='lat' dir='ltr'><strong>Solus</strong></span> <span class='ocrx_word' id='word_1_22' title='bbox 2876 550 2987 605; x_wconf 90' lang='lat' dir='ltr'><strong>Leo</strong></span> <span class='ocrx_word' id='word_1_23' title='bbox 3036 566 3145 606; x_wconf 90' lang='lat' dir='ltr'><strong>una</strong></span> <span class='ocrx_word' id='word_1_24' title='bbox 3175 553 3415 622; x_wconf 90' lang='lat' dir='ltr'><strong>quadam</strong></span> 
     </span>
    </p>
   </div>
   <div class='ocr_carea' id='block_1_6' title="bbox 143 629 1731 701">
    <p class='ocr_par' dir='ltr' id='par_1_6' title="bbox 143 629 1731 701">
     <span class='ocr_line' id='line_1_6' title="bbox 143 629 1731 701; baseline 0 -18"><span class='ocrx_word' id='word_1_25' title='bbox 143 633 205 683; x_wconf 73' lang='grc' dir='ltr'>ἓν</span> <span class='ocrx_word' id='word_1_26' title='bbox 244 649 295 684; x_wconf 87' lang='grc' dir='ltr'><strong>τι</strong></span> <span class='ocrx_word' id='word_1_27' title='bbox 342 634 509 701; x_wconf 81' lang='grc' dir='ltr'>μέρος</span> <span class='ocrx_word' id='word_1_28' title='bbox 544 630 871 701; x_wconf 74' lang='grc' dir='ltr'>προσϐαλὼν</span> <span class='ocrx_word' id='word_1_29' title='bbox 921 629 1249 700; x_wconf 82' lang='grc' dir='ltr'>Βουλγάροις</span> <span class='ocrx_word' id='word_1_30' title='bbox 1280 633 1539 697; x_wconf 77' lang='grc' dir='ltr'>γενναίως</span> <span class='ocrx_word' id='word_1_31' title='bbox 1596 650 1731 685; x_wconf 75' lang='grc' dir='ltr'>κατ-</span> 
     </span>
    </p>
   </div>
   <div class='ocr_carea' id='block_1_7' title="bbox 144 722 1730 792">
    <p class='ocr_par' dir='ltr' id='par_1_7' title="bbox 144 722 1730 792">
     <span class='ocr_line' id='line_1_7' title="bbox 144 722 1730 792; baseline 0 -17"><span class='ocrx_word' id='word_1_32' title='bbox 144 723 471 791; x_wconf 68' lang='grc' dir='ltr'>ηγωνίζετο,</span> <span class='ocrx_word' id='word_1_33' title='bbox 525 724 600 785; x_wconf 85' lang='grc' dir='ltr'><strong>ὡς</strong></span> <span class='ocrx_word' id='word_1_34' title='bbox 664 722 875 774; x_wconf 76' lang='grc' dir='ltr'>ἐνθένδε</span> <span class='ocrx_word' id='word_1_35' title='bbox 930 722 1198 792; x_wconf 75' lang='grc' dir='ltr'><strong>μεγίστην</strong></span> <span class='ocrx_word' id='word_1_36' title='bbox 1253 723 1586 776; x_wconf 74' lang='grc' dir='ltr'>ἀποίσασθαι</span> <span class='ocrx_word' id='word_1_37' title='bbox 1642 723 1730 775; x_wconf 76' lang='grc' dir='ltr'><strong>εὕ-</strong></span> 
     </span>
    </p>
   </div>
   <div class='ocr_carea' id='block_1_8' title="bbox 1838 640 3414 714">
    <p class='ocr_par' dir='ltr' id='par_1_8' title="bbox 1838 640 3414 714">
     <span class='ocr_line' id='line_1_8' title="bbox 1838 640 3414 714; baseline 0.006 -25"><span class='ocrx_word' id='word_1_38' title='bbox 1838 645 1993 705; x_wconf 86' lang='lat' dir='ltr'><strong>parte</strong></span> <span class='ocrx_word' id='word_1_39' title='bbox 2022 652 2307 705; x_wconf 73' lang='lat' dir='ltr'><strong>aggressus</strong></span> <span class='ocrx_word' id='word_1_40' title='bbox 2332 640 2597 709; x_wconf 84' lang='lat' dir='ltr'><strong>Bulgaros</strong></span> <span class='ocrx_word' id='word_1_41' title='bbox 2620 648 2844 695; x_wconf 88' lang='lat' dir='ltr'><strong>strenue</strong></span> <span class='ocrx_word' id='word_1_42' title='bbox 2885 642 3322 714; x_wconf 83' lang='lat' dir='ltr'><strong>depugnaverat,</strong></span> <span class='ocrx_word' id='word_1_43' title='bbox 3351 656 3414 700; x_wconf 89' lang='lat' dir='ltr'><strong>ut</strong></span> 
     </span>
    </p>
   </div>
   <div class='ocr_carea' id='block_1_9' title="bbox 1836 727 3412 803">
    <p class='ocr_par' dir='ltr' id='par_1_9' title="bbox 1836 727 3412 803">
     <span class='ocr_line' id='line_1_9' title="bbox 1836 727 3412 803; baseline 0.007 -24"><span class='ocrx_word' id='word_1_44' title='bbox 1836 727 1965 781; x_wconf 89' lang='lat' dir='ltr'><strong>hinc</strong></span> <span class='ocrx_word' id='word_1_45' title='bbox 1990 728 2281 781; x_wconf 77' lang='lat' dir='ltr'><strong>maximam</strong></span> <span class='ocrx_word' id='word_1_46' title='bbox 2318 734 2625 799; x_wconf 82' lang='lat' dir='ltr'><strong>reportaret</strong></span> <span class='ocrx_word' id='word_1_47' title='bbox 2671 732 2899 800; x_wconf 79' lang='lat' dir='ltr'><strong>gloriam</strong></span> <span class='ocrx_word' id='word_1_48' title='bbox 2942 733 3287 803; x_wconf 87' lang='lat' dir='ltr'><strong>:imperator</strong></span> <span class='ocrx_word' id='word_1_49' title='bbox 3312 753 3412 790; x_wconf 90' lang='lat' dir='ltr'><strong>au-</strong></span> 
     </span>
    </p>
   </div>
   <div class='ocr_carea' id='block_1_10' title="bbox 143 816 1715 891">
    <p class='ocr_par' dir='ltr' id='par_1_10' title="bbox 143 816 1715 886">
     <span class='ocr_line' id='line_1_10' title="bbox 143 816 1715 886; baseline 0.002 -20"><span class='ocrx_word' id='word_1_50' title='bbox 143 819 371 869; x_wconf 61' lang='grc' dir='ltr'>χὶειαν·</span> <span class='ocrx_word' id='word_1_51' title='bbox 422 819 449 868; x_wconf 89' lang='grc' dir='ltr'><strong>ὁ</strong></span> <span class='ocrx_word' id='word_1_52' title='bbox 490 818 547 869; x_wconf 79' lang='grc' dir='ltr'>δὲ</span> <span class='ocrx_word' id='word_1_53' title='bbox 595 816 846 884; x_wconf 75' lang='grc' dir='ltr'>βασιλεὺς</span> <span class='ocrx_word' id='word_1_54' title='bbox 873 817 971 885; x_wconf 82' lang='grc' dir='ltr'><strong>τὴν</strong></span> <span class='ocrx_word' id='word_1_55' title='bbox 1000 816 1138 885; x_wconf 81' lang='grc' dir='ltr'>πρὸς</span> <span class='ocrx_word' id='word_1_56' title='bbox 1166 816 1513 886; x_wconf 70' lang='grc' dir='ltr'>ὑποστροφὴν</span> <span class='ocrx_word' id='word_1_57' title='bbox 1548 817 1715 886; x_wconf 59' lang='grc' dir='ltr'>τρίόοπ</span> 
     </span>
    </p>
   </div>
   <div class='ocr_carea' id='block_1_11' title="bbox 1821 816 3416 891">
    <p class='ocr_par' dir='ltr' id='par_1_11' title="bbox 1837 818 3416 891">
     <span class='ocr_line' id='line_1_11' title="bbox 1837 818 3416 891; baseline 0.006 -22"><span class='ocrx_word' id='word_1_58' title='bbox 1837 825 1943 870; x_wconf 89' lang='lat' dir='ltr'><strong>lem</strong></span> <span class='ocrx_word' id='word_1_59' title='bbox 1968 818 2036 870; x_wconf 92' lang='lat' dir='ltr'><strong>ad</strong></span> <span class='ocrx_word' id='word_1_60' title='bbox 2088 820 2473 872; x_wconf 80' lang='lat' dir='ltr'><strong>revertendum</strong></span> <span class='ocrx_word' id='word_1_61' title='bbox 2526 821 2631 875; x_wconf 91' lang='lat' dir='ltr'><strong>iter</strong></span> <span class='ocrx_word' id='word_1_62' title='bbox 2686 821 2966 891; x_wconf 81' lang='lat' dir='ltr'><strong>ingressus</strong></span> <span class='ocrx_word' id='word_1_63' title='bbox 3027 833 3130 886; x_wconf 88' lang='lat' dir='ltr'><strong>est,</strong></span> <span class='ocrx_word' id='word_1_64' title='bbox 3166 824 3416 879; x_wconf 75' lang='lat' dir='ltr'><strong>subditos</strong></span> 
     </span>
    </p>
   </div>
   <div class='ocr_carea' id='block_1_12' title="bbox 142 908 1724 978">
    <p class='ocr_par' dir='ltr' id='par_1_12' title="bbox 142 908 1724 978">
     <span class='ocr_line' id='line_1_12' title="bbox 142 908 1724 978; baseline 0.003 -21"><span class='ocrx_word' id='word_1_65' title='bbox 142 910 454 978; x_wconf 65' lang='grc' dir='ltr'>ἐστήριξεν,</span> <span class='ocrx_word' id='word_1_66' title='bbox 486 908 593 960; x_wconf 83' lang='grc' dir='ltr'><strong>τῶν</strong></span> <span class='ocrx_word' id='word_1_67' title='bbox 625 910 882 978; x_wconf 77' lang='grc' dir='ltr'><strong>ὑπηκόων</strong></span> <span class='ocrx_word' id='word_1_68' title='bbox 909 908 1138 963; x_wconf 85' lang='grc' dir='ltr'>πλεῖστα</span> <span class='ocrx_word' id='word_1_69' title='bbox 1169 908 1623 978; x_wconf 75' lang='grc' dir='ltr'><strong>καταιτιώμενος,</strong></span> <span class='ocrx_word' id='word_1_70' title='bbox 1648 909 1724 971; x_wconf 87' lang='grc' dir='ltr'>ὡς</span> 
     </span>
    </p>
   </div>
   <div class='ocr_carea' id='block_1_13' title="bbox 143 997 1728 1067">
    <p class='ocr_par' dir='ltr' id='par_1_13' title="bbox 143 997 1728 1067">
     <span class='ocr_line' id='line_1_13' title="bbox 143 997 1728 1067; baseline 0.003 -21"><span class='ocrx_word' id='word_1_71' title='bbox 143 997 220 1064; x_wconf 76' lang='grc' dir='ltr'>μὴ</span> <span class='ocrx_word' id='word_1_72' title='bbox 268 998 711 1066; x_wconf 79' lang='grc' dir='ltr'>πεφροντικότων</span> <span class='ocrx_word' id='word_1_73' title='bbox 761 997 871 1049; x_wconf 86' lang='grc' dir='ltr'><strong>τῶν</strong></span> <span class='ocrx_word' id='word_1_74' title='bbox 933 999 1226 1067; x_wconf 61' lang='grc' dir='ltr'>ἐγγράφων</span> <span class='ocrx_word' id='word_1_75' title='bbox 1294 999 1473 1067; x_wconf 82' lang='grc' dir='ltr'>ὅρκων</span> <span class='ocrx_word' id='word_1_76' title='bbox 1526 999 1728 1065; x_wconf 80' lang='grc' dir='ltr'>αὐτῶν,</span> 
     </span>
    </p>
   </div>
   <div class='ocr_carea' id='block_1_14' title="bbox 141 1084 1729 1161">
    <p class='ocr_par' dir='ltr' id='par_1_14' title="bbox 141 1084 1729 1161">
     <span class='ocr_line' id='line_1_14' title="bbox 141 1084 1729 1161; baseline 0.003 -22"><span class='ocrx_word' id='word_1_77' title='bbox 141 1089 281 1141; x_wconf 74' lang='grc' dir='ltr'>ἀλλὰ</span> <span class='ocrx_word' id='word_1_78' title='bbox 314 1089 779 1159; x_wconf 84' lang='grc' dir='ltr'>προσχωρούντων</span> <span class='ocrx_word' id='word_1_79' title='bbox 801 1091 879 1152; x_wconf 82' lang='grc' dir='ltr'><strong>είς</strong></span> <span class='ocrx_word' id='word_1_80' title='bbox 902 1090 1235 1153; x_wconf 79' lang='grc' dir='ltr'>διαστάσεις,</span> <span class='ocrx_word' id='word_1_81' title='bbox 1265 1091 1320 1155; x_wconf 80' lang='grc' dir='ltr'><strong>ἐξ</strong></span> <span class='ocrx_word' id='word_1_82' title='bbox 1350 1084 1536 1159; x_wconf 86' lang='grc' dir='ltr'>ὧνπερ</span> <span class='ocrx_word' id='word_1_83' title='bbox 1565 1086 1729 1161; x_wconf 83' lang='grc' dir='ltr'>ἧτται</span> 
     </span>
    </p>
   </div>
   <div class='ocr_carea' id='block_1_15' title="bbox 143 1180 1727 1252">
    <p class='ocr_par' dir='ltr' id='par_1_15' title="bbox 143 1180 1727 1252">
     <span class='ocr_line' id='line_1_15' title="bbox 143 1180 1727 1252; baseline 0.001 -19"><span class='ocrx_word' id='word_1_84' title='bbox 143 1182 561 1250; x_wconf 77' lang='grc' dir='ltr'>συμϐαίνουσιν,</span> <span class='ocrx_word' id='word_1_85' title='bbox 598 1182 910 1251; x_wconf 77' lang='grc' dir='ltr'>προστάξας</span> <span class='ocrx_word' id='word_1_86' title='bbox 960 1180 1037 1252; x_wconf 80' lang='grc' dir='ltr'><strong>τῷ</strong></span> <span class='ocrx_word' id='word_1_87' title='bbox 1093 1182 1284 1234; x_wconf 83' lang='grc' dir='ltr'>Λέοντι</span> <span class='ocrx_word' id='word_1_88' title='bbox 1337 1181 1474 1251; x_wconf 87' lang='grc' dir='ltr'>μετά</span> <span class='ocrx_word' id='word_1_89' title='bbox 1508 1182 1602 1234; x_wconf 91' lang='grc' dir='ltr'><strong>τοῦ</strong></span> <span class='ocrx_word' id='word_1_90' title='bbox 1636 1184 1727 1234; x_wconf 81' lang='grc' dir='ltr'>ὑπ’</span> 
     </span>
    </p>
   </div>
   <div class='ocr_carea' id='block_1_16' title="bbox 139 1273 1723 1344">
    <p class='ocr_par' dir='ltr' id='par_1_16' title="bbox 139 1273 1723 1344">
     <span class='ocr_line' id='line_1_16' title="bbox 139 1273 1723 1344; baseline 0 -17"><span class='ocrx_word' id='word_1_91' title='bbox 139 1274 310 1327; x_wconf 77' lang='grc' dir='ltr'>αὐτὸν</span> <span class='ocrx_word' id='word_1_92' title='bbox 345 1273 753 1344; x_wconf 76' lang='grc' dir='ltr'>στρατεύματος</span> <span class='ocrx_word' id='word_1_93' title='bbox 788 1274 894 1339; x_wconf 75' lang='grc' dir='ltr'>ἔξω</span> <span class='ocrx_word' id='word_1_94' title='bbox 923 1274 1305 1343; x_wconf 79' lang='grc' dir='ltr'>προσεδρεύειν</span> <span class='ocrx_word' id='word_1_95' title='bbox 1362 1274 1462 1342; x_wconf 79' lang='grc' dir='ltr'>τῆς</span> <span class='ocrx_word' id='word_1_96' title='bbox 1515 1274 1723 1338; x_wconf 87' lang='grc' dir='ltr'>πόλεως</span> 
     </span>
    </p>
   </div>
   <div class='ocr_carea' id='block_1_17' title="bbox 135 1363 1721 1435">
    <p class='ocr_par' dir='ltr' id='par_1_17' title="bbox 135 1363 1721 1435">
     <span class='ocr_line' id='line_1_17' title="bbox 135 1363 1721 1435; baseline 0.002 -19"><span class='ocrx_word' id='word_1_97' title='bbox 135 1365 228 1416; x_wconf 70' lang='grc' dir='ltr'>διὰ</span> <span class='ocrx_word' id='word_1_98' title='bbox 253 1364 353 1433; x_wconf 82' lang='grc' dir='ltr'>τὴν</span> <span class='ocrx_word' id='word_1_99' title='bbox 388 1364 619 1435; x_wconf 80' lang='grc' dir='ltr'>μερικὴν</span> <span class='ocrx_word' id='word_1_100' title='bbox 653 1365 817 1417; x_wconf 80' lang='grc' dir='ltr'>αὑτοῦ</span> <span class='ocrx_word' id='word_1_101' title='bbox 848 1364 983 1434; x_wconf 79' lang='grc' dir='ltr'>πρὸς</span> <span class='ocrx_word' id='word_1_102' title='bbox 1012 1363 1352 1435; x_wconf 84' lang='grc' dir='ltr'>Βουλγάρους</span> <span class='ocrx_word' id='word_1_103' title='bbox 1376 1365 1721 1435; x_wconf 81' lang='grc' dir='ltr'>καθυπερτέο</span> 
     </span>
    </p>
   </div>
   <div class='ocr_carea' id='block_1_18' title="bbox 145 1456 1726 1528">
    <p class='ocr_par' dir='ltr' id='par_1_18' title="bbox 145 1456 1726 1528">
     <span class='ocr_line' id='line_1_18' title="bbox 145 1456 1726 1528; baseline 0.001 -20"><span class='ocrx_word' id='word_1_104' title='bbox 145 1473 336 1525; x_wconf 75' lang='grc' dir='ltr'>ρησιν,</span> <span class='ocrx_word' id='word_1_105' title='bbox 372 1458 452 1518; x_wconf 81' lang='grc' dir='ltr'><strong>είς</strong></span> <span class='ocrx_word' id='word_1_106' title='bbox 474 1457 535 1509; x_wconf 82' lang='grc' dir='ltr'><strong>τὸ</strong></span> <span class='ocrx_word' id='word_1_107' title='bbox 570 1457 643 1527; x_wconf 80' lang='grc' dir='ltr'>μὴ</span> <span class='ocrx_word' id='word_1_108' title='bbox 670 1456 894 1519; x_wconf 80' lang='grc' dir='ltr'>τούτους</span> <span class='ocrx_word' id='word_1_109' title='bbox 919 1456 1263 1528; x_wconf 80' lang='grc' dir='ltr'>ὀλιγανδρίας</span> <span class='ocrx_word' id='word_1_110' title='bbox 1295 1458 1389 1509; x_wconf 78' lang='grc' dir='ltr'><strong>καὶ</strong></span> <span class='ocrx_word' id='word_1_111' title='bbox 1432 1458 1726 1526; x_wconf 79' lang='grc' dir='ltr'>φυγαδείας</span> 
     </span>
    </p>
   </div>
   <div class='ocr_carea' id='block_1_19' title="bbox 147 1544 1726 1621">
    <p class='ocr_par' dir='ltr' id='par_1_19' title="bbox 147 1544 1726 1621">
     <span class='ocr_line' id='line_1_19' title="bbox 147 1544 1726 1621; baseline 0.002 -20"><span class='ocrx_word' id='word_1_112' title='bbox 147 1551 479 1620; x_wconf 81' lang='grc' dir='ltr'>Ῥωμαῖκῆς</span> <span class='ocrx_word' id='word_1_113' title='bbox 501 1549 756 1603; x_wconf 88' lang='grc' dir='ltr'>τοσοῦτον</span> <span class='ocrx_word' id='word_1_114' title='bbox 786 1550 973 1603; x_wconf 81' lang='grc' dir='ltr'>λοιπὸν</span> <span class='ocrx_word' id='word_1_115' title='bbox 1005 1550 1315 1619; x_wconf 76' lang='grc' dir='ltr'>ὑφορᾶσθαι</span> <span class='ocrx_word' id='word_1_116' title='bbox 1336 1551 1399 1605; x_wconf 84' lang='grc'><strong>’³.</strong></span> <span class='ocrx_word' id='word_1_117' title='bbox 1449 1552 1569 1621; x_wconf 69' lang='grc' dir='ltr'><strong>Ἀφ’</strong></span> <span class='ocrx_word' id='word_1_118' title='bbox 1596 1544 1673 1605; x_wconf 84' lang='grc' dir='ltr'>ὧν</span> <span class='ocrx_word' id='word_1_119' title='bbox 1698 1552 1726 1604; x_wconf 87' lang='lat'><strong>6</strong></span> 
     </span>
    </p>
   </div>
   <div class='ocr_carea' id='block_1_20' title="bbox 137 1640 1727 1713">
    <p class='ocr_par' dir='ltr' id='par_1_20' title="bbox 137 1640 1727 1713">
     <span class='ocr_line' id='line_1_20' title="bbox 137 1640 1727 1713; baseline 0.001 -21"><span class='ocrx_word' id='word_1_120' title='bbox 137 1640 536 1710; x_wconf 77' lang='grc' dir='ltr'>στρατιωτικὸς</span> <span class='ocrx_word' id='word_1_121' title='bbox 574 1641 831 1709; x_wconf 85' lang='grc' dir='ltr'>σύλλογος</span> <span class='ocrx_word' id='word_1_122' title='bbox 881 1642 1250 1712; x_wconf 84' lang='grc' dir='ltr'>κατελοιδόρει</span> <span class='ocrx_word' id='word_1_123' title='bbox 1308 1641 1403 1696; x_wconf 90' lang='grc' dir='ltr'><strong>τοῦ</strong></span> <span class='ocrx_word' id='word_1_124' title='bbox 1463 1641 1727 1713; x_wconf 83' lang='grc' dir='ltr'>βασιλέως</span> 
     </span>
    </p>
   </div>
   <div class='ocr_carea' id='block_1_21' title="bbox 135 1732 1725 1803">
    <p class='ocr_par' dir='ltr' id='par_1_21' title="bbox 135 1732 1725 1803">
     <span class='ocr_line' id='line_1_21' title="bbox 135 1732 1725 1803; baseline 0 -20"><span class='ocrx_word' id='word_1_125' title='bbox 135 1732 426 1801; x_wconf 77' lang='grc' dir='ltr'>ἀφέλειαν,</span> <span class='ocrx_word' id='word_1_126' title='bbox 459 1733 553 1785; x_wconf 77' lang='grc' dir='ltr'>καὶ</span> <span class='ocrx_word' id='word_1_127' title='bbox 592 1732 816 1786; x_wconf 75' lang='grc' dir='ltr'>ἔκλυτον</span> <span class='ocrx_word' id='word_1_128' title='bbox 844 1732 1034 1785; x_wconf 87' lang='grc' dir='ltr'>τοῦτον</span> <span class='ocrx_word' id='word_1_129' title='bbox 1066 1733 1456 1803; x_wconf 71' lang='grc' dir='ltr'>ἐπεψηφίζετο,</span> <span class='ocrx_word' id='word_1_130' title='bbox 1493 1733 1587 1784; x_wconf 76' lang='grc' dir='ltr'><strong>καὶ</strong></span> <span class='ocrx_word' id='word_1_131' title='bbox 1634 1732 1725 1784; x_wconf 86' lang='grc' dir='ltr'><strong>τὸν</strong></span> 
     </span>
    </p>
   </div>
   <div class='ocr_carea' id='block_1_22' title="bbox 139 1822 1721 1895">
    <p class='ocr_par' dir='ltr' id='par_1_22' title="bbox 139 1822 1721 1895">
     <span class='ocr_line' id='line_1_22' title="bbox 139 1822 1721 1895; baseline 0 -20"><span class='ocrx_word' id='word_1_132' title='bbox 139 1822 456 1894; x_wconf 81' lang='grc' dir='ltr'>στρατηγὸν</span> <span class='ocrx_word' id='word_1_133' title='bbox 478 1823 682 1877; x_wconf 84' lang='grc' dir='ltr'>Λέοντα</span> <span class='ocrx_word' id='word_1_134' title='bbox 709 1823 1013 1894; x_wconf 81' lang='grc' dir='ltr'>συμφώνως</span> <span class='ocrx_word' id='word_1_135' title='bbox 1041 1826 1119 1888; x_wconf 88' lang='grc' dir='ltr'><strong>είς</strong></span> <span class='ocrx_word' id='word_1_136' title='bbox 1142 1823 1421 1893; x_wconf 86' lang='grc' dir='ltr'>βασιλείαν</span> <span class='ocrx_word' id='word_1_137' title='bbox 1458 1825 1721 1895; x_wconf 84' lang='grc' dir='ltr'>προέκρι-</span> 
     </span>
    </p>
   </div>
   <div class='ocr_carea' id='block_1_23' title="bbox 1833 908 3412 986">
    <p class='ocr_par' dir='ltr' id='par_1_23' title="bbox 1833 908 3412 986">
     <span class='ocr_line' id='line_1_23' title="bbox 1833 908 3412 986; baseline 0.007 -27"><span class='ocrx_word' id='word_1_138' title='bbox 1833 908 2133 975; x_wconf 89' lang='lat' dir='ltr'><strong>plurimum</strong></span> <span class='ocrx_word' id='word_1_139' title='bbox 2159 910 2413 978; x_wconf 87' lang='lat' dir='ltr'><strong>cnlpans,</strong></span> <span class='ocrx_word' id='word_1_140' title='bbox 2444 912 2600 979; x_wconf 88' lang='lat' dir='ltr'><strong>quasi</strong></span> <span class='ocrx_word' id='word_1_141' title='bbox 2656 929 2766 966; x_wconf 90' lang='lat' dir='ltr'><strong>non</strong></span> <span class='ocrx_word' id='word_1_142' title='bbox 2815 923 3102 967; x_wconf 85' lang='lat' dir='ltr'><strong>curassent</strong></span> <span class='ocrx_word' id='word_1_143' title='bbox 3145 916 3412 986; x_wconf 86' lang='lat' dir='ltr'><strong>scriptum</strong></span> 
     </span>
    </p>
   </div>
   <div class='ocr_carea' id='block_1_24' title="bbox 1827 1000 3408 1077">
    <p class='ocr_par' dir='ltr' id='par_1_24' title="bbox 1827 1000 3408 1077">
     <span class='ocr_line' id='line_1_24' title="bbox 1827 1000 3408 1077; baseline 0.008 -25"><span class='ocrx_word' id='word_1_144' title='bbox 1827 1000 2237 1069; x_wconf 84' lang='lat' dir='ltr'><strong>jusjurandum,</strong></span> <span class='ocrx_word' id='word_1_145' title='bbox 2271 1001 2363 1055; x_wconf 91' lang='lat' dir='ltr'><strong>sed</strong></span> <span class='ocrx_word' id='word_1_146' title='bbox 2389 1002 2607 1057; x_wconf 87' lang='lat' dir='ltr'><strong>abirent</strong></span> <span class='ocrx_word' id='word_1_147' title='bbox 2630 1005 2682 1058; x_wconf 91' lang='lat' dir='ltr'><strong>in</strong></span> <span class='ocrx_word' id='word_1_148' title='bbox 2712 1006 2937 1061; x_wconf 90' lang='lat' dir='ltr'><strong>dissidia</strong></span> <span class='ocrx_word' id='word_1_149' title='bbox 2968 1022 3033 1060; x_wconf 83' lang='lat' dir='ltr'><strong>ex</strong></span> <span class='ocrx_word' id='word_1_150' title='bbox 3059 1008 3264 1077; x_wconf 86' lang='lat' dir='ltr'><strong>quibus</strong></span> <span class='ocrx_word' id='word_1_151' title='bbox 3291 1011 3408 1063; x_wconf 87' lang='lat' dir='ltr'><strong>cla-</strong></span> 
     </span>
    </p>
   </div>
   <div class='ocr_carea' id='block_1_25' title="bbox 1831 1091 3409 1163">
    <p class='ocr_par' dir='ltr' id='par_1_25' title="bbox 1831 1091 3409 1163">
     <span class='ocr_line' id='line_1_25' title="bbox 1831 1091 3409 1163; baseline 0.007 -19"><span class='ocrx_word' id='word_1_152' title='bbox 1831 1091 1929 1145; x_wconf 87' lang='lat' dir='ltr'><strong>des</strong></span> <span class='ocrx_word' id='word_1_153' title='bbox 1950 1093 2242 1156; x_wconf 82' lang='lat' dir='ltr'><strong>exsistunt,</strong></span> <span class='ocrx_word' id='word_1_154' title='bbox 2272 1095 2426 1163; x_wconf 86' lang='lat' dir='ltr'><strong>jnsso</strong></span> <span class='ocrx_word' id='word_1_155' title='bbox 2455 1094 2643 1148; x_wconf 86' lang='lat' dir='ltr'><strong>Leone</strong></span> <span class='ocrx_word' id='word_1_156' title='bbox 2703 1111 2828 1150; x_wconf 92' lang='lat' dir='ltr'><strong>cum</strong></span> <span class='ocrx_word' id='word_1_157' title='bbox 2864 1113 2964 1153; x_wconf 91' lang='lat' dir='ltr'><strong>suo</strong></span> <span class='ocrx_word' id='word_1_158' title='bbox 2982 1100 3228 1153; x_wconf 79' lang='lat' dir='ltr'><strong>exercitu</strong></span> <span class='ocrx_word' id='word_1_159' title='bbox 3256 1109 3409 1155; x_wconf 77' lang='lat' dir='ltr'><strong>extra</strong></span> 
     </span>
    </p>
   </div>
   <div class='ocr_carea' id='block_1_26' title="bbox 1833 1182 3417 1265">
    <p class='ocr_par' dir='ltr' id='par_1_26' title="bbox 1833 1182 3417 1265">
     <span class='ocr_line' id='line_1_26' title="bbox 1833 1182 3417 1265; baseline 0.007 -29"><span class='ocrx_word' id='word_1_160' title='bbox 1833 1182 2029 1238; x_wconf 88' lang='lat' dir='ltr'><strong>urbem</strong></span> <span class='ocrx_word' id='word_1_161' title='bbox 2077 1185 2373 1251; x_wconf 80' lang='lat' dir='ltr'><strong>excubare,</strong></span> <span class='ocrx_word' id='word_1_162' title='bbox 2416 1186 2545 1256; x_wconf 86' lang='lat' dir='ltr'><strong>quia</strong></span> <span class='ocrx_word' id='word_1_163' title='bbox 2579 1186 2698 1258; x_wconf 88' lang='lat' dir='ltr'><strong>ipse</strong></span> <span class='ocrx_word' id='word_1_164' title='bbox 2727 1203 2823 1257; x_wconf 92' lang='lat' dir='ltr'><strong>pro</strong></span> <span class='ocrx_word' id='word_1_165' title='bbox 2852 1199 3006 1259; x_wconf 91' lang='lat' dir='ltr'><strong>parte</strong></span> <span class='ocrx_word' id='word_1_166' title='bbox 3034 1206 3133 1246; x_wconf 82' lang='lat' dir='ltr'><strong>sua</strong></span> <span class='ocrx_word' id='word_1_167' title='bbox 3160 1191 3417 1265; x_wconf 86' lang='lat' dir='ltr'><strong>Bulgaris</strong></span> 
     </span>
    </p>
   </div>
   <div class='ocr_carea' id='block_1_27' title="bbox 1832 1275 3412 1353">
    <p class='ocr_par' dir='ltr' id='par_1_27' title="bbox 1832 1275 3412 1353">
     <span class='ocr_line' id='line_1_27' title="bbox 1832 1275 3412 1353; baseline 0.008 -25"><span class='ocrx_word' id='word_1_168' title='bbox 1832 1275 2089 1343; x_wconf 88' lang='lat' dir='ltr'><strong>superior</strong></span> <span class='ocrx_word' id='word_1_169' title='bbox 2122 1276 2171 1346; x_wconf 85' lang='lat'><strong>5</strong></span> <span class='ocrx_word' id='word_1_170' title='bbox 2200 1277 2414 1342; x_wconf 82' lang='lat' dir='ltr'><strong>fuisset,</strong></span> <span class='ocrx_word' id='word_1_171' title='bbox 2450 1294 2519 1333; x_wconf 88' lang='lat' dir='ltr'><strong>ne</strong></span> <span class='ocrx_word' id='word_1_172' title='bbox 2546 1278 2635 1333; x_wconf 88' lang='lat' dir='ltr'><strong>isti</strong></span> <span class='ocrx_word' id='word_1_173' title='bbox 2674 1280 2786 1351; x_wconf 85' lang='lat' dir='ltr'><strong>jam</strong></span> <span class='ocrx_word' id='word_1_174' title='bbox 2830 1280 2897 1335; x_wconf 89' lang='lat' dir='ltr'><strong>de</strong></span> <span class='ocrx_word' id='word_1_175' title='bbox 2923 1281 3187 1337; x_wconf 85' lang='lat' dir='ltr'><strong>Romanis</strong></span> <span class='ocrx_word' id='word_1_176' title='bbox 3218 1285 3412 1353; x_wconf 80' lang='lat' dir='ltr'><strong>pauci-</strong></span> 
     </span>
    </p>
   </div>
   <div class='ocr_carea' id='block_1_28' title="bbox 1832 1366 3407 1445">
    <p class='ocr_par' dir='ltr' id='par_1_28' title="bbox 1832 1366 3407 1445">
     <span class='ocr_line' id='line_1_28' title="bbox 1832 1366 3407 1445; baseline 0.008 -26"><span class='ocrx_word' id='word_1_177' title='bbox 1832 1367 1963 1420; x_wconf 87' lang='lat' dir='ltr'><strong>tatis</strong></span> <span class='ocrx_word' id='word_1_178' title='bbox 1988 1375 2045 1420; x_wconf 89' lang='lat' dir='ltr'><strong>et</strong></span> <span class='ocrx_word' id='word_1_179' title='bbox 2074 1366 2385 1437; x_wconf 86' lang='lat' dir='ltr'><strong>fugacitatis</strong></span> <span class='ocrx_word' id='word_1_180' title='bbox 2410 1369 2726 1438; x_wconf 88' lang='lat' dir='ltr'><strong>opinionem</strong></span> <span class='ocrx_word' id='word_1_181' title='bbox 2758 1373 2986 1427; x_wconf 86' lang='lat' dir='ltr'><strong>nimiam</strong></span> <span class='ocrx_word' id='word_1_182' title='bbox 3029 1376 3407 1445; x_wconf 88' lang='lat' dir='ltr'><strong>conciperent.</strong></span> 
     </span>
    </p>
   </div>
   <div class='ocr_carea' id='block_1_29' title="bbox 1830 1455 3407 1519">
    <p class='ocr_par' dir='ltr' id='par_1_29' title="bbox 1830 1455 3407 1519">
     <span class='ocr_line' id='line_1_29' title="bbox 1830 1455 3407 1519; baseline 0.005 -8"><span class='ocrx_word' id='word_1_183' title='bbox 1830 1456 1987 1511; x_wconf 90' lang='lat' dir='ltr'><strong>Unde</strong></span> <span class='ocrx_word' id='word_1_184' title='bbox 2018 1455 2223 1509; x_wconf 89' lang='lat' dir='ltr'><strong>factum</strong></span> <span class='ocrx_word' id='word_1_185' title='bbox 2261 1466 2320 1510; x_wconf 92' lang='lat' dir='ltr'><strong>ut</strong></span> <span class='ocrx_word' id='word_1_186' title='bbox 2346 1458 2599 1513; x_wconf 88' lang='lat' dir='ltr'><strong>militaris</strong></span> <span class='ocrx_word' id='word_1_187' title='bbox 2648 1462 2948 1516; x_wconf 88' lang='lat' dir='ltr'><strong>multitudo</strong></span> <span class='ocrx_word' id='word_1_188' title='bbox 2983 1472 3272 1519; x_wconf 85' lang='lat' dir='ltr'><strong>accusaret</strong></span> <span class='ocrx_word' id='word_1_189' title='bbox 3303 1466 3407 1519; x_wconf 87' lang='lat' dir='ltr'><strong>im-</strong></span> 
     </span>
    </p>
   </div>
   <div class='ocr_carea' id='block_1_30' title="bbox 1829 1548 3408 1618">
    <p class='ocr_par' dir='ltr' id='par_1_30' title="bbox 1829 1548 3408 1618">
     <span class='ocr_line' id='line_1_30' title="bbox 1829 1548 3408 1618; baseline 0.007 -18"><span class='ocrx_word' id='word_1_190' title='bbox 1829 1549 2102 1615; x_wconf 89' lang='lat' dir='ltr'><strong>peratoris</strong></span> <span class='ocrx_word' id='word_1_191' title='bbox 2137 1548 2574 1618; x_wconf 83' lang='lat' dir='ltr'><strong>simplicitatem,</strong></span> <span class='ocrx_word' id='word_1_192' title='bbox 2605 1564 2669 1605; x_wconf 91' lang='lat' dir='ltr'><strong>ac</strong></span> <span class='ocrx_word' id='word_1_193' title='bbox 2720 1553 2886 1607; x_wconf 87' lang='lat' dir='ltr'><strong>nimis</strong></span> <span class='ocrx_word' id='word_1_194' title='bbox 2942 1556 3233 1610; x_wconf 88' lang='lat' dir='ltr'><strong>remissum</strong></span> <span class='ocrx_word' id='word_1_195' title='bbox 3280 1572 3408 1611; x_wconf 89' lang='lat' dir='ltr'><strong>eum</strong></span> 
     </span>
    </p>
   </div>
   <div class='ocr_carea' id='block_1_31' title="bbox 1822 1640 3409 1719">
    <p class='ocr_par' dir='ltr' id='par_1_31' title="bbox 1822 1640 3409 1719">
     <span class='ocr_line' id='line_1_31' title="bbox 1822 1640 3409 1719; baseline 0.007 -27"><span class='ocrx_word' id='word_1_196' title='bbox 1822 1640 2115 1709; x_wconf 89' lang='lat' dir='ltr'><strong>judicaret,</strong></span> <span class='ocrx_word' id='word_1_197' title='bbox 2171 1641 2478 1711; x_wconf 86' lang='lat' dir='ltr'><strong>ducemque</strong></span> <span class='ocrx_word' id='word_1_198' title='bbox 2531 1641 2772 1698; x_wconf 87' lang='lat' dir='ltr'><strong>Leonem</strong></span> <span class='ocrx_word' id='word_1_199' title='bbox 2815 1662 2922 1700; x_wconf 84' lang='lat' dir='ltr'><strong>una</strong></span> <span class='ocrx_word' id='word_1_200' title='bbox 2963 1663 3096 1702; x_wconf 75' lang='lat' dir='ltr'><strong>voce</strong></span> <span class='ocrx_word' id='word_1_201' title='bbox 3129 1648 3195 1703; x_wconf 87' lang='lat' dir='ltr'><strong>ad</strong></span> <span class='ocrx_word' id='word_1_202' title='bbox 3229 1649 3409 1719; x_wconf 56' lang='lat' dir='ltr'><strong>impe~</strong></span> 
     </span>
    </p>
   </div>
   <div class='ocr_carea' id='block_1_32' title="bbox 1832 1732 3409 1805">
    <p class='ocr_par' dir='ltr' id='par_1_32' title="bbox 1832 1732 3409 1805">
     <span class='ocr_line' id='line_1_32' title="bbox 1832 1732 3409 1805; baseline 0.007 -20"><span class='ocrx_word' id='word_1_203' title='bbox 1832 1732 1979 1787; x_wconf 90' lang='lat' dir='ltr'><strong>rium</strong></span> <span class='ocrx_word' id='word_1_204' title='bbox 2034 1734 2287 1802; x_wconf 90' lang='lat' dir='ltr'><strong>eligeret.</strong></span> <span class='ocrx_word' id='word_1_205' title='bbox 2323 1733 2422 1787; x_wconf 91' lang='lat' dir='ltr'><strong>Illo</strong></span> <span class='ocrx_word' id='word_1_206' title='bbox 2461 1744 2645 1788; x_wconf 90' lang='lat' dir='ltr'><strong>autem</strong></span> <span class='ocrx_word' id='word_1_207' title='bbox 2699 1736 2972 1805; x_wconf 84' lang='lat' dir='ltr'><strong>profunda</strong></span> <span class='ocrx_word' id='word_1_208' title='bbox 3031 1739 3409 1797; x_wconf 86' lang='lat' dir='ltr'><strong>sollicitudine</strong></span> 
     </span>
    </p>
   </div>
   <div class='ocr_carea' id='block_1_33' title="bbox 1828 1825 3405 1893">
    <p class='ocr_par' dir='ltr' id='par_1_33' title="bbox 1828 1825 3405 1893">
     <span class='ocr_line' id='line_1_33' title="bbox 1828 1825 3405 1893; baseline 0.004 -13"><span class='ocrx_word' id='word_1_209' title='bbox 1828 1841 1948 1880; x_wconf 87' lang='lat' dir='ltr'><strong>sese</strong></span> <span class='ocrx_word' id='word_1_210' title='bbox 1977 1826 2343 1881; x_wconf 87' lang='lat' dir='ltr'><strong>contrahente</strong></span> <span class='ocrx_word' id='word_1_211' title='bbox 2373 1826 2441 1881; x_wconf 90' lang='lat' dir='ltr'><strong>ad</strong></span> <span class='ocrx_word' id='word_1_212' title='bbox 2478 1825 2681 1882; x_wconf 87' lang='lat' dir='ltr'><strong>famam</strong></span> <span class='ocrx_word' id='word_1_213' title='bbox 2734 1830 3046 1893; x_wconf 84' lang='lat' dir='ltr'><strong>electionis,</strong></span> <span class='ocrx_word' id='word_1_214' title='bbox 3082 1839 3144 1885; x_wconf 93' lang='lat' dir='ltr'><strong>ut</strong></span> <span class='ocrx_word' id='word_1_215' title='bbox 3178 1832 3307 1887; x_wconf 91' lang='lat' dir='ltr'><strong>olim</strong></span> <span class='ocrx_word' id='word_1_216' title='bbox 3351 1834 3405 1887; x_wconf 91' lang='lat' dir='ltr'><strong>in</strong></span> 
     </span>
    </p>
   </div>
   <div class='ocr_carea' id='block_1_34' title="bbox 134 1902 1715 1989">
    <p class='ocr_par' dir='ltr' id='par_1_34' title="bbox 134 1914 1712 1988">
     <span class='ocr_line' id='line_1_34' title="bbox 134 1914 1712 1988; baseline 0.002 -23"><span class='ocrx_word' id='word_1_217' title='bbox 134 1933 249 1968; x_wconf 88' lang='grc' dir='ltr'>νεν.</span> <span class='ocrx_word' id='word_1_218' title='bbox 282 1916 389 1967; x_wconf 90' lang='grc' dir='ltr'>Τοῦ</span> <span class='ocrx_word' id='word_1_219' title='bbox 415 1916 472 1969; x_wconf 77' lang='grc' dir='ltr'>δὲ</span> <span class='ocrx_word' id='word_1_220' title='bbox 510 1914 777 1983; x_wconf 81' lang='grc' dir='ltr'>ἀχλυώδει</span> <span class='ocrx_word' id='word_1_221' title='bbox 828 1918 1040 1988; x_wconf 79' lang='grc' dir='ltr'>ἀγωνίᾳ</span> <span class='ocrx_word' id='word_1_222' title='bbox 1069 1918 1163 1970; x_wconf 81' lang='grc' dir='ltr'><strong>καὶ</strong></span> <span class='ocrx_word' id='word_1_223' title='bbox 1197 1916 1365 1987; x_wconf 75' lang='grc' dir='ltr'>πολλῇ</span> <span class='ocrx_word' id='word_1_224' title='bbox 1401 1917 1712 1986; x_wconf 85' lang='grc' dir='ltr'>συμπεσόν-</span> 
     </span>
    </p>
   </div>
   <div class='ocr_carea' id='block_1_35' title="bbox 1821 1902 3411 1989">
    <p class='ocr_par' dir='ltr' id='par_1_35' title="bbox 1827 1920 3411 1989">
     <span class='ocr_line' id='line_1_35' title="bbox 1827 1920 3411 1989; baseline 0.004 -16"><span class='ocrx_word' id='word_1_225' title='bbox 1827 1927 1995 1989; x_wconf 89' lang='lat' dir='ltr'><strong>ponte</strong></span> <span class='ocrx_word' id='word_1_226' title='bbox 2042 1920 2224 1975; x_wconf 82' lang='lat' dir='ltr'><strong>Julius</strong></span> <span class='ocrx_word' id='word_1_227' title='bbox 2277 1921 2478 1987; x_wconf 69' lang='lat' dir='ltr'><strong>Caasar,</strong></span> <span class='ocrx_word' id='word_1_228' title='bbox 2520 1924 2749 1977; x_wconf 80' lang='lat' dir='ltr'><strong>Michael</strong></span> <span class='ocrx_word' id='word_1_229' title='bbox 2806 1923 3147 1979; x_wconf 81' lang='lat' dir='ltr'><strong>Amoriensis</strong></span> <span class='ocrx_word' id='word_1_230' title='bbox 3194 1926 3411 1981; x_wconf 86' lang='lat' dir='ltr'><strong>occisu-</strong></span> 
     </span>
    </p>
   </div>
   <div class='ocr_carea' id='block_1_36' title="bbox 132 2005 1725 2079">
    <p class='ocr_par' dir='ltr' id='par_1_36' title="bbox 132 2005 1725 2079">
     <span class='ocr_line' id='line_1_36' title="bbox 132 2005 1725 2079; baseline 0.003 -25"><span class='ocrx_word' id='word_1_231' title='bbox 132 2022 230 2066; x_wconf 85' lang='grc' dir='ltr'><strong>τος</strong></span> <span class='ocrx_word' id='word_1_232' title='bbox 293 2005 430 2075; x_wconf 81' lang='grc' dir='ltr'>πρὸς</span> <span class='ocrx_word' id='word_1_233' title='bbox 477 2006 635 2076; x_wconf 81' lang='grc' dir='ltr'>λόγον</span> <span class='ocrx_word' id='word_1_234' title='bbox 688 2008 787 2077; x_wconf 85' lang='grc' dir='ltr'>τῆς</span> <span class='ocrx_word' id='word_1_235' title='bbox 833 2007 1196 2079; x_wconf 70' lang='grc' dir='ltr'>ἀναρρήσεως</span> <span class='ocrx_word' id='word_1_236' title='bbox 1231 2005 1307 2077; x_wconf 73' lang='grc'><strong>(4)</strong></span> <span class='ocrx_word' id='word_1_237' title='bbox 1333 2048 1347 2071; x_wconf 95' lang='grc'><strong>,</strong></span> <span class='ocrx_word' id='word_1_238' title='bbox 1380 2005 1563 2070; x_wconf 86' lang='grc' dir='ltr'>καθώς</span> <span class='ocrx_word' id='word_1_239' title='bbox 1593 2022 1725 2059; x_wconf 84' lang='grc' dir='ltr'>ποτε</span> 
     </span>
    </p>
   </div>
   <div class='ocr_carea' id='block_1_37' title="bbox 135 2098 1724 2170">
    <p class='ocr_par' dir='ltr' id='par_1_37' title="bbox 135 2098 1724 2170">
     <span class='ocr_line' id='line_1_37' title="bbox 135 2098 1724 2170; baseline 0.001 -21"><span class='ocrx_word' id='word_1_240' title='bbox 135 2098 287 2151; x_wconf 82' lang='grc' dir='ltr'>κατά</span> <span class='ocrx_word' id='word_1_241' title='bbox 333 2098 583 2170; x_wconf 76' lang='grc' dir='ltr'>γέφυραν</span> <span class='ocrx_word' id='word_1_242' title='bbox 610 2101 775 2153; x_wconf 76' lang='grc' dir='ltr'>Γαΐου</span> <span class='ocrx_word' id='word_1_243' title='bbox 826 2099 920 2153; x_wconf 85' lang='grc' dir='ltr'><strong>τοῦ</strong></span> <span class='ocrx_word' id='word_1_244' title='bbox 968 2099 1266 2169; x_wconf 77' lang='grc' dir='ltr'>Καίσαρος,</span> <span class='ocrx_word' id='word_1_245' title='bbox 1303 2099 1523 2169; x_wconf 83' lang='grc' dir='ltr'>Μιχαὴλ</span> <span class='ocrx_word' id='word_1_246' title='bbox 1577 2099 1606 2150; x_wconf 97' lang='lat'><strong>6</strong></span> <span class='ocrx_word' id='word_1_247' title='bbox 1665 2098 1724 2162; x_wconf 78' lang='grc' dir='ltr'><strong>ἐξ</strong></span> 
     </span>
    </p>
   </div>
   <div class='ocr_carea' id='block_1_38' title="bbox 146 2190 1720 2263">
    <p class='ocr_par' dir='ltr' id='par_1_38' title="bbox 146 2190 1720 2263">
     <span class='ocr_line' id='line_1_38' title="bbox 146 2190 1720 2263; baseline 0 -20"><span class='ocrx_word' id='word_1_248' title='bbox 146 2190 416 2261; x_wconf 76' lang='grc' dir='ltr'>Ἀμορίου</span> <span class='ocrx_word' id='word_1_249' title='bbox 468 2194 789 2263; x_wconf 85' lang='grc' dir='ltr'>ἀναιρήσειν</span> <span class='ocrx_word' id='word_1_250' title='bbox 844 2192 1032 2247; x_wconf 83' lang='grc' dir='ltr'>τοῦτον</span> <span class='ocrx_word' id='word_1_251' title='bbox 1086 2192 1511 2263; x_wconf 79' lang='grc' dir='ltr'>διεμαρτύρατο,</span> <span class='ocrx_word' id='word_1_252' title='bbox 1547 2192 1595 2243; x_wconf 88' lang='grc' dir='ltr'><strong>εί</strong></span> <span class='ocrx_word' id='word_1_253' title='bbox 1645 2190 1720 2259; x_wconf 81' lang='grc' dir='ltr'>μὴ</span> 
     </span>
    </p>
   </div>
   <div class='ocr_carea' id='block_1_39' title="bbox 127 2282 1718 2357">
    <p class='ocr_par' dir='ltr' id='par_1_39' title="bbox 127 2282 1718 2357">
     <span class='ocr_line' id='line_1_39' title="bbox 127 2282 1718 2357; baseline 0 -23"><span class='ocrx_word' id='word_1_254' title='bbox 127 2283 312 2355; x_wconf 83' lang='grc' dir='ltr'>ταύτῃ</span> <span class='ocrx_word' id='word_1_255' title='bbox 373 2285 687 2341; x_wconf 84' lang='grc' dir='ltr'>κατάθοιτο.</span> <span class='ocrx_word' id='word_1_256' title='bbox 750 2287 860 2340; x_wconf 74' lang='grc' dir='ltr'>Καὶ</span> <span class='ocrx_word' id='word_1_257' title='bbox 916 2286 1014 2357; x_wconf 85' lang='grc' dir='ltr'><strong>τὴν</strong></span> <span class='ocrx_word' id='word_1_258' title='bbox 1058 2286 1157 2355; x_wconf 77' lang='grc' dir='ltr'><strong>μὲν</strong></span> <span class='ocrx_word' id='word_1_259' title='bbox 1207 2284 1503 2338; x_wconf 75' lang='grc' dir='ltr'>κατάθεσιν</span> <span class='ocrx_word' id='word_1_260' title='bbox 1552 2282 1718 2335; x_wconf 81' lang='grc' dir='ltr'>αὑτοῦ</span> 
     </span>
    </p>
   </div>
   <div class='ocr_carea' id='block_1_40' title="bbox 132 2374 1717 2447">
    <p class='ocr_par' dir='ltr' id='par_1_40' title="bbox 132 2374 1717 2447">
     <span class='ocr_line' id='line_1_40' title="bbox 132 2374 1717 2447; baseline 0.001 -22"><span class='ocrx_word' id='word_1_261' title='bbox 132 2375 300 2441; x_wconf 74' lang='grc' dir='ltr'>μόνον</span> <span class='ocrx_word' id='word_1_262' title='bbox 334 2375 554 2446; x_wconf 76' lang='grc' dir='ltr'>ἀπῄτει,</span> <span class='ocrx_word' id='word_1_263' title='bbox 581 2377 681 2447; x_wconf 77' lang='grc' dir='ltr'>τὴν</span> <span class='ocrx_word' id='word_1_264' title='bbox 709 2377 765 2430; x_wconf 76' lang='grc' dir='ltr'>δὲ</span> <span class='ocrx_word' id='word_1_265' title='bbox 795 2377 957 2447; x_wconf 77' lang='grc' dir='ltr'>μέχρι</span> <span class='ocrx_word' id='word_1_266' title='bbox 986 2377 1086 2445; x_wconf 86' lang='grc' dir='ltr'>τῆς</span> <span class='ocrx_word' id='word_1_267' title='bbox 1125 2378 1336 2439; x_wconf 86' lang='grc' dir='ltr'>πόλεως</span> <span class='ocrx_word' id='word_1_268' title='bbox 1387 2376 1481 2428; x_wconf 76' lang='grc' dir='ltr'>καὶ</span> <span class='ocrx_word' id='word_1_269' title='bbox 1536 2374 1717 2427; x_wconf 77' lang='grc' dir='ltr'>αὐτῶν</span> 
     </span>
    </p>
   </div>
   <div class='ocr_carea' id='block_1_41' title="bbox 1830 2011 3402 2080">
    <p class='ocr_par' dir='ltr' id='par_1_41' title="bbox 1830 2011 3402 2080">
     <span class='ocr_line' id='line_1_41' title="bbox 1830 2011 3402 2080; baseline 0.005 -17"><span class='ocrx_word' id='word_1_270' title='bbox 1830 2027 1953 2064; x_wconf 81' lang='lat' dir='ltr'><strong>rum</strong></span> <span class='ocrx_word' id='word_1_271' title='bbox 1987 2011 2277 2067; x_wconf 80' lang='lat' dir='ltr'><strong>afﬁrmavit</strong></span> <span class='ocrx_word' id='word_1_272' title='bbox 2321 2015 2427 2069; x_wconf 90' lang='lat' dir='ltr'><strong>nisi</strong></span> <span class='ocrx_word' id='word_1_273' title='bbox 2465 2018 2518 2070; x_wconf 92' lang='lat' dir='ltr'><strong>in</strong></span> <span class='ocrx_word' id='word_1_274' title='bbox 2550 2031 2669 2070; x_wconf 91' lang='lat' dir='ltr'><strong>eam</strong></span> <span class='ocrx_word' id='word_1_275' title='bbox 2704 2018 3035 2080; x_wconf 88' lang='lat' dir='ltr'><strong>consentiat,</strong></span> <span class='ocrx_word' id='word_1_276' title='bbox 3076 2032 3140 2072; x_wconf 90' lang='lat' dir='ltr'><strong>ac</strong></span> <span class='ocrx_word' id='word_1_277' title='bbox 3188 2017 3402 2073; x_wconf 85' lang='lat' dir='ltr'><strong>solum-</strong></span> 
     </span>
    </p>
   </div>
   <div class='ocr_carea' id='block_1_42' title="bbox 1828 2102 3403 2178">
    <p class='ocr_par' dir='ltr' id='par_1_42' title="bbox 1828 2102 3403 2178">
     <span class='ocr_line' id='line_1_42' title="bbox 1828 2102 3403 2178; baseline 0.007 -22"><span class='ocrx_word' id='word_1_278' title='bbox 1828 2102 1992 2157; x_wconf 88' lang='lat' dir='ltr'><strong>modo</strong></span> <span class='ocrx_word' id='word_1_279' title='bbox 2020 2120 2351 2160; x_wconf 86' lang='lat' dir='ltr'><strong>consensum</strong></span> <span class='ocrx_word' id='word_1_280' title='bbox 2388 2108 2507 2178; x_wconf 86' lang='lat' dir='ltr'><strong>ejus</strong></span> <span class='ocrx_word' id='word_1_281' title='bbox 2527 2108 2842 2176; x_wconf 79' lang='lat' dir='ltr'><strong>expetebat,</strong></span> <span class='ocrx_word' id='word_1_282' title='bbox 2870 2110 3157 2165; x_wconf 89' lang='lat' dir='ltr'><strong>introitum</strong></span> <span class='ocrx_word' id='word_1_283' title='bbox 3186 2128 3318 2166; x_wconf 84' lang='lat' dir='ltr'><strong>vero</strong></span> <span class='ocrx_word' id='word_1_284' title='bbox 3343 2113 3403 2167; x_wconf 89' lang='lat' dir='ltr'><strong>in</strong></span> 
     </span>
    </p>
   </div>
   <div class='ocr_carea' id='block_1_43' title="bbox 1824 2193 3405 2276">
    <p class='ocr_par' dir='ltr' id='par_1_43' title="bbox 1824 2193 3405 2276">
     <span class='ocr_line' id='line_1_43' title="bbox 1824 2193 3405 2276; baseline 0.008 -28"><span class='ocrx_word' id='word_1_285' title='bbox 1824 2193 2021 2249; x_wconf 89' lang='lat' dir='ltr'><strong>urbem</strong></span> <span class='ocrx_word' id='word_1_286' title='bbox 2051 2204 2109 2250; x_wconf 91' lang='lat' dir='ltr'><strong>et</strong></span> <span class='ocrx_word' id='word_1_287' title='bbox 2140 2196 2195 2249; x_wconf 92' lang='lat' dir='ltr'><strong>in</strong></span> <span class='ocrx_word' id='word_1_288' title='bbox 2221 2197 2393 2265; x_wconf 84' lang='lat' dir='ltr'><strong>ipsam</strong></span> <span class='ocrx_word' id='word_1_289' title='bbox 2423 2202 2630 2269; x_wconf 81' lang='lat' dir='ltr'><strong>regiam</strong></span> <span class='ocrx_word' id='word_1_290' title='bbox 2656 2200 2871 2255; x_wconf 83' lang='lat' dir='ltr'><strong>facilem</strong></span> <span class='ocrx_word' id='word_1_291' title='bbox 2895 2218 2952 2258; x_wconf 87' lang='lat' dir='ltr'><strong>se</strong></span> <span class='ocrx_word' id='word_1_292' title='bbox 2978 2203 3249 2259; x_wconf 88' lang='lat' dir='ltr'><strong>facturum</strong></span> <span class='ocrx_word' id='word_1_293' title='bbox 3279 2222 3405 2276; x_wconf 90' lang='lat' dir='ltr'><strong>pro-</strong></span> 
     </span>
    </p>
   </div>
   <div class='ocr_carea' id='block_1_44' title="bbox 1825 2283 3403 2364">
    <p class='ocr_par' dir='ltr' id='par_1_44' title="bbox 1825 2283 3403 2364">
     <span class='ocr_line' id='line_1_44' title="bbox 1825 2283 3403 2364; baseline 0.011 -29"><span class='ocrx_word' id='word_1_294' title='bbox 1825 2283 2007 2349; x_wconf 90' lang='lat' dir='ltr'><strong>misit;</strong></span> <span class='ocrx_word' id='word_1_295' title='bbox 2046 2286 2193 2356; x_wconf 89' lang='lat' dir='ltr'><strong>quod</strong></span> <span class='ocrx_word' id='word_1_296' title='bbox 2226 2296 2283 2341; x_wconf 90' lang='lat' dir='ltr'><strong>et</strong></span> <span class='ocrx_word' id='word_1_297' title='bbox 2312 2303 2370 2343; x_wconf 89' lang='lat' dir='ltr'><strong>re</strong></span> <span class='ocrx_word' id='word_1_298' title='bbox 2402 2288 2518 2358; x_wconf 88' lang='lat' dir='ltr'><strong>ipsa</strong></span> <span class='ocrx_word' id='word_1_299' title='bbox 2551 2292 2859 2359; x_wconf 69' lang='lat' dir='ltr'><strong>praestitum</strong></span> <span class='ocrx_word' id='word_1_300' title='bbox 2907 2292 2976 2348; x_wconf 85' lang='lat' dir='ltr'><strong>ab</strong></span> <span class='ocrx_word' id='word_1_301' title='bbox 3012 2293 3132 2364; x_wconf 85' lang='lat' dir='ltr'><strong>ipso</strong></span> <span class='ocrx_word' id='word_1_302' title='bbox 3164 2305 3221 2351; x_wconf 92' lang='lat' dir='ltr'><strong>et</strong></span> <span class='ocrx_word' id='word_1_303' title='bbox 3240 2311 3403 2351; x_wconf 86' lang='lat' dir='ltr'><strong>exer-</strong></span> 
     </span>
    </p>
   </div>
   <div class='ocr_carea' id='block_1_45' title="bbox 1820 2376 1954 2431">
    <p class='ocr_par' dir='ltr' id='par_1_45' title="bbox 1820 2376 1954 2431">
     <span class='ocr_line' id='line_1_45' title="bbox 1820 2376 1954 2431; baseline 0 0"><span class='ocrx_word' id='word_1_304' title='bbox 1820 2376 1954 2431; x_wconf 88' lang='lat' dir='ltr'><strong>citu.</strong></span> 
     </span>
    </p>
   </div>
   <div class='ocr_carea' id='block_1_46' title="bbox 127 2468 3404 2549">
    <p class='ocr_par' dir='ltr' id='par_1_46' title="bbox 127 2468 3404 2549">
     <span class='ocr_line' id='line_1_46' title="bbox 127 2468 3404 2549; baseline 0.005 -30"><span class='ocrx_word' id='word_1_305' title='bbox 127 2468 243 2520; x_wconf 82' lang='grc' dir='ltr'><strong>τῶν</strong></span> <span class='ocrx_word' id='word_1_306' title='bbox 292 2468 642 2539; x_wconf 65' lang='grc' dir='ltr'>βασιλείωνη</span> <span class='ocrx_word' id='word_1_307' title='bbox 676 2470 881 2523; x_wconf 74' lang='grc' dir='ltr'>εἴσοδον</span> <span class='ocrx_word' id='word_1_308' title='bbox 913 2471 1135 2539; x_wconf 84' lang='grc' dir='ltr'>ποιῆσαι</span> <span class='ocrx_word' id='word_1_309' title='bbox 1167 2469 1359 2541; x_wconf 78' lang='grc' dir='ltr'>ῥᾳδίαν</span> <span class='ocrx_word' id='word_1_310' title='bbox 1412 2469 1705 2541; x_wconf 79' lang='grc' dir='ltr'>ὑπέσχετο,</span> <span class='ocrx_word' id='word_1_311' title='bbox 1746 2468 1871 2539; x_wconf 72' lang='grc' dir='ltr'>ἥτις</span> <span class='ocrx_word' id='word_1_312' title='bbox 1905 2470 1986 2533; x_wconf 88' lang='grc' dir='ltr'><strong>είς</strong></span> <span class='ocrx_word' id='word_1_313' title='bbox 2020 2469 2183 2541; x_wconf 80' lang='grc' dir='ltr'>ἔργον</span> <span class='ocrx_word' id='word_1_314' title='bbox 2226 2473 2360 2543; x_wconf 87' lang='grc' dir='ltr'>παρ’</span> <span class='ocrx_word' id='word_1_315' title='bbox 2389 2472 2555 2526; x_wconf 74' lang='grc' dir='ltr'>αὑτοῦ</span> <span class='ocrx_word' id='word_1_316' title='bbox 2610 2473 2703 2527; x_wconf 88' lang='grc' dir='ltr'><strong>τοῦ</strong></span> <span class='ocrx_word' id='word_1_317' title='bbox 2772 2477 3179 2549; x_wconf 81' lang='grc' dir='ltr'>στρατεύματος</span> <span class='ocrx_word' id='word_1_318' title='bbox 3250 2497 3404 2535; x_wconf 84' lang='grc' dir='ltr'>τετε-</span> 
     </span>
    </p>
   </div>
   <div class='ocr_carea' id='block_1_47' title="bbox 129 2566 351 2620">
    <p class='ocr_par' dir='ltr' id='par_1_47' title="bbox 129 2566 351 2620">
     <span class='ocr_line' id='line_1_47' title="bbox 129 2566 351 2620; baseline 0.009 -3"><span class='ocrx_word' id='word_1_319' title='bbox 129 2566 351 2620; x_wconf 88' lang='grc' dir='ltr'>λείωτο.</span> 
     </span>
    </p>
   </div>
   <div class='ocr_carea' id='block_1_48' title="bbox 201 2657 1707 2729">
    <p class='ocr_par' dir='ltr' id='par_1_48' title="bbox 201 2657 1707 2729">
     <span class='ocr_line' id='line_1_48' title="bbox 201 2657 1707 2729; baseline -0.002 -17"><span class='ocrx_word' id='word_1_320' title='bbox 201 2660 321 2729; x_wconf 68' lang='grc' dir='ltr'><strong>Πρὸ</strong></span> <span class='ocrx_word' id='word_1_321' title='bbox 341 2660 383 2691; x_wconf 81' lang='grc'>¹³</span> <span class='ocrx_word' id='word_1_322' title='bbox 410 2659 466 2712; x_wconf 87' lang='grc' dir='ltr'><strong>δέ</strong></span> <span class='ocrx_word' id='word_1_323' title='bbox 489 2676 550 2726; x_wconf 90' lang='grc' dir='ltr'><strong>γε</strong></span> <span class='ocrx_word' id='word_1_324' title='bbox 579 2657 806 2724; x_wconf 88' lang='grc' dir='ltr'>τούτων,</span> <span class='ocrx_word' id='word_1_325' title='bbox 835 2659 1112 2729; x_wconf 80' lang='grc' dir='ltr'>γενομένῳ</span> <span class='ocrx_word' id='word_1_326' title='bbox 1137 2658 1214 2729; x_wconf 84' lang='grc' dir='ltr'>τῷ</span> <span class='ocrx_word' id='word_1_327' title='bbox 1243 2658 1452 2727; x_wconf 87' lang='grc' dir='ltr'>βασιλεῖ</span> <span class='ocrx_word' id='word_1_328' title='bbox 1485 2658 1707 2729; x_wconf 80' lang='grc' dir='ltr'>Μιχαὴλ</span> 
     </span>
    </p>
   </div>
   <div class='ocr_carea' id='block_1_49' title="bbox 126 2750 1710 2821">
    <p class='ocr_par' dir='ltr' id='par_1_49' title="bbox 126 2750 1710 2821">
     <span class='ocr_line' id='line_1_49' title="bbox 126 2750 1710 2821; baseline -0.001 -17"><span class='ocrx_word' id='word_1_329' title='bbox 126 2751 367 2819; x_wconf 83' lang='grc' dir='ltr'>πλησίον</span> <span class='ocrx_word' id='word_1_330' title='bbox 396 2752 496 2819; x_wconf 84' lang='grc' dir='ltr'><strong>τῆς</strong></span> <span class='ocrx_word' id='word_1_331' title='bbox 524 2751 733 2814; x_wconf 85' lang='grc' dir='ltr'>πόλεως</span> <span class='ocrx_word' id='word_1_332' title='bbox 764 2751 862 2821; x_wconf 85' lang='lat'><strong>(5),</strong></span> <span class='ocrx_word' id='word_1_333' title='bbox 923 2752 1163 2821; x_wconf 80' lang='grc' dir='ltr'>συναντᾷ</span> <span class='ocrx_word' id='word_1_334' title='bbox 1207 2750 1388 2821; x_wconf 84' lang='grc' dir='ltr'>τούτῳ</span> <span class='ocrx_word' id='word_1_335' title='bbox 1441 2752 1579 2820; x_wconf 79' lang='grc' dir='ltr'>ἀνήρ</span> <span class='ocrx_word' id='word_1_336' title='bbox 1628 2767 1710 2812; x_wconf 89' lang='grc' dir='ltr'><strong>τις</strong></span> 
     </span>
    </p>
   </div>
   <div class='ocr_carea' id='block_1_50' title="bbox 125 2840 1708 2912">
    <p class='ocr_par' dir='ltr' id='par_1_50' title="bbox 125 2840 1708 2912">
     <span class='ocr_line' id='line_1_50' title="bbox 125 2840 1708 2912; baseline -0.001 -19"><span class='ocrx_word' id='word_1_337' title='bbox 125 2842 241 2895; x_wconf 85' lang='grc' dir='ltr'>τῶν</span> <span class='ocrx_word' id='word_1_338' title='bbox 273 2842 582 2912; x_wconf 75' lang='grc' dir='ltr'>ἐπισήμων,</span> <span class='ocrx_word' id='word_1_339' title='bbox 633 2842 735 2910; x_wconf 84' lang='grc' dir='ltr'>τὴν</span> <span class='ocrx_word' id='word_1_340' title='bbox 775 2840 883 2894; x_wconf 80' lang='grc' dir='ltr'>τῶν</span> <span class='ocrx_word' id='word_1_341' title='bbox 912 2841 1111 2910; x_wconf 85' lang='grc' dir='ltr'>τειχῶν</span> <span class='ocrx_word' id='word_1_342' title='bbox 1164 2841 1491 2911; x_wconf 79' lang='grc' dir='ltr'>κηδεμονίαν</span> <span class='ocrx_word' id='word_1_343' title='bbox 1544 2857 1708 2893; x_wconf 85' lang='grc' dir='ltr'>πεπι-</span> 
     </span>
    </p>
   </div>
   <div class='ocr_carea' id='block_1_51' title="bbox 130 2929 1709 3003">
    <p class='ocr_par' dir='ltr' id='par_1_51' title="bbox 130 2929 1709 3003">
     <span class='ocr_line' id='line_1_51' title="bbox 130 2929 1709 3003; baseline -0.003 -18"><span class='ocrx_word' id='word_1_344' title='bbox 130 2934 455 3003; x_wconf 82' lang='grc' dir='ltr'>στευμένος,</span> <span class='ocrx_word' id='word_1_345' title='bbox 495 2931 605 2985; x_wconf 82' lang='grc' dir='ltr'><strong>τῶν</strong></span> <span class='ocrx_word' id='word_1_346' title='bbox 646 2930 1007 2996; x_wconf 80' lang='grc' dir='ltr'>Ἐξαδουλίων</span> <span class='ocrx_word' id='word_1_347' title='bbox 1035 2934 1099 2985; x_wconf 83' lang='grc' dir='ltr'>ὲκ</span> <span class='ocrx_word' id='word_1_348' title='bbox 1129 2932 1340 2999; x_wconf 83' lang='grc' dir='ltr'>γένους,</span> <span class='ocrx_word' id='word_1_349' title='bbox 1370 2929 1609 2997; x_wconf 79' lang='grc' dir='ltr'>άφοσιῶν</span> <span class='ocrx_word' id='word_1_350' title='bbox 1639 2930 1709 2981; x_wconf 74' lang='grc' dir='ltr'>τὰ</span> 
     </span>
    </p>
   </div>
   <div class='ocr_carea' id='block_1_52' title="bbox 127 3022 1708 3094">
    <p class='ocr_par' dir='ltr' id='par_1_52' title="bbox 127 3022 1708 3094">
     <span class='ocr_line' id='line_1_52' title="bbox 127 3022 1708 3094; baseline -0.001 -19"><span class='ocrx_word' id='word_1_351' title='bbox 127 3023 300 3091; x_wconf 69' lang='grc' dir='ltr'>ἔθιμα</span> <span class='ocrx_word' id='word_1_352' title='bbox 362 3022 593 3093; x_wconf 83' lang='grc' dir='ltr'>βασιλεῖ,</span> <span class='ocrx_word' id='word_1_353' title='bbox 645 3022 739 3075; x_wconf 75' lang='grc' dir='ltr'><strong>καὶ</strong></span> <span class='ocrx_word' id='word_1_354' title='bbox 799 3026 865 3094; x_wconf 80' lang='grc' dir='ltr'>τῇ</span> <span class='ocrx_word' id='word_1_355' title='bbox 914 3023 1173 3094; x_wconf 74' lang='grc' dir='ltr'>δυστυχίᾳ</span> <span class='ocrx_word' id='word_1_356' title='bbox 1243 3022 1708 3090; x_wconf 81' lang='grc' dir='ltr'>συναλγυνόμενος</span> 
     </span>
    </p>
   </div>
   <div class='ocr_carea' id='block_1_53' title="bbox 1886 2654 3402 2733">
    <p class='ocr_par' dir='ltr' id='par_1_53' title="bbox 1886 2654 3402 2733">
     <span class='ocr_line' id='line_1_53' title="bbox 1886 2654 3402 2733; baseline 0.005 -23"><span class='ocrx_word' id='word_1_357' title='bbox 1886 2655 1992 2711; x_wconf 89' lang='lat' dir='ltr'><strong>Sed</strong></span> <span class='ocrx_word' id='word_1_358' title='bbox 2026 2656 2345 2725; x_wconf 86' lang='lat' dir='ltr'><strong>priusquam</strong></span> <span class='ocrx_word' id='word_1_359' title='bbox 2384 2654 2501 2712; x_wconf 68' lang='lat' dir='ltr'><strong>haec</strong></span> <span class='ocrx_word' id='word_1_360' title='bbox 2534 2658 2960 2726; x_wconf 78' lang='lat' dir='ltr'><strong>perficerentur,</strong></span> <span class='ocrx_word' id='word_1_361' title='bbox 3007 2678 3129 2717; x_wconf 90' lang='lat' dir='ltr'><strong>cum</strong></span> <span class='ocrx_word' id='word_1_362' title='bbox 3151 2662 3262 2733; x_wconf 90' lang='lat' dir='ltr'><strong>jam</strong></span> <span class='ocrx_word' id='word_1_363' title='bbox 3296 2664 3402 2718; x_wconf 71' lang='lat' dir='ltr'><strong>im~</strong></span> 
     </span>
    </p>
   </div>
   <div class='ocr_carea' id='block_1_54' title="bbox 1819 2747 3401 2817">
    <p class='ocr_par' dir='ltr' id='par_1_54' title="bbox 1819 2747 3401 2817">
     <span class='ocr_line' id='line_1_54' title="bbox 1819 2747 3401 2817; baseline 0.005 -16"><span class='ocrx_word' id='word_1_364' title='bbox 1819 2756 2043 2817; x_wconf 87' lang='lat' dir='ltr'><strong>perator</strong></span> <span class='ocrx_word' id='word_1_365' title='bbox 2076 2747 2304 2801; x_wconf 80' lang='lat' dir='ltr'><strong>Michael</strong></span> <span class='ocrx_word' id='word_1_366' title='bbox 2342 2748 2669 2804; x_wconf 89' lang='lat' dir='ltr'><strong>accessisset</strong></span> <span class='ocrx_word' id='word_1_367' title='bbox 2700 2751 2768 2805; x_wconf 88' lang='lat' dir='ltr'><strong>ad</strong></span> <span class='ocrx_word' id='word_1_368' title='bbox 2811 2750 3028 2817; x_wconf 89' lang='lat' dir='ltr'><strong>urbem,</strong></span> <span class='ocrx_word' id='word_1_369' title='bbox 3079 2754 3323 2809; x_wconf 88' lang='lat' dir='ltr'><strong>occurrit</strong></span> <span class='ocrx_word' id='word_1_370' title='bbox 3348 2756 3401 2810; x_wconf 88' lang='lat' dir='ltr'><strong>ei</strong></span> 
     </span>
    </p>
   </div>
   <div class='ocr_carea' id='block_1_55' title="bbox 1826 2836 3376 2907">
    <p class='ocr_par' dir='ltr' id='par_1_55' title="bbox 1826 2836 3376 2907">
     <span class='ocr_line' id='line_1_55' title="bbox 1826 2836 3376 2907; baseline 0.005 -16"><span class='ocrx_word' id='word_1_371' title='bbox 1826 2855 1901 2891; x_wconf 76' lang='grc' dir='ltr'><strong>..ι-</strong></span> <span class='ocrx_word' id='word_1_372' title='bbox 1930 2838 2154 2907; x_wconf 90' lang='lat' dir='ltr'><strong>quidam</strong></span> <span class='ocrx_word' id='word_1_373' title='bbox 2182 2853 2250 2890; x_wconf 80' lang='lat' dir='ltr'><strong>ex</strong></span> <span class='ocrx_word' id='word_1_374' title='bbox 2272 2836 2575 2901; x_wconf 86' lang='lat' dir='ltr'><strong>nobilibus,</strong></span> <span class='ocrx_word' id='word_1_375' title='bbox 2612 2840 2877 2894; x_wconf 82' lang='lat' dir='ltr'><strong>moenium</strong></span> <span class='ocrx_word' id='word_1_376' title='bbox 2912 2856 3101 2896; x_wconf 89' lang='lat' dir='ltr'><strong>curam</strong></span> <span class='ocrx_word' id='word_1_377' title='bbox 3134 2841 3239 2897; x_wconf 85' lang='lat' dir='ltr'><strong>sibi</strong></span> <span class='ocrx_word' id='word_1_378' title='bbox 3272 2858 3376 2898; x_wconf 90' lang='lat' dir='ltr'><strong>con</strong></span> 
     </span>
    </p>
   </div>
   <div class='ocr_carea' id='block_1_56' title="bbox 1815 2927 3369 2997">
    <p class='ocr_par' dir='ltr' id='par_1_56' title="bbox 1815 2927 3369 2997">
     <span class='ocr_line' id='line_1_56' title="bbox 1815 2927 3369 2997; baseline 0.004 -14"><span class='ocrx_word' id='word_1_379' title='bbox 1815 2928 2080 2983; x_wconf 89' lang='lat' dir='ltr'><strong>creditam</strong></span> <span class='ocrx_word' id='word_1_380' title='bbox 2120 2927 2351 2990; x_wconf 88' lang='lat' dir='ltr'><strong>habens,</strong></span> <span class='ocrx_word' id='word_1_381' title='bbox 2383 2943 2413 2981; x_wconf 92' lang='lat' dir='ltr'><strong>e</strong></span> <span class='ocrx_word' id='word_1_382' title='bbox 2446 2927 2651 2983; x_wconf 90' lang='lat' dir='ltr'><strong>familia</strong></span> <span class='ocrx_word' id='word_1_383' title='bbox 2706 2931 3132 2997; x_wconf 81' lang='lat' dir='ltr'><strong>Exabuliorum,</strong></span> <span class='ocrx_word' id='word_1_384' title='bbox 3162 2948 3369 2989; x_wconf 88' lang='lat' dir='ltr'><strong>consue</strong></span> 
     </span>
    </p>
   </div>
   <div class='ocr_carea' id='block_1_57' title="bbox 1816 3018 3403 3097">
    <p class='ocr_par' dir='ltr' id='par_1_57' title="bbox 1816 3018 3403 3097">
     <span class='ocr_line' id='line_1_57' title="bbox 1816 3018 3403 3097; baseline 0.006 -25"><span class='ocrx_word' id='word_1_385' title='bbox 1816 3022 1886 3074; x_wconf 92' lang='lat' dir='ltr'><strong>tis</strong></span> <span class='ocrx_word' id='word_1_386' title='bbox 1908 3018 2104 3074; x_wconf 76' lang='lat' dir='ltr'><strong>ofﬁciis</strong></span> <span class='ocrx_word' id='word_1_387' title='bbox 2151 3034 2280 3089; x_wconf 87' lang='lat' dir='ltr'><strong>erga</strong></span> <span class='ocrx_word' id='word_1_388' title='bbox 2341 3020 2731 3089; x_wconf 89' lang='lat' dir='ltr'><strong>imperatorem</strong></span> <span class='ocrx_word' id='word_1_389' title='bbox 2778 3024 3088 3095; x_wconf 88' lang='lat' dir='ltr'><strong>defungens</strong></span> <span class='ocrx_word' id='word_1_390' title='bbox 3126 3041 3190 3081; x_wconf 89' lang='lat' dir='ltr'><strong>ac</strong></span> <span class='ocrx_word' id='word_1_391' title='bbox 3223 3042 3403 3097; x_wconf 90' lang='lat' dir='ltr'><strong>super</strong></span> 
     </span>
    </p>
   </div>
   <div class='ocr_carea' id='block_1_58' title="bbox 126 3109 1715 3212">
    <p class='ocr_par' dir='ltr' id='par_1_58' title="bbox 126 3109 1707 3187">
     <span class='ocr_line' id='line_1_58' title="bbox 126 3109 1707 3187; baseline -0.001 -19"><span class='ocrx_word' id='word_1_392' title='bbox 126 3115 465 3168; x_wconf 76' lang='grc' dir='ltr'>ἐπυνθάνετό</span> <span class='ocrx_word' id='word_1_393' title='bbox 492 3132 555 3182; x_wconf 88' lang='grc' dir='ltr'><strong>γε</strong></span> <span class='ocrx_word' id='word_1_394' title='bbox 586 3115 661 3187; x_wconf 89' lang='lat'><strong>(6)</strong></span> <span class='ocrx_word' id='word_1_395' title='bbox 684 3134 697 3144; x_wconf 91' lang='grc'>·</span> <span class='ocrx_word' id='word_1_396' title='bbox 751 3135 769 3167; x_wconf 86' lang='grc'><strong><em>‹</em></strong></span> <span class='ocrx_word' id='word_1_397' title='bbox 803 3116 898 3180; x_wconf 88' lang='grc' dir='ltr'>Τίς</span> <span class='ocrx_word' id='word_1_398' title='bbox 928 3116 992 3168; x_wconf 86' lang='grc' dir='ltr'>ἂν</span> <span class='ocrx_word' id='word_1_399' title='bbox 1047 3116 1156 3185; x_wconf 83' lang='grc' dir='ltr'>εἴη,</span> <span class='ocrx_word' id='word_1_400' title='bbox 1202 3109 1247 3168; x_wconf 78' lang='grc' dir='ltr'><strong>ὦ</strong></span> <span class='ocrx_word' id='word_1_401' title='bbox 1283 3115 1540 3178; x_wconf 81' lang='grc' dir='ltr'>δέσποτα,</span> <span class='ocrx_word' id='word_1_402' title='bbox 1598 3116 1707 3167; x_wconf 83' lang='grc' dir='ltr'><strong>τῶν</strong></span> 
     </span>
    </p>
   </div>
   <div class='ocr_carea' id='block_1_59' title="bbox 1821 3109 3399 3212">
    <p class='ocr_par' dir='ltr' id='par_1_59' title="bbox 1821 3111 3399 3185">
     <span class='ocr_line' id='line_1_59' title="bbox 1821 3111 3399 3185; baseline 0.006 -22"><span class='ocrx_word' id='word_1_403' title='bbox 1821 3112 2125 3165; x_wconf 86' lang='lat' dir='ltr'><strong>calamitate</strong></span> <span class='ocrx_word' id='word_1_404' title='bbox 2154 3111 2478 3174; x_wconf 86' lang='lat' dir='ltr'><strong>condolens,</strong></span> <span class='ocrx_word' id='word_1_405' title='bbox 2513 3115 2925 3185; x_wconf 66' lang='lat' dir='ltr'><strong>qumrebafque.</strong></span> <span class='ocrx_word' id='word_1_406' title='bbox 2957 3136 2974 3167; x_wconf 77' lang='grc' dir='ltr'><strong>ι</strong></span> <span class='ocrx_word' id='word_1_407' title='bbox 3016 3116 3118 3183; x_wconf 86' lang='lat' dir='ltr'><strong>Qui</strong></span> <span class='ocrx_word' id='word_1_408' title='bbox 3143 3135 3208 3171; x_wconf 81' lang='lat' dir='ltr'><strong>ex</strong></span> <span class='ocrx_word' id='word_1_409' title='bbox 3239 3119 3399 3173; x_wconf 90' lang='lat' dir='ltr'><strong>duci-</strong></span> 
     </span>
    </p>
   </div>
   <div class='ocr_carea' id='block_1_60' title="bbox 124 3207 1701 3278">
    <p class='ocr_par' dir='ltr' id='par_1_60' title="bbox 124 3207 1701 3278">
     <span class='ocr_line' id='line_1_60' title="bbox 124 3207 1701 3278; baseline -0.001 -17"><span class='ocrx_word' id='word_1_410' title='bbox 124 3207 585 3278; x_wconf 84' lang='grc' dir='ltr'>στρατηγούντων</span> <span class='ocrx_word' id='word_1_411' title='bbox 647 3208 828 3271; x_wconf 74' lang='grc' dir='ltr'>ὲαθεὶς</span> <span class='ocrx_word' id='word_1_412' title='bbox 857 3210 916 3261; x_wconf 78' lang='grc' dir='ltr'>ἐν</span> <span class='ocrx_word' id='word_1_413' title='bbox 953 3208 1031 3277; x_wconf 81' lang='grc' dir='ltr'><strong>τῷ</strong></span> <span class='ocrx_word' id='word_1_414' title='bbox 1074 3208 1337 3277; x_wconf 72' lang='grc' dir='ltr'>ἐπιλοίπῳ</span> <span class='ocrx_word' id='word_1_415' title='bbox 1398 3208 1642 3277; x_wconf 81' lang='grc' dir='ltr'>στρατῷς</span> <span class='ocrx_word' id='word_1_416' title='bbox 1682 3226 1701 3259; x_wconf 70' lang='grc' dir='ltr'><strong>ι</strong></span> 
     </span>
    </p>
   </div>
   <div class='ocr_carea' id='block_1_61' title="bbox 136 3299 1712 3370">
    <p class='ocr_par' dir='ltr' id='par_1_61' title="bbox 136 3299 1712 3370">
     <span class='ocr_line' id='line_1_61' title="bbox 136 3299 1712 3370; baseline 0.001 -19"><span class='ocrx_word' id='word_1_417' title='bbox 136 3299 195 3351; x_wconf 90' lang='lat'><strong>&#39;0</strong></span> <span class='ocrx_word' id='word_1_418' title='bbox 228 3299 289 3351; x_wconf 84' lang='grc' dir='ltr'><em>δέ</em></span> <span class='ocrx_word' id='word_1_419' title='bbox 326 3315 496 3369; x_wconf 64' lang='lat' dir='ltr'><strong>gandi-</strong></span> <span class='ocrx_word' id='word_1_420' title='bbox 558 3318 577 3350; x_wconf 71' lang='grc' dir='ltr'><strong>ι</strong></span> <span class='ocrx_word' id='word_1_421' title='bbox 610 3299 763 3351; x_wconf 81' lang='grc' dir='ltr'>Λέων</span> <span class='ocrx_word' id='word_1_422' title='bbox 806 3302 835 3353; x_wconf 93' lang='lat'><strong>6</strong></span> <span class='ocrx_word' id='word_1_423' title='bbox 882 3299 974 3352; x_wconf 92' lang='grc' dir='ltr'><strong>τοῦ</strong></span> <span class='ocrx_word' id='word_1_424' title='bbox 1027 3306 1078 3352; x_wconf 88' lang='grc' dir='ltr'>α’</span> <span class='ocrx_word' id='word_1_425' title='bbox 1131 3299 1363 3369; x_wconf 89' lang='grc' dir='ltr'>θέματος</span> <span class='ocrx_word' id='word_1_426' title='bbox 1408 3299 1712 3370; x_wconf 80' lang='grc' dir='ltr'>ἐξηγούμε-</span> 
     </span>
    </p>
   </div>
   <div class='ocr_carea' id='block_1_62' title="bbox 124 3389 1706 3463">
    <p class='ocr_par' dir='ltr' id='par_1_62' title="bbox 124 3389 1706 3463">
     <span class='ocr_line' id='line_1_62' title="bbox 124 3389 1706 3463; baseline 0.001 -20"><span class='ocrx_word' id='word_1_427' title='bbox 124 3408 217 3453; x_wconf 87' lang='grc' dir='ltr'><strong>νος</strong></span> <span class='ocrx_word' id='word_1_428' title='bbox 248 3391 351 3462; x_wconf 82' lang='grc'><strong>(7),</strong></span> <span class='ocrx_word' id='word_1_429' title='bbox 390 3389 529 3461; x_wconf 82' lang='grc' dir='ltr'>ἀνὴρ</span> <span class='ocrx_word' id='word_1_430' title='bbox 560 3391 818 3461; x_wconf 84' lang='grc' dir='ltr'>ἀγχίνους</span> <span class='ocrx_word' id='word_1_431' title='bbox 847 3392 941 3444; x_wconf 82' lang='grc' dir='ltr'>καὶ</span> <span class='ocrx_word' id='word_1_432' title='bbox 981 3391 1273 3461; x_wconf 78' lang='grc' dir='ltr'>εὐθύτητος</span> <span class='ocrx_word' id='word_1_433' title='bbox 1308 3392 1644 3463; x_wconf 81' lang='grc' dir='ltr'>ὲξεχόμενος.</span> <span class='ocrx_word' id='word_1_434' title='bbox 1688 3413 1706 3445; x_wconf 76' lang='grc' dir='ltr'><strong>ι</strong></span> 
     </span>
    </p>
   </div>
   <div class='ocr_carea' id='block_1_63' title="bbox 142 3483 1713 3554">
    <p class='ocr_par' dir='ltr' id='par_1_63' title="bbox 142 3483 1713 3554">
     <span class='ocr_line' id='line_1_63' title="bbox 142 3483 1713 3554; baseline 0.003 -18"><span class='ocrx_word' id='word_1_435' title='bbox 142 3484 203 3536; x_wconf 84' lang='grc' dir='ltr'>Ὀ</span> <span class='ocrx_word' id='word_1_436' title='bbox 239 3484 298 3536; x_wconf 86' lang='grc' dir='ltr'>δὲ</span> <span class='ocrx_word' id='word_1_437' title='bbox 340 3483 549 3553; x_wconf 80' lang='grc' dir='ltr'>ἀντέφη</span> <span class='ocrx_word' id='word_1_438' title='bbox 579 3483 893 3547; x_wconf 79' lang='grc' dir='ltr'>ἀλυσιτελὲς</span> <span class='ocrx_word' id='word_1_439' title='bbox 935 3483 1074 3539; x_wconf 79' lang='grc' dir='ltr'>εἶναι</span> <span class='ocrx_word' id='word_1_440' title='bbox 1107 3486 1154 3538; x_wconf 86' lang='grc' dir='ltr'><strong>εί</strong></span> <span class='ocrx_word' id='word_1_441' title='bbox 1192 3486 1354 3554; x_wconf 85' lang='grc' dir='ltr'>μόνος</span> <span class='ocrx_word' id='word_1_442' title='bbox 1409 3486 1503 3538; x_wconf 91' lang='grc' dir='ltr'><strong>τοῦ</strong></span> <span class='ocrx_word' id='word_1_443' title='bbox 1537 3487 1713 3540; x_wconf 86' lang='grc' dir='ltr'>τοιού-</span> 
     </span>
    </p>
   </div>
   <div class='ocr_carea' id='block_1_64' title="bbox 122 3570 1711 3641">
    <p class='ocr_par' dir='ltr' id='par_1_64' title="bbox 122 3570 1711 3641">
     <span class='ocr_line' id='line_1_64' title="bbox 122 3570 1711 3641; baseline 0.005 -20"><span class='ocrx_word' id='word_1_444' title='bbox 122 3586 219 3623; x_wconf 88' lang='grc' dir='ltr'><strong>του</strong></span> <span class='ocrx_word' id='word_1_445' title='bbox 248 3570 587 3639; x_wconf 79' lang='grc' dir='ltr'>καθηγοῖτο,</span> <span class='ocrx_word' id='word_1_446' title='bbox 642 3589 660 3622; x_wconf 76' lang='grc' dir='ltr'><strong>ι</strong></span> <span class='ocrx_word' id='word_1_447' title='bbox 699 3571 821 3641; x_wconf 84' lang='grc' dir='ltr'>δίχα</span> <span class='ocrx_word' id='word_1_448' title='bbox 870 3573 1016 3636; x_wconf 81' lang='grc' dir='ltr'>τινὸς</span> <span class='ocrx_word' id='word_1_449' title='bbox 1052 3572 1160 3625; x_wconf 87' lang='grc' dir='ltr'><strong>τῶν</strong></span> <span class='ocrx_word' id='word_1_450' title='bbox 1212 3573 1320 3627; x_wconf 85' lang='grc' dir='ltr'><strong>σῶν</strong></span> <span class='ocrx_word' id='word_1_451' title='bbox 1348 3574 1565 3628; x_wconf 79' lang='grc' dir='ltr'>οἰκείων</span> <span class='ocrx_word' id='word_1_452' title='bbox 1608 3576 1711 3629; x_wconf 85' lang='grc' dir='ltr'>ῦπ-</span> 
     </span>
    </p>
   </div>
   <div class='ocr_carea' id='block_1_65' title="bbox 122 3661 1711 3734">
    <p class='ocr_par' dir='ltr' id='par_1_65' title="bbox 122 3661 1711 3734">
     <span class='ocr_line' id='line_1_65' title="bbox 122 3661 1711 3734; baseline 0.007 -23"><span class='ocrx_word' id='word_1_453' title='bbox 122 3661 364 3731; x_wconf 79' lang='grc' dir='ltr'>ηρετῶν.</span> <span class='ocrx_word' id='word_1_454' title='bbox 405 3680 424 3713; x_wconf 74' lang='grc' dir='ltr'><strong>ι</strong></span> <span class='ocrx_word' id='word_1_455' title='bbox 487 3662 594 3716; x_wconf 87' lang='grc' dir='ltr'><strong>Τοῦ</strong></span> <span class='ocrx_word' id='word_1_456' title='bbox 638 3663 695 3716; x_wconf 83' lang='grc' dir='ltr'>δὲ</span> <span class='ocrx_word' id='word_1_457' title='bbox 749 3664 1014 3734; x_wconf 83' lang='grc' dir='ltr'>βασιλέως</span> <span class='ocrx_word' id='word_1_458' title='bbox 1084 3665 1235 3718; x_wconf 76' lang='grc' dir='ltr'>οὐδὲν</span> <span class='ocrx_word' id='word_1_459' title='bbox 1290 3666 1398 3719; x_wconf 86' lang='grc' dir='ltr'><strong>τῶν</strong></span> <span class='ocrx_word' id='word_1_460' title='bbox 1452 3669 1711 3723; x_wconf 77' lang='grc' dir='ltr'>ἐναντίων</span> 
     </span>
    </p>
   </div>
   <div class='ocr_carea' id='block_1_66' title="bbox 122 3754 1711 3831">
    <p class='ocr_par' dir='ltr' id='par_1_66' title="bbox 122 3754 1711 3831">
     <span class='ocr_line' id='line_1_66' title="bbox 122 3754 1711 3831; baseline 0.004 -24"><span class='ocrx_word' id='word_1_461' title='bbox 122 3754 589 3826; x_wconf 78' lang='grc' dir='ltr'>ὑφορωμένου¹⁶,</span> <span class='ocrx_word' id='word_1_462' title='bbox 640 3756 1004 3825; x_wconf 85' lang='grc' dir='ltr'>ἀπολογισμοί</span> <span class='ocrx_word' id='word_1_463' title='bbox 1052 3774 1197 3819; x_wconf 86' lang='grc' dir='ltr'>τινες</span> <span class='ocrx_word' id='word_1_464' title='bbox 1250 3758 1382 3827; x_wconf 77' lang='grc' dir='ltr'>παρ’</span> <span class='ocrx_word' id='word_1_465' title='bbox 1438 3759 1602 3813; x_wconf 84' lang='grc' dir='ltr'>αὑτοῦ</span> <span class='ocrx_word' id='word_1_466' title='bbox 1632 3759 1711 3831; x_wconf 81' lang='grc' dir='ltr'>τῷ</span> 
     </span>
    </p>
   </div>
   <div class='ocr_carea' id='block_1_67' title="bbox 132 3848 1708 3922">
    <p class='ocr_par' dir='ltr' id='par_1_67' title="bbox 132 3848 1708 3922">
     <span class='ocr_line' id='line_1_67' title="bbox 132 3848 1708 3922; baseline 0.002 -20"><span class='ocrx_word' id='word_1_467' title='bbox 132 3848 470 3917; x_wconf 79' lang='grc' dir='ltr'>Ἐξαΰουλίῳ</span> <span class='ocrx_word' id='word_1_468' title='bbox 499 3848 937 3919; x_wconf 71' lang='grc' dir='ltr'>προύτίθεντοίτ,</span> <span class='ocrx_word' id='word_1_469' title='bbox 981 3849 1055 3913; x_wconf 83' lang='grc' dir='ltr'><strong>ὡς</strong></span> <span class='ocrx_word' id='word_1_470' title='bbox 1089 3849 1165 3919; x_wconf 83' lang='grc' dir='ltr'>μὴ</span> <span class='ocrx_word' id='word_1_471' title='bbox 1191 3852 1547 3922; x_wconf 87' lang='grc' dir='ltr'>τυραννήσειν</span> <span class='ocrx_word' id='word_1_472' title='bbox 1576 3852 1708 3905; x_wconf 80' lang='grc' dir='ltr'>ποτὲ</span> 
     </span>
    </p>
   </div>
   <div class='ocr_carea' id='block_1_68' title="bbox 120 3938 1709 4011">
    <p class='ocr_par' dir='ltr' id='par_1_68' title="bbox 120 3938 1709 4011">
     <span class='ocr_line' id='line_1_68' title="bbox 120 3938 1709 4011; baseline 0.003 -20"><span class='ocrx_word' id='word_1_473' title='bbox 120 3939 606 4010; x_wconf 79' lang='grc' dir='ltr'>βουληθησομένου</span> <span class='ocrx_word' id='word_1_474' title='bbox 660 3938 756 3993; x_wconf 86' lang='grc' dir='ltr'><strong>τοῦ</strong></span> <span class='ocrx_word' id='word_1_475' title='bbox 816 3940 1070 4001; x_wconf 82' lang='grc' dir='ltr'>Λέοντος.</span> <span class='ocrx_word' id='word_1_476' title='bbox 1117 3940 1307 4011; x_wconf 77' lang='grc' dir='ltr'>Ἀπῄει</span> <span class='ocrx_word' id='word_1_477' title='bbox 1358 3940 1649 4010; x_wconf 80' lang='grc' dir='ltr'>τοιγαροῦν</span> <span class='ocrx_word' id='word_1_478' title='bbox 1681 3944 1709 3995; x_wconf 92' lang='lat'><strong>6</strong></span> 
     </span>
    </p>
   </div>
   <div class='ocr_carea' id='block_1_69' title="bbox 118 4030 1705 4104">
    <p class='ocr_par' dir='ltr' id='par_1_69' title="bbox 118 4030 1705 4104">
     <span class='ocr_line' id='line_1_69' title="bbox 118 4030 1705 4104; baseline 0.002 -21"><span class='ocrx_word' id='word_1_479' title='bbox 118 4030 489 4101; x_wconf 77' lang='grc' dir='ltr'>αὐτοκράτωρ</span> <span class='ocrx_word' id='word_1_480' title='bbox 540 4030 676 4100; x_wconf 80' lang='grc' dir='ltr'>πρὸς</span> <span class='ocrx_word' id='word_1_481' title='bbox 739 4031 806 4084; x_wconf 71' lang='grc' dir='ltr'>τὰ</span> <span class='ocrx_word' id='word_1_482' title='bbox 868 4030 1117 4101; x_wconf 81' lang='grc' dir='ltr'>βασίλεια</span> <span class='ocrx_word' id='word_1_483' title='bbox 1168 4033 1228 4085; x_wconf 76' lang='grc' dir='ltr'><strong>οὐ</strong></span> <span class='ocrx_word' id='word_1_484' title='bbox 1264 4032 1404 4103; x_wconf 82' lang='grc' dir='ltr'>μετὰ</span> <span class='ocrx_word' id='word_1_485' title='bbox 1436 4033 1569 4085; x_wconf 80' lang='grc' dir='ltr'>πολὺ</span> <span class='ocrx_word' id='word_1_486' title='bbox 1606 4033 1705 4104; x_wconf 87' lang='grc'><strong>(8),</strong></span> 
     </span>
    </p>
   </div>
   <div class='ocr_carea' id='block_1_70' title="bbox 118 4122 1703 4195">
    <p class='ocr_par' dir='ltr' id='par_1_70' title="bbox 118 4122 1703 4195">
     <span class='ocr_line' id='line_1_70' title="bbox 118 4122 1703 4195; baseline 0 -18"><span class='ocrx_word' id='word_1_487' title='bbox 118 4126 222 4177; x_wconf 72' lang='grc' dir='ltr'><strong>καὶ</strong></span> <span class='ocrx_word' id='word_1_488' title='bbox 253 4127 287 4194; x_wconf 81' lang='grc' dir='ltr'>ἡ</span> <span class='ocrx_word' id='word_1_489' title='bbox 323 4123 421 4176; x_wconf 88' lang='grc' dir='ltr'><strong>τοῦ</strong></span> <span class='ocrx_word' id='word_1_490' title='bbox 453 4125 721 4194; x_wconf 87' lang='grc' dir='ltr'>τυράννου</span> <span class='ocrx_word' id='word_1_491' title='bbox 753 4122 983 4187; x_wconf 85' lang='grc' dir='ltr'>Λέοντος</span> <span class='ocrx_word' id='word_1_492' title='bbox 1014 4123 1314 4195; x_wconf 75' lang='grc' dir='ltr'>ἀνάρῤησις</span> <span class='ocrx_word' id='word_1_493' title='bbox 1339 4123 1703 4194; x_wconf 72' lang='grc' dir='ltr'>διηγγέλλετοτ</span> 
     </span>
    </p>
   </div>
   <div class='ocr_carea' id='block_1_71' title="bbox 117 4214 1703 4287">
    <p class='ocr_par' dir='ltr' id='par_1_71' title="bbox 117 4214 1703 4287">
     <span class='ocr_line' id='line_1_71' title="bbox 117 4214 1703 4287; baseline -0.001 -17"><span class='ocrx_word' id='word_1_494' title='bbox 117 4217 274 4287; x_wconf 76' lang='grc' dir='ltr'>Πρὸς</span> <span class='ocrx_word' id='word_1_495' title='bbox 301 4216 461 4269; x_wconf 89' lang='grc' dir='ltr'>τοῦτο</span> <span class='ocrx_word' id='word_1_496' title='bbox 503 4215 612 4287; x_wconf 44' lang='grc' dir='ltr'>τοῦ,</span> <span class='ocrx_word' id='word_1_497' title='bbox 634 4214 901 4286; x_wconf 82' lang='grc' dir='ltr'>βασιλέως</span> <span class='ocrx_word' id='word_1_498' title='bbox 960 4216 1181 4285; x_wconf 80' lang='grc' dir='ltr'>Μιχαὴλ</span> <span class='ocrx_word' id='word_1_499' title='bbox 1237 4216 1703 4285; x_wconf 84' lang='grc' dir='ltr'>δυσχεραίνοντος,</span> 
     </span>
    </p>
   </div>
   <div class='ocr_carea' id='block_1_72' title="bbox 118 4281 1709 4381">
    <p class='ocr_par' dir='ltr' id='par_1_72' title="bbox 118 4281 1709 4381">
     <span class='ocr_line' id='line_1_72' title="bbox 118 4281 1709 4381; baseline -0.002 -17"><span class='ocrx_word' id='word_1_500' title='bbox 118 4281 409 4381; x_wconf 79' lang='grc' dir='ltr'>παρῄνουν</span> <span class='ocrx_word' id='word_1_501' title='bbox 462 4281 612 4372; x_wconf 59' lang='grc' dir='ltr'>τινὲς</span> <span class='ocrx_word' id='word_1_502' title='bbox 635 4281 813 4379; x_wconf 40' lang='grc' dir='ltr'>ἀὐτῷ</span> <span class='ocrx_word' id='word_1_503' title='bbox 871 4310 1004 4361; x_wconf 84' lang='grc' dir='ltr'>πᾶσι</span> <span class='ocrx_word' id='word_1_504' title='bbox 1042 4281 1278 4377; x_wconf 69' lang='grc' dir='ltr'><strong>⁷τρόποις</strong></span> <span class='ocrx_word' id='word_1_505' title='bbox 1460 4309 1709 4380; x_wconf 84' lang='grc' dir='ltr'>τυράννῳ</span> 
     </span>
    </p>
   </div>
   <div class='ocr_carea' id='block_1_73' title="bbox 119 4400 1706 4475">
    <p class='ocr_par' dir='ltr' id='par_1_73' title="bbox 119 4400 1706 4475">
     <span class='ocr_line' id='line_1_73' title="bbox 119 4400 1706 4475; baseline -0.002 -19"><span class='ocrx_word' id='word_1_506' title='bbox 119 4403 376 4475; x_wconf 79' lang='grc' dir='ltr'>στερρὦ</span> <span class='ocrx_word' id='word_1_507' title='bbox 404 4401 829 4466; x_wconf 82' lang='grc' dir='ltr'>ἀντιτάξασθαι·</span> <span class='ocrx_word' id='word_1_508' title='bbox 867 4403 895 4454; x_wconf 91' lang='lat'><strong>6</strong></span> <span class='ocrx_word' id='word_1_509' title='bbox 923 4402 981 4453; x_wconf 80' lang='grc' dir='ltr'>δὲ</span> <span class='ocrx_word' id='word_1_510' title='bbox 1030 4401 1287 4471; x_wconf 88' lang='grc' dir='ltr'>γαλήνιος</span> <span class='ocrx_word' id='word_1_511' title='bbox 1314 4401 1391 4453; x_wconf 81' lang='grc' dir='ltr'>ὢν</span> <span class='ocrx_word' id='word_1_512' title='bbox 1418 4404 1485 4471; x_wconf 78' lang='grc' dir='ltr'>τῇ</span> <span class='ocrx_word' id='word_1_513' title='bbox 1513 4400 1706 4473; x_wconf 82' lang='grc' dir='ltr'>γνώμῃ</span> 
     </span>
    </p>
   </div>
   <div class='ocr_carea' id='block_1_74' title="bbox 1816 3202 3395 3276">
    <p class='ocr_par' dir='ltr' id='par_1_74' title="bbox 1816 3202 3395 3276">
     <span class='ocr_line' id='line_1_74' title="bbox 1816 3202 3395 3276; baseline 0.006 -21"><span class='ocrx_word' id='word_1_514' title='bbox 1816 3202 1919 3255; x_wconf 79' lang='lat' dir='ltr'><strong>bus</strong></span> <span class='ocrx_word' id='word_1_515' title='bbox 1940 3214 2087 3256; x_wconf 88' lang='lat' dir='ltr'><strong>esset</strong></span> <span class='ocrx_word' id='word_1_516' title='bbox 2110 3204 2340 3257; x_wconf 88' lang='lat' dir='ltr'><strong>relictus</strong></span> <span class='ocrx_word' id='word_1_517' title='bbox 2376 3205 2433 3257; x_wconf 86' lang='lat' dir='ltr'><strong>in</strong></span> <span class='ocrx_word' id='word_1_518' title='bbox 2456 3207 2757 3260; x_wconf 63' lang='lat' dir='ltr'><strong>exercitu.»</strong></span> <span class='ocrx_word' id='word_1_519' title='bbox 2783 3209 2920 3261; x_wconf 91' lang='lat' dir='ltr'><strong>Tum</strong></span> <span class='ocrx_word' id='word_1_520' title='bbox 2948 3209 3059 3273; x_wconf 90' lang='lat' dir='ltr'><strong>ille,</strong></span> <span class='ocrx_word' id='word_1_521' title='bbox 3093 3228 3111 3259; x_wconf 76' lang='grc' dir='ltr'><strong>ι</strong></span> <span class='ocrx_word' id='word_1_522' title='bbox 3143 3211 3276 3276; x_wconf 90' lang='lat' dir='ltr'><strong>Leo,</strong></span> <span class='ocrx_word' id='word_1_523' title='bbox 3309 3213 3395 3265; x_wconf 86' lang='lat' dir='ltr'><strong>in-</strong></span> 
     </span>
    </p>
   </div>
   <div class='ocr_carea' id='block_1_75' title="bbox 1814 3294 3397 3366">
    <p class='ocr_par' dir='ltr' id='par_1_75' title="bbox 1814 3294 3397 3366">
     <span class='ocr_line' id='line_1_75' title="bbox 1814 3294 3397 3366; baseline 0.007 -20"><span class='ocrx_word' id='word_1_524' title='bbox 1814 3294 1954 3363; x_wconf 90' lang='lat' dir='ltr'><strong>quit,</strong></span> <span class='ocrx_word' id='word_1_525' title='bbox 1989 3295 2169 3364; x_wconf 91' lang='lat' dir='ltr'><strong>primo</strong></span> <span class='ocrx_word' id='word_1_526' title='bbox 2207 3296 2437 3350; x_wconf 89' lang='lat' dir='ltr'><strong>themati</strong></span> <span class='ocrx_word' id='word_1_527' title='bbox 2494 3298 2808 3366; x_wconf 64' lang='lat' dir='ltr'><strong>praefectus,</strong></span> <span class='ocrx_word' id='word_1_528' title='bbox 2856 3300 2940 3352; x_wconf 76' lang='lat' dir='ltr'><strong>vir</strong></span> <span class='ocrx_word' id='word_1_529' title='bbox 2978 3300 3290 3356; x_wconf 87' lang='lat' dir='ltr'><strong>industrius</strong></span> <span class='ocrx_word' id='word_1_530' title='bbox 3341 3313 3397 3357; x_wconf 89' lang='lat' dir='ltr'><strong>et</strong></span> 
     </span>
    </p>
   </div>
   <div class='ocr_carea' id='block_1_76' title="bbox 1810 3386 3399 3460">
    <p class='ocr_par' dir='ltr' id='par_1_76' title="bbox 1810 3386 3399 3460">
     <span class='ocr_line' id='line_1_76' title="bbox 1810 3386 3399 3460; baseline 0.008 -22"><span class='ocrx_word' id='word_1_531' title='bbox 1810 3386 2043 3455; x_wconf 77' lang='lat' dir='ltr'><strong>justitia:</strong></span> <span class='ocrx_word' id='word_1_532' title='bbox 2084 3386 2363 3441; x_wconf 91' lang='lat' dir='ltr'><strong>addictus.</strong></span> <span class='ocrx_word' id='word_1_533' title='bbox 2393 3407 2411 3437; x_wconf 74' lang='grc' dir='ltr'><strong>ι</strong></span> <span class='ocrx_word' id='word_1_534' title='bbox 2445 3390 2514 3443; x_wconf 83' lang='lat' dir='ltr'><strong>At</strong></span> <span class='ocrx_word' id='word_1_535' title='bbox 2536 3390 2581 3444; x_wconf 93' lang='lat' dir='ltr'><strong>is</strong></span> <span class='ocrx_word' id='word_1_536' title='bbox 2602 3391 2822 3460; x_wconf 73' lang='lat' dir='ltr'><strong>negavit</strong></span> <span class='ocrx_word' id='word_1_537' title='bbox 2848 3408 2969 3445; x_wconf 85' lang='lat' dir='ltr'><strong>esse</strong></span> <span class='ocrx_word' id='word_1_538' title='bbox 2990 3394 3302 3448; x_wconf 90' lang='lat' dir='ltr'><strong>consultum</strong></span> <span class='ocrx_word' id='word_1_539' title='bbox 3337 3407 3399 3450; x_wconf 92' lang='lat' dir='ltr'><strong>ut</strong></span> 
     </span>
    </p>
   </div>
   <div class='ocr_carea' id='block_1_77' title="bbox 1819 3476 3400 3555">
    <p class='ocr_par' dir='ltr' id='par_1_77' title="bbox 1819 3476 3400 3555">
     <span class='ocr_line' id='line_1_77' title="bbox 1819 3476 3400 3555; baseline 0.007 -25"><span class='ocrx_word' id='word_1_540' title='bbox 1819 3476 1867 3531; x_wconf 90' lang='lat' dir='ltr'><strong>is</strong></span> <span class='ocrx_word' id='word_1_541' title='bbox 1891 3479 2044 3532; x_wconf 91' lang='lat' dir='ltr'><strong>solus</strong></span> <span class='ocrx_word' id='word_1_542' title='bbox 2071 3479 2121 3533; x_wconf 88' lang='lat' dir='ltr'><strong>ei</strong></span> <span class='ocrx_word' id='word_1_543' title='bbox 2149 3479 2227 3533; x_wconf 90' lang='lat' dir='ltr'><strong>rei</strong></span> <span class='ocrx_word' id='word_1_544' title='bbox 2260 3480 2467 3549; x_wconf 53' lang='lat' dir='ltr'><strong>praesit,</strong></span> <span class='ocrx_word' id='word_1_545' title='bbox 2520 3501 2538 3532; x_wconf 74' lang='grc' dir='ltr'><strong>ι</strong></span> <span class='ocrx_word' id='word_1_546' title='bbox 2566 3482 2783 3551; x_wconf 83' lang='lat' dir='ltr'><strong>absque</strong></span> <span class='ocrx_word' id='word_1_547' title='bbox 2816 3483 3002 3552; x_wconf 86' lang='lat' dir='ltr'><strong>aliquo</strong></span> <span class='ocrx_word' id='word_1_548' title='bbox 3050 3485 3400 3555; x_wconf 83' lang='lat' dir='ltr'><strong>imperatoris</strong></span> 
     </span>
    </p>
   </div>
   <div class='ocr_carea' id='block_1_78' title="bbox 1814 3568 3393 3642">
    <p class='ocr_par' dir='ltr' id='par_1_78' title="bbox 1814 3568 3393 3642">
     <span class='ocr_line' id='line_1_78' title="bbox 1814 3568 3393 3642; baseline 0.005 -21"><span class='ocrx_word' id='word_1_549' title='bbox 1814 3568 2012 3622; x_wconf 91' lang='lat' dir='ltr'><strong>intimo</strong></span> <span class='ocrx_word' id='word_1_550' title='bbox 2052 3568 2328 3624; x_wconf 89' lang='lat' dir='ltr'><strong>ministro.</strong></span> <span class='ocrx_word' id='word_1_551' title='bbox 2368 3590 2385 3620; x_wconf 71' lang='grc' dir='ltr'><strong>ι</strong></span> <span class='ocrx_word' id='word_1_552' title='bbox 2439 3571 2711 3625; x_wconf 73' lang='lat' dir='ltr'><strong>Caeterum</strong></span> <span class='ocrx_word' id='word_1_553' title='bbox 2750 3572 3050 3642; x_wconf 86' lang='lat' dir='ltr'><strong>imperator</strong></span> <span class='ocrx_word' id='word_1_554' title='bbox 3096 3575 3236 3628; x_wconf 87' lang='lat' dir='ltr'><strong>nihil</strong></span> <span class='ocrx_word' id='word_1_555' title='bbox 3289 3577 3393 3629; x_wconf 88' lang='lat' dir='ltr'><strong>ad-</strong></span> 
     </span>
    </p>
   </div>
   <div class='ocr_carea' id='block_1_79' title="bbox 1814 3660 3396 3734">
    <p class='ocr_par' dir='ltr' id='par_1_79' title="bbox 1814 3660 3396 3734">
     <span class='ocr_line' id='line_1_79' title="bbox 1814 3660 3396 3734; baseline 0.006 -24"><span class='ocrx_word' id='word_1_556' title='bbox 1814 3660 1960 3713; x_wconf 77' lang='lat' dir='ltr'><strong>versi</strong></span> <span class='ocrx_word' id='word_1_557' title='bbox 1995 3661 2287 3729; x_wconf 76' lang='lat' dir='ltr'><strong>suspicans</strong></span> <span class='ocrx_word' id='word_1_558' title='bbox 2324 3662 2489 3714; x_wconf 86' lang='lat' dir='ltr'><strong>etiam</strong></span> <span class='ocrx_word' id='word_1_559' title='bbox 2538 3661 2781 3715; x_wconf 88' lang='lat' dir='ltr'><strong>rationes</strong></span> <span class='ocrx_word' id='word_1_560' title='bbox 2824 3663 3086 3732; x_wconf 91' lang='lat' dir='ltr'><strong>quasdam</strong></span> <span class='ocrx_word' id='word_1_561' title='bbox 3116 3680 3396 3734; x_wconf 87' lang='lat' dir='ltr'><strong>propone-</strong></span> 
     </span>
    </p>
   </div>
   <div class='ocr_carea' id='block_1_80' title="bbox 1812 3750 3396 3823">
    <p class='ocr_par' dir='ltr' id='par_1_80' title="bbox 1812 3750 3396 3823">
     <span class='ocr_line' id='line_1_80' title="bbox 1812 3750 3396 3823; baseline 0.003 -18"><span class='ocrx_word' id='word_1_562' title='bbox 1812 3750 1925 3813; x_wconf 88' lang='lat' dir='ltr'><strong>bat,</strong></span> <span class='ocrx_word' id='word_1_563' title='bbox 1949 3755 2105 3821; x_wconf 88' lang='lat' dir='ltr'><strong>quasi</strong></span> <span class='ocrx_word' id='word_1_564' title='bbox 2142 3768 2426 3822; x_wconf 89' lang='lat' dir='ltr'><strong>nunquam</strong></span> <span class='ocrx_word' id='word_1_565' title='bbox 2483 3754 2828 3823; x_wconf 83' lang='lat' dir='ltr'><strong>tyrannidem</strong></span> <span class='ocrx_word' id='word_1_566' title='bbox 2861 3763 3009 3810; x_wconf 86' lang='lat' dir='ltr'><strong>esset</strong></span> <span class='ocrx_word' id='word_1_567' title='bbox 3038 3756 3396 3812; x_wconf 81' lang='lat' dir='ltr'><strong>afl‘ectaturus</strong></span> 
     </span>
    </p>
   </div>
   <div class='ocr_carea' id='block_1_81' title="bbox 1810 3844 3395 3918">
    <p class='ocr_par' dir='ltr' id='par_1_81' title="bbox 1810 3844 3395 3918">
     <span class='ocr_line' id='line_1_81' title="bbox 1810 3844 3395 3918; baseline 0.003 -21"><span class='ocrx_word' id='word_1_568' title='bbox 1810 3844 2030 3914; x_wconf 77' lang='lat' dir='ltr'><strong>6Leo.</strong></span> <span class='ocrx_word' id='word_1_569' title='bbox 2086 3845 2291 3899; x_wconf 79' lang='lat' dir='ltr'><strong>Abibat</strong></span> <span class='ocrx_word' id='word_1_570' title='bbox 2319 3845 2488 3915; x_wconf 91' lang='lat' dir='ltr'><strong>igitur</strong></span> <span class='ocrx_word' id='word_1_571' title='bbox 2544 3847 2846 3915; x_wconf 89' lang='lat' dir='ltr'><strong>imperator</strong></span> <span class='ocrx_word' id='word_1_572' title='bbox 2896 3847 2953 3901; x_wconf 90' lang='lat' dir='ltr'><strong>in</strong></span> <span class='ocrx_word' id='word_1_573' title='bbox 3006 3847 3233 3918; x_wconf 78' lang='lat' dir='ltr'><strong>regiam,</strong></span> <span class='ocrx_word' id='word_1_574' title='bbox 3292 3866 3395 3903; x_wconf 86' lang='lat' dir='ltr'><strong>nec</strong></span> 
     </span>
    </p>
   </div>
   <div class='ocr_carea' id='block_1_82' title="bbox 1812 3923 3388 4007">
    <p class='ocr_par' dir='ltr' id='par_1_82' title="bbox 1812 3923 3388 4007">
     <span class='ocr_line' id='line_1_82' title="bbox 1812 3923 3388 4007; baseline 0.003 -18"><span class='ocrx_word' id='word_1_575' title='bbox 1812 3938 1986 3990; x_wconf 90' lang='lat' dir='ltr'><strong>multo</strong></span> <span class='ocrx_word' id='word_1_576' title='bbox 2014 3923 2139 4006; x_wconf 78' lang='lat' dir='ltr'><strong>post</strong></span> <span class='ocrx_word' id='word_1_577' title='bbox 2182 3937 2294 3992; x_wconf 90' lang='lat' dir='ltr'><strong>Leo</strong></span> <span class='ocrx_word' id='word_1_578' title='bbox 2324 3938 2626 4007; x_wconf 86' lang='lat' dir='ltr'><strong>imperator</strong></span> <span class='ocrx_word' id='word_1_579' title='bbox 2652 3938 2966 3994; x_wconf 85' lang='lat' dir='ltr'><strong>declaratus</strong></span> <span class='ocrx_word' id='word_1_580' title='bbox 3005 3940 3388 3995; x_wconf 77' lang='lat' dir='ltr'><strong>nuntiabatur.</strong></span> 
     </span>
    </p>
   </div>
   <div class='ocr_carea' id='block_1_83' title="bbox 1811 4028 3393 4102">
    <p class='ocr_par' dir='ltr' id='par_1_83' title="bbox 1811 4028 3393 4102">
     <span class='ocr_line' id='line_1_83' title="bbox 1811 4028 3393 4102; baseline 0.004 -21"><span class='ocrx_word' id='word_1_581' title='bbox 1811 4028 1944 4081; x_wconf 86' lang='lat' dir='ltr'><strong>Eam</strong></span> <span class='ocrx_word' id='word_1_582' title='bbox 1982 4045 2097 4083; x_wconf 87' lang='lat' dir='ltr'><strong>rem</strong></span> <span class='ocrx_word' id='word_1_583' title='bbox 2139 4046 2281 4101; x_wconf 58' lang='lat' dir='ltr'><strong>aegre</strong></span> <span class='ocrx_word' id='word_1_584' title='bbox 2322 4030 2533 4086; x_wconf 80' lang='lat' dir='ltr'><strong>ferente</strong></span> <span class='ocrx_word' id='word_1_585' title='bbox 2567 4032 2831 4087; x_wconf 80' lang='lat' dir='ltr'><strong>Michaele</strong></span> <span class='ocrx_word' id='word_1_586' title='bbox 2880 4032 3237 4102; x_wconf 87' lang='lat' dir='ltr'><strong>imperatore,</strong></span> <span class='ocrx_word' id='word_1_587' title='bbox 3267 4049 3393 4087; x_wconf 88' lang='lat' dir='ltr'><strong>sua-</strong></span> 
     </span>
    </p>
   </div>
   <div class='ocr_carea' id='block_1_84' title="bbox 1811 4121 3389 4197">
    <p class='ocr_par' dir='ltr' id='par_1_84' title="bbox 1811 4121 3389 4197">
     <span class='ocr_line' id='line_1_84' title="bbox 1811 4121 3389 4197; baseline 0.004 -24"><span class='ocrx_word' id='word_1_588' title='bbox 1811 4121 2021 4175; x_wconf 88' lang='lat' dir='ltr'><strong>debant</strong></span> <span class='ocrx_word' id='word_1_589' title='bbox 2047 4124 2095 4177; x_wconf 91' lang='lat' dir='ltr'><strong>ei</strong></span> <span class='ocrx_word' id='word_1_590' title='bbox 2119 4125 2340 4193; x_wconf 84' lang='lat' dir='ltr'><strong>quidam</strong></span> <span class='ocrx_word' id='word_1_591' title='bbox 2369 4135 2428 4177; x_wconf 80' lang='lat' dir='ltr'><strong>ut</strong></span> <span class='ocrx_word' id='word_1_592' title='bbox 2454 4124 2712 4179; x_wconf 85' lang='lat' dir='ltr'><strong>omnibus</strong></span> <span class='ocrx_word' id='word_1_593' title='bbox 2738 4125 2917 4179; x_wconf 84' lang='lat' dir='ltr'><strong>modis</strong></span> <span class='ocrx_word' id='word_1_594' title='bbox 2950 4135 3181 4197; x_wconf 87' lang='lat' dir='ltr'><strong>tyranno</strong></span> <span class='ocrx_word' id='word_1_595' title='bbox 3213 4125 3389 4179; x_wconf 81' lang='lat' dir='ltr'><strong>firmi-</strong></span> 
     </span>
    </p>
   </div>
   <div class='ocr_carea' id='block_1_85' title="bbox 1812 4213 3388 4284">
    <p class='ocr_par' dir='ltr' id='par_1_85' title="bbox 1812 4213 3388 4284">
     <span class='ocr_line' id='line_1_85' title="bbox 1812 4213 3388 4284; baseline 0.003 -21"><span class='ocrx_word' id='word_1_596' title='bbox 1812 4220 1895 4264; x_wconf 87' lang='lat' dir='ltr'><strong>ter</strong></span> <span class='ocrx_word' id='word_1_597' title='bbox 1928 4226 2047 4265; x_wconf 91' lang='lat' dir='ltr'><strong>sese</strong></span> <span class='ocrx_word' id='word_1_598' title='bbox 2074 4221 2399 4281; x_wconf 89' lang='lat' dir='ltr'><strong>opponeret.</strong></span> <span class='ocrx_word' id='word_1_599' title='bbox 2425 4214 2494 4266; x_wconf 86' lang='lat' dir='ltr'><strong>At</strong></span> <span class='ocrx_word' id='word_1_600' title='bbox 2527 4213 2617 4267; x_wconf 90' lang='lat' dir='ltr'><strong>ille</strong></span> <span class='ocrx_word' id='word_1_601' title='bbox 2657 4230 2783 4268; x_wconf 91' lang='lat' dir='ltr'><strong>cum</strong></span> <span class='ocrx_word' id='word_1_602' title='bbox 2805 4225 2953 4269; x_wconf 88' lang='lat' dir='ltr'><strong>esset</strong></span> <span class='ocrx_word' id='word_1_603' title='bbox 2977 4214 3177 4284; x_wconf 89' lang='lat' dir='ltr'><strong>placidi</strong></span> <span class='ocrx_word' id='word_1_604' title='bbox 3213 4214 3388 4268; x_wconf 90' lang='lat' dir='ltr'><strong>animi</strong></span> 
     </span>
    </p>
   </div>
   <div class='ocr_carea' id='block_1_86' title="bbox 1808 4304 3387 4375">
    <p class='ocr_par' dir='ltr' id='par_1_86' title="bbox 1808 4304 3387 4375">
     <span class='ocr_line' id='line_1_86' title="bbox 1808 4304 3387 4375; baseline 0 -18"><span class='ocrx_word' id='word_1_605' title='bbox 1808 4319 1913 4358; x_wconf 89' lang='lat' dir='ltr'><strong>nec</strong></span> <span class='ocrx_word' id='word_1_606' title='bbox 1944 4304 2212 4374; x_wconf 82' lang='lat' dir='ltr'><strong>sanguine</strong></span> <span class='ocrx_word' id='word_1_607' title='bbox 2249 4304 2537 4375; x_wconf 83' lang='lat' dir='ltr'><strong>gauderet,</strong></span> <span class='ocrx_word' id='word_1_608' title='bbox 2580 4305 2807 4359; x_wconf 90' lang='lat' dir='ltr'><strong>arcebat</strong></span> <span class='ocrx_word' id='word_1_609' title='bbox 2833 4321 3029 4359; x_wconf 89' lang='lat' dir='ltr'><strong>omnes</strong></span> <span class='ocrx_word' id='word_1_610' title='bbox 3081 4304 3249 4368; x_wconf 74' lang='lat' dir='ltr'><strong>caede,</strong></span> <span class='ocrx_word' id='word_1_611' title='bbox 3290 4305 3387 4358; x_wconf 88' lang='lat' dir='ltr'><strong>Dei</strong></span> 
     </span>
    </p>
   </div>
   <div class='ocr_carea' id='block_1_87' title="bbox 1810 4396 3388 4466">
    <p class='ocr_par' dir='ltr' id='par_1_87' title="bbox 1810 4396 3388 4466">
     <span class='ocr_line' id='line_1_87' title="bbox 1810 4396 3388 4466; baseline -0.001 -17"><span class='ocrx_word' id='word_1_612' title='bbox 1810 4396 2069 4450; x_wconf 90' lang='lat' dir='ltr'><strong>mandato</strong></span> <span class='ocrx_word' id='word_1_613' title='bbox 2101 4413 2255 4465; x_wconf 67' lang='lat' dir='ltr'><strong>aequa</strong></span> <span class='ocrx_word' id='word_1_614' title='bbox 2296 4406 2479 4451; x_wconf 83' lang='lat' dir='ltr'><strong>mente</strong></span> <span class='ocrx_word' id='word_1_615' title='bbox 2521 4398 2911 4466; x_wconf 82' lang='lat' dir='ltr'><strong>acquiescens;</strong></span> <span class='ocrx_word' id='word_1_616' title='bbox 2962 4396 3100 4451; x_wconf 89' lang='lat' dir='ltr'><strong>adeo</strong></span> <span class='ocrx_word' id='word_1_617' title='bbox 3137 4396 3388 4450; x_wconf 88' lang='lat' dir='ltr'><strong>utetiam</strong></span> 
     </span>
    </p>
   </div>
   <div class='ocr_carea' id='block_1_88' title="bbox 118 4488 1715 4563">
    <p class='ocr_par' dir='ltr' id='par_1_88' title="bbox 118 4491 1704 4563">
     <span class='ocr_line' id='line_1_88' title="bbox 118 4491 1704 4563; baseline -0.003 -16"><span class='ocrx_word' id='word_1_618' title='bbox 118 4496 222 4548; x_wconf 73' lang='grc' dir='ltr'><strong>καὶ</strong></span> <span class='ocrx_word' id='word_1_619' title='bbox 256 4494 358 4561; x_wconf 80' lang='grc' dir='ltr'><strong>οὐχ</strong></span> <span class='ocrx_word' id='word_1_620' title='bbox 385 4493 698 4563; x_wconf 78' lang='grc' dir='ltr'>αἱμοχαρὴς</span> <span class='ocrx_word' id='word_1_621' title='bbox 726 4491 824 4561; x_wconf 78' lang='grc' dir='ltr'>τὴν</span> <span class='ocrx_word' id='word_1_622' title='bbox 855 4491 1200 4560; x_wconf 85' lang='grc' dir='ltr'>προαίρεσιν,</span> <span class='ocrx_word' id='word_1_623' title='bbox 1232 4491 1465 4559; x_wconf 82' lang='grc' dir='ltr'>ἀπεῖργε</span> <span class='ocrx_word' id='word_1_624' title='bbox 1496 4491 1704 4552; x_wconf 77' lang='grc' dir='ltr'>πάντας</span> 
     </span>
    </p>
   </div>
   <div class='ocr_carea' id='block_1_89' title="bbox 1821 4488 3385 4563">
    <p class='ocr_par' dir='ltr' id='par_1_89' title="bbox 1821 4488 3385 4558">
     <span class='ocr_line' id='line_1_89' title="bbox 1821 4488 3385 4558; baseline -0.001 -15"><span class='ocrx_word' id='word_1_625' title='bbox 1821 4491 2110 4558; x_wconf 77' lang='lat' dir='ltr'><strong>quemdam</strong></span> <span class='ocrx_word' id='word_1_626' title='bbox 2144 4505 2210 4543; x_wconf 82' lang='lat' dir='ltr'><strong>ex</strong></span> <span class='ocrx_word' id='word_1_627' title='bbox 2240 4490 2546 4544; x_wconf 89' lang='lat' dir='ltr'><strong>domestico</strong></span> <span class='ocrx_word' id='word_1_628' title='bbox 2595 4489 2927 4551; x_wconf 81' lang='lat' dir='ltr'><strong>ministerio,</strong></span> <span class='ocrx_word' id='word_1_629' title='bbox 2961 4488 3385 4551; x_wconf 77' lang='lat' dir='ltr'><strong>Exarchontem,</strong></span> 
     </span>
    </p>
   </div>
   <div class='ocr_carea' id='block_1_90' title="bbox 121 4582 1705 4659">
    <p class='ocr_par' dir='ltr' id='par_1_90' title="bbox 121 4582 1705 4659">
     <span class='ocr_line' id='line_1_90' title="bbox 121 4582 1705 4659; baseline -0.005 -18"><span class='ocrx_word' id='word_1_630' title='bbox 121 4587 469 4659; x_wconf 79' lang='grc' dir='ltr'>μιαιφονίας,</span> <span class='ocrx_word' id='word_1_631' title='bbox 498 4584 577 4655; x_wconf 86' lang='grc' dir='ltr'>τῷ</span> <span class='ocrx_word' id='word_1_632' title='bbox 605 4584 699 4637; x_wconf 88' lang='grc' dir='ltr'><strong>τοῦ</strong></span> <span class='ocrx_word' id='word_1_633' title='bbox 726 4584 863 4637; x_wconf 88' lang='grc' dir='ltr'>Θεοῦ</span> <span class='ocrx_word' id='word_1_634' title='bbox 906 4583 1293 4652; x_wconf 81' lang='grc' dir='ltr'>προστάγματι</span> <span class='ocrx_word' id='word_1_635' title='bbox 1345 4582 1705 4652; x_wconf 82' lang='grc' dir='ltr'>εὐγνωμόνως</span> 
     </span>
    </p>
   </div>
   <div class='ocr_carea' id='block_1_91' title="bbox 118 4673 1703 4743">
    <p class='ocr_par' dir='ltr' id='par_1_91' title="bbox 118 4673 1703 4743">
     <span class='ocr_line' id='line_1_91' title="bbox 118 4673 1703 4743; baseline -0.004 -12"><span class='ocrx_word' id='word_1_636' title='bbox 118 4677 561 4743; x_wconf 78' lang='grc' dir='ltr'>ἐπικλινόμενος,</span> <span class='ocrx_word' id='word_1_637' title='bbox 594 4675 687 4726; x_wconf 80' lang='grc' dir='ltr'><strong>καὶ</strong></span> <span class='ocrx_word' id='word_1_638' title='bbox 709 4673 965 4726; x_wconf 84' lang='grc' dir='ltr'>τοσοῦτον</span> <span class='ocrx_word' id='word_1_639' title='bbox 989 4673 1128 4725; x_wconf 82' lang='grc' dir='ltr'>ὥστε</span> <span class='ocrx_word' id='word_1_640' title='bbox 1162 4674 1255 4726; x_wconf 82' lang='grc' dir='ltr'><strong>καί</strong></span> <span class='ocrx_word' id='word_1_641' title='bbox 1286 4690 1409 4727; x_wconf 81' lang='grc' dir='ltr'>τινα</span> <span class='ocrx_word' id='word_1_642' title='bbox 1443 4673 1544 4741; x_wconf 76' lang='grc' dir='ltr'><strong>τῆς</strong></span> <span class='ocrx_word' id='word_1_643' title='bbox 1572 4690 1703 4725; x_wconf 84' lang='grc' dir='ltr'>κατ-</span> 
     </span>
    </p>
   </div>
   <div class='ocr_carea' id='block_1_92' title="bbox 118 4762 1712 4838">
    <p class='ocr_par' dir='ltr' id='par_1_92' title="bbox 118 4762 1712 4838">
     <span class='ocr_line' id='line_1_92' title="bbox 118 4762 1712 4838; baseline -0.004 -16"><span class='ocrx_word' id='word_1_644' title='bbox 118 4769 355 4822; x_wconf 80' lang='grc' dir='ltr'>οικιδίου</span> <span class='ocrx_word' id='word_1_645' title='bbox 390 4765 694 4838; x_wconf 76' lang='grc' dir='ltr'>θεραπείας</span> <span class='ocrx_word' id='word_1_646' title='bbox 718 4762 886 4818; x_wconf 81' lang='grc' dir='ltr'>αὑτοῦ</span> <span class='ocrx_word' id='word_1_647' title='bbox 912 4763 1020 4833; x_wconf 88' lang='lat'><strong>(9),</strong></span> <span class='ocrx_word' id='word_1_648' title='bbox 1055 4764 1146 4816; x_wconf 72' lang='grc' dir='ltr'><strong>τὸν</strong></span> <span class='ocrx_word' id='word_1_649' title='bbox 1185 4762 1532 4834; x_wconf 80' lang='grc' dir='ltr'>Ἐξάρχοντα,</span> <span class='ocrx_word' id='word_1_650' title='bbox 1566 4766 1712 4817; x_wconf 84' lang='grc' dir='ltr'>στεῖ-</span> 
     </span>
    </p>
   </div>
   <div class='ocr_carea' id='block_1_93' title="bbox 1817 4577 3389 4648">
    <p class='ocr_par' dir='ltr' id='par_1_93' title="bbox 1817 4577 3389 4648">
     <span class='ocr_line' id='line_1_93' title="bbox 1817 4577 3389 4648; baseline 0 -17"><span class='ocrx_word' id='word_1_651' title='bbox 1817 4578 2158 4633; x_wconf 85' lang='lat' dir='ltr'><strong>mitteretad</strong></span> <span class='ocrx_word' id='word_1_652' title='bbox 2189 4579 2431 4633; x_wconf 90' lang='lat' dir='ltr'><strong>Leonem</strong></span> <span class='ocrx_word' id='word_1_653' title='bbox 2483 4594 2609 4632; x_wconf 88' lang='lat' dir='ltr'><strong>cum</strong></span> <span class='ocrx_word' id='word_1_654' title='bbox 2661 4577 2967 4648; x_wconf 89' lang='lat' dir='ltr'><strong>insignibus</strong></span> <span class='ocrx_word' id='word_1_655' title='bbox 3015 4578 3389 4647; x_wconf 80' lang='lat' dir='ltr'><strong>imperatoris,</strong></span> 
     </span>
    </p>
   </div>
   <div class='ocr_carea' id='block_1_94' title="bbox 1811 4670 3385 4740">
    <p class='ocr_par' dir='ltr' id='par_1_94' title="bbox 1811 4670 3385 4740">
     <span class='ocr_line' id='line_1_94' title="bbox 1811 4670 3385 4740; baseline -0.003 -15"><span class='ocrx_word' id='word_1_656' title='bbox 1811 4672 2239 4740; x_wconf 88' lang='lat' dir='ltr'><strong>hortareturque</strong></span> <span class='ocrx_word' id='word_1_657' title='bbox 2270 4681 2524 4726; x_wconf 88' lang='lat' dir='ltr'><strong>senatum</strong></span> <span class='ocrx_word' id='word_1_658' title='bbox 2552 4671 2771 4725; x_wconf 79' lang='lat' dir='ltr'><strong>obviam</strong></span> <span class='ocrx_word' id='word_1_659' title='bbox 2809 4672 2859 4725; x_wconf 91' lang='lat' dir='ltr'><strong>ei</strong></span> <span class='ocrx_word' id='word_1_660' title='bbox 2897 4671 2997 4735; x_wconf 92' lang='lat' dir='ltr'><strong>ire,</strong></span> <span class='ocrx_word' id='word_1_661' title='bbox 3022 4685 3090 4724; x_wconf 90' lang='lat' dir='ltr'><strong>ne</strong></span> <span class='ocrx_word' id='word_1_662' title='bbox 3121 4670 3231 4724; x_wconf 93' lang='lat' dir='ltr'><strong>ulla</strong></span> <span class='ocrx_word' id='word_1_663' title='bbox 3256 4685 3385 4723; x_wconf 90' lang='lat' dir='ltr'><strong>san-</strong></span> 
     </span>
    </p>
   </div>
   <div class='ocr_carea' id='block_1_95' title="bbox 1820 4759 3390 4833">
    <p class='ocr_par' dir='ltr' id='par_1_95' title="bbox 1820 4759 3390 4833">
     <span class='ocr_line' id='line_1_95' title="bbox 1820 4759 3390 4833; baseline 0 -16"><span class='ocrx_word' id='word_1_664' title='bbox 1820 4763 2001 4833; x_wconf 87' lang='lat' dir='ltr'><strong>guinis</strong></span> <span class='ocrx_word' id='word_1_665' title='bbox 2048 4762 2336 4816; x_wconf 81' lang='lat' dir='ltr'><strong>christiani</strong></span> <span class='ocrx_word' id='word_1_666' title='bbox 2382 4771 2536 4833; x_wconf 87' lang='lat' dir='ltr'><strong>gutta</strong></span> <span class='ocrx_word' id='word_1_667' title='bbox 2602 4761 2980 4816; x_wconf 74' lang='lat' dir='ltr'><strong>effunderetur</strong></span> <span class='ocrx_word' id='word_1_668' title='bbox 3062 4759 3147 4815; x_wconf 90' lang='lat' dir='ltr'><strong>sui</strong></span> <span class='ocrx_word' id='word_1_669' title='bbox 3198 4775 3390 4817; x_wconf 76' lang='lat' dir='ltr'><strong>causa.</strong></span> 
     </span>
    </p>
   </div>
   <div class='ocr_carea' id='block_1_96' title="bbox 1412 4873 2085 4933">
    <p class='ocr_par' dir='ltr' id='par_1_96' title="bbox 1412 4873 2085 4933">
     <span class='ocr_line' id='line_1_96' title="bbox 1412 4873 2085 4933; baseline 0.001 -3"><span class='ocrx_word' id='word_1_670' title='bbox 1412 4874 1643 4930; x_wconf 68' lang='lat' dir='ltr'><strong>VARIAZ</strong></span> <span class='ocrx_word' id='word_1_671' title='bbox 1685 4873 2085 4933; x_wconf 80' lang='lat' dir='ltr'><strong>LECTIONES.</strong></span> 
     </span>
    </p>
   </div>
   <div class='ocr_carea' id='block_1_97' title="bbox 188 4991 1211 5066">
    <p class='ocr_par' dir='ltr' id='par_1_97' title="bbox 188 4991 1211 5066">
     <span class='ocr_line' id='line_1_97' title="bbox 188 4991 1211 5066; baseline -0.006 -16"><span class='ocrx_word' id='word_1_672' title='bbox 188 4997 236 5029; x_wconf 79' lang='lat'>“</span> <span class='ocrx_word' id='word_1_673' title='bbox 272 4994 594 5066; x_wconf 79' lang='grc' dir='ltr'>ὑφωρᾶσθαι</span> <span class='ocrx_word' id='word_1_674' title='bbox 616 4992 679 5049; x_wconf 89' lang='lat' dir='ltr'><strong>L.</strong></span> <span class='ocrx_word' id='word_1_675' title='bbox 758 4992 804 5025; x_wconf 75' lang='lat'>“</span> <span class='ocrx_word' id='word_1_676' title='bbox 832 4991 1122 5066; x_wconf 81' lang='grc' dir='ltr'>βασιλειῶν</span> <span class='ocrx_word' id='word_1_677' title='bbox 1149 4991 1211 5045; x_wconf 87' lang='lat' dir='ltr'><strong>L.</strong></span> 
     </span>
    </p>
   </div>
   <div class='ocr_carea' id='block_1_98' title="bbox 1298 4990 2769 5063">
    <p class='ocr_par' dir='ltr' id='par_1_98' title="bbox 1298 4990 2769 5063">
     <span class='ocr_line' id='line_1_98' title="bbox 1298 4990 2769 5063; baseline 0.003 -20"><span class='ocrx_word' id='word_1_678' title='bbox 1298 4991 1340 5021; x_wconf 80' lang='lat'>”</span> <span class='ocrx_word' id='word_1_679' title='bbox 1377 4990 1515 5059; x_wconf 81' lang='grc' dir='ltr'>πρὸς</span> <span class='ocrx_word' id='word_1_680' title='bbox 1541 4990 1601 5046; x_wconf 89' lang='lat' dir='ltr'><strong>L.</strong></span> <span class='ocrx_word' id='word_1_681' title='bbox 1681 4990 1725 5021; x_wconf 83' lang='grc'><strong>¹⁶</strong></span> <span class='ocrx_word' id='word_1_682' title='bbox 1747 4992 2102 5062; x_wconf 61' lang='grc' dir='ltr'>ὑφωρομένου</span> <span class='ocrx_word' id='word_1_683' title='bbox 2136 4992 2196 5046; x_wconf 92' lang='lat' dir='ltr'><strong>L.</strong></span> <span class='ocrx_word' id='word_1_684' title='bbox 2279 4993 2321 5024; x_wconf 82' lang='lat'><strong>&quot;&#39;</strong></span> <span class='ocrx_word' id='word_1_685' title='bbox 2350 4992 2675 5063; x_wconf 82' lang='grc' dir='ltr'>προὺτίθετο</span> <span class='ocrx_word' id='word_1_686' title='bbox 2706 4990 2769 5047; x_wconf 85' lang='lat' dir='ltr'><strong>L.</strong></span> 
     </span>
    </p>
   </div>
   <div class='ocr_carea' id='block_1_99' title="bbox 1282 5108 2175 5177">
    <p class='ocr_par' dir='ltr' id='par_1_99' title="bbox 1282 5108 2175 5177">
     <span class='ocr_line' id='line_1_99' title="bbox 1282 5108 2175 5177; baseline 0.004 -13"><span class='ocrx_word' id='word_1_687' title='bbox 1282 5108 1525 5165; x_wconf 83' lang='lat' dir='ltr'><strong>STEPH.</strong></span> <span class='ocrx_word' id='word_1_688' title='bbox 1562 5110 1906 5167; x_wconf 78' lang='lat' dir='ltr'><strong>BERGLERI</strong></span> <span class='ocrx_word' id='word_1_689' title='bbox 1946 5112 2175 5177; x_wconf 64' lang='grc' dir='ltr'><strong>ΝΟΤᾸΕ,</strong></span> 
     </span>
    </p>
   </div>
   <div class='ocr_carea' id='block_1_100' title="bbox 194 5232 1698 5314">
    <p class='ocr_par' dir='ltr' id='par_1_100' title="bbox 194 5232 1698 5314">
     <span class='ocr_line' id='line_1_100' title="bbox 194 5232 1698 5314; baseline 0 -26"><span class='ocrx_word' id='word_1_690' title='bbox 194 5236 385 5314; x_wconf 75' lang='lat' dir='ltr'><strong>(3)_l_)e</strong></span> <span class='ocrx_word' id='word_1_691' title='bbox 413 5234 519 5314; x_wconf 79' lang='lat' dir='ltr'><strong>hac</strong></span> <span class='ocrx_word' id='word_1_692' title='bbox 544 5233 918 5314; x_wconf 77' lang='lat' dir='ltr'><strong>discrepantia</strong></span> <span class='ocrx_word' id='word_1_693' title='bbox 947 5235 1113 5306; x_wconf 87' lang='lat' dir='ltr'><strong>hujus</strong></span> <span class='ocrx_word' id='word_1_694' title='bbox 1142 5235 1387 5314; x_wconf 60' lang='lat' dir='ltr'><strong>historia:</strong></span> <span class='ocrx_word' id='word_1_695' title='bbox 1411 5232 1698 5314; x_wconf 60' lang='lat' dir='ltr'><strong>et_(}_hrpn.</strong></span> 
     </span>
    </p>
   </div>
   <div class='ocr_carea' id='block_1_101' title="bbox 116 5304 1701 5376">
    <p class='ocr_par' dir='ltr' id='par_1_101' title="bbox 116 5304 1701 5376">
     <span class='ocr_line' id='line_1_101' title="bbox 116 5304 1701 5376; baseline 0 -17"><span class='ocrx_word' id='word_1_696' title='bbox 116 5316 245 5376; x_wconf 89' lang='lat' dir='ltr'><strong>post</strong></span> <span class='ocrx_word' id='word_1_697' title='bbox 272 5306 527 5376; x_wconf 88' lang='lat' dir='ltr'><strong>Theoph.</strong></span> <span class='ocrx_word' id='word_1_698' title='bbox 561 5306 677 5359; x_wconf 79' lang='lat' dir='ltr'><strong>sive</strong></span> <span class='ocrx_word' id='word_1_699' title='bbox 721 5304 1171 5370; x_wconf 79' lang='lat' dir='ltr'><strong>Continuatores,</strong></span> <span class='ocrx_word' id='word_1_700' title='bbox 1204 5321 1259 5375; x_wconf 92' lang='lat' dir='ltr'><strong>p.</strong></span> <span class='ocrx_word' id='word_1_701' title='bbox 1294 5304 1382 5369; x_wconf 77' lang='grc'><strong>10,</strong></span> <span class='ocrx_word' id='word_1_702' title='bbox 1424 5304 1558 5359; x_wconf 87' lang='lat' dir='ltr'><strong>edit.</strong></span> <span class='ocrx_word' id='word_1_703' title='bbox 1598 5305 1701 5359; x_wconf 87' lang='lat' dir='ltr'><strong>Pa-</strong></span> 
     </span>
    </p>
   </div>
   <div class='ocr_carea' id='block_1_102' title="bbox 119 5394 197 5429">
    <p class='ocr_par' dir='ltr' id='par_1_102' title="bbox 119 5394 197 5429">
     <span class='ocr_line' id='line_1_102' title="bbox 119 5394 197 5429; baseline 0 0"><span class='ocrx_word' id='word_1_704' title='bbox 119 5394 197 5429; x_wconf 62' lang='grc' dir='ltr'><strong>ικδ</strong></span> 
     </span>
    </p>
   </div>
   <div class='ocr_carea' id='block_1_103' title="bbox 193 5444 1704 5519">
    <p class='ocr_par' dir='ltr' id='par_1_103' title="bbox 193 5444 1704 5519">
     <span class='ocr_line' id='line_1_103' title="bbox 193 5444 1704 5519; baseline -0.001 -20"><span class='ocrx_word' id='word_1_705' title='bbox 193 5447 273 5519; x_wconf 69' lang='grc'><strong>(4)</strong></span> <span class='ocrx_word' id='word_1_706' title='bbox 305 5446 453 5501; x_wconf 82' lang='lat' dir='ltr'><strong>Mera</strong></span> <span class='ocrx_word' id='word_1_707' title='bbox 511 5447 794 5503; x_wconf 87' lang='lat' dir='ltr'><strong>simulatio</strong></span> <span class='ocrx_word' id='word_1_708' title='bbox 837 5446 960 5501; x_wconf 92' lang='lat' dir='ltr'><strong>fuit.</strong></span> <span class='ocrx_word' id='word_1_709' title='bbox 996 5447 1259 5510; x_wconf 83' lang='lat' dir='ltr'><strong>Zonaras,</strong></span> <span class='ocrx_word' id='word_1_710' title='bbox 1306 5461 1361 5514; x_wconf 93' lang='lat' dir='ltr'><strong>p.</strong></span> <span class='ocrx_word' id='word_1_711' title='bbox 1397 5444 1518 5498; x_wconf 72' lang='grc'><strong>128.</strong></span> <span class='ocrx_word' id='word_1_712' title='bbox 1570 5446 1704 5500; x_wconf 88' lang='lat' dir='ltr'><strong>edit.</strong></span> 
     </span>
    </p>
   </div>
   <div class='ocr_carea' id='block_1_104' title="bbox 119 5518 301 5572">
    <p class='ocr_par' dir='ltr' id='par_1_104' title="bbox 119 5518 301 5572">
     <span class='ocr_line' id='line_1_104' title="bbox 119 5518 301 5572; baseline 0 -1"><span class='ocrx_word' id='word_1_713' title='bbox 119 5518 301 5572; x_wconf 88' lang='lat' dir='ltr'><strong>Paris.</strong></span> 
     </span>
    </p>
   </div>
   <div class='ocr_carea' id='block_1_105' title="bbox 194 5587 1695 5659">
    <p class='ocr_par' dir='ltr' id='par_1_105' title="bbox 194 5587 1695 5659">
     <span class='ocr_line' id='line_1_105' title="bbox 194 5587 1695 5659; baseline 0.001 -18"><span class='ocrx_word' id='word_1_714' title='bbox 194 5590 271 5656; x_wconf 87' lang='lat'><strong>(5)</strong></span> <span class='ocrx_word' id='word_1_715' title='bbox 305 5587 609 5656; x_wconf 88' lang='lat' dir='ltr'><strong>Cedrenus,</strong></span> <span class='ocrx_word' id='word_1_716' title='bbox 660 5605 715 5659; x_wconf 92' lang='lat' dir='ltr'><strong>p.</strong></span> <span class='ocrx_word' id='word_1_717' title='bbox 752 5588 876 5655; x_wconf 72' lang='grc'><strong>484,</strong></span> <span class='ocrx_word' id='word_1_718' title='bbox 907 5589 1043 5645; x_wconf 92' lang='lat' dir='ltr'><strong>edit.</strong></span> <span class='ocrx_word' id='word_1_719' title='bbox 1081 5590 1257 5645; x_wconf 86' lang='lat' dir='ltr'><strong>Paris.</strong></span> <span class='ocrx_word' id='word_1_720' title='bbox 1311 5588 1695 5646; x_wconf 87' lang='lat' dir='ltr'><strong>Continuator.</strong></span> 
     </span>
    </p>
   </div>
   <div class='ocr_carea' id='block_1_106' title="bbox 119 5660 472 5715">
    <p class='ocr_par' dir='ltr' id='par_1_106' title="bbox 119 5660 472 5715">
     <span class='ocr_line' id='line_1_106' title="bbox 119 5660 472 5715; baseline 0.006 -4"><span class='ocrx_word' id='word_1_721' title='bbox 119 5660 259 5715; x_wconf 86' lang='lat' dir='ltr'><strong>edit.</strong></span> <span class='ocrx_word' id='word_1_722' title='bbox 298 5660 472 5713; x_wconf 84' lang='lat' dir='ltr'><strong>Paris.</strong></span> 
     </span>
    </p>
   </div>
   <div class='ocr_carea' id='block_1_107' title="bbox 190 5729 826 5800">
    <p class='ocr_par' dir='ltr' id='par_1_107' title="bbox 190 5729 826 5800">
     <span class='ocr_line' id='line_1_107' title="bbox 190 5729 826 5800; baseline 0.002 -17"><span class='ocrx_word' id='word_1_723' title='bbox 190 5729 269 5799; x_wconf 80' lang='lat'><strong>(6)</strong></span> <span class='ocrx_word' id='word_1_724' title='bbox 299 5730 489 5784; x_wconf 84' lang='lat' dir='ltr'><strong>Potius</strong></span> <span class='ocrx_word' id='word_1_725' title='bbox 520 5747 577 5782; x_wconf 87' lang='grc' dir='ltr'><strong>τε</strong></span> <span class='ocrx_word' id='word_1_726' title='bbox 609 5744 709 5800; x_wconf 91' lang='lat' dir='ltr'><strong>pro</strong></span> <span class='ocrx_word' id='word_1_727' title='bbox 740 5748 826 5799; x_wconf 80' lang='grc' dir='ltr'>γε.</span> 
     </span>
    </p>
   </div>
   <div class='ocr_carea' id='block_1_108' title="bbox 191 5799 1688 5870">
    <p class='ocr_par' dir='ltr' id='par_1_108' title="bbox 191 5799 1688 5870">
     <span class='ocr_line' id='line_1_108' title="bbox 191 5799 1688 5870; baseline -0.003 -17"><span class='ocrx_word' id='word_1_728' title='bbox 191 5802 269 5870; x_wconf 75' lang='lat'><strong>(’7)</strong></span> <span class='ocrx_word' id='word_1_729' title='bbox 304 5801 547 5868; x_wconf 81' lang='lat' dir='ltr'><strong>Apparet</strong></span> <span class='ocrx_word' id='word_1_730' title='bbox 610 5799 847 5870; x_wconf 83' lang='lat' dir='ltr'><strong>primum</strong></span> <span class='ocrx_word' id='word_1_731' title='bbox 886 5801 1066 5857; x_wconf 88' lang='lat' dir='ltr'><strong>thema</strong></span> <span class='ocrx_word' id='word_1_732' title='bbox 1116 5801 1282 5856; x_wconf 84' lang='lat' dir='ltr'><strong>fuisse</strong></span> <span class='ocrx_word' id='word_1_733' title='bbox 1310 5801 1369 5853; x_wconf 76' lang='grc' dir='ltr'>τὸ</span> <span class='ocrx_word' id='word_1_734' title='bbox 1415 5799 1688 5853; x_wconf 79' lang='grc' dir='ltr'>Ἀνατολι-</span> 
     </span>
    </p>
   </div>
   <div class='ocr_carea' id='block_1_109' title="bbox 123 5870 1690 5941">
    <p class='ocr_par' dir='ltr' id='par_1_109' title="bbox 123 5870 1690 5941">
     <span class='ocr_line' id='line_1_109' title="bbox 123 5870 1690 5941; baseline -0.001 -18"><span class='ocrx_word' id='word_1_735' title='bbox 123 5872 241 5934; x_wconf 76' lang='grc' dir='ltr'>κόν,</span> <span class='ocrx_word' id='word_1_736' title='bbox 282 5872 571 5937; x_wconf 74' lang='lat' dir='ltr'><strong>Urientula,</strong></span> <span class='ocrx_word' id='word_1_737' title='bbox 608 5887 732 5925; x_wconf 83' lang='lat' dir='ltr'><strong>nam</strong></span> <span class='ocrx_word' id='word_1_738' title='bbox 788 5888 840 5941; x_wconf 90' lang='lat' dir='ltr'><strong>p.</strong></span> <span class='ocrx_word' id='word_1_739' title='bbox 899 5874 931 5923; x_wconf 72' lang='grc'><strong>4</strong></span> <span class='ocrx_word' id='word_1_740' title='bbox 982 5873 1270 5927; x_wconf 79' lang='lat' dir='ltr'><strong>dicebatur</strong></span> <span class='ocrx_word' id='word_1_741' title='bbox 1316 5870 1690 5927; x_wconf 81' lang='lat' dir='ltr'><strong>Orientalibus</strong></span> 
     </span>
    </p>
   </div>
   <div class='ocr_carea' id='block_1_110' title="bbox 1846 5236 2115 5291">
    <p class='ocr_par' dir='ltr' id='par_1_110' title="bbox 1846 5236 2115 5291">
     <span class='ocr_line' id='line_1_110' title="bbox 1846 5236 2115 5291; baseline 0.011 -3"><span class='ocrx_word' id='word_1_742' title='bbox 1846 5236 2115 5291; x_wconf 71' lang='lat' dir='ltr'><strong>rmfectus.</strong></span> 
     </span>
    </p>
   </div>
   <div class='ocr_carea' id='block_1_111' title="bbox 1807 5252 3379 5377">
    <p class='ocr_par' dir='ltr' id='par_1_111' title="bbox 1807 5252 3379 5377">
     <span class='ocr_line' id='line_1_111' title="bbox 1807 5252 3379 5377; baseline -0.001 -17"><span class='ocrx_word' id='word_1_743' title='bbox 1807 5252 2115 5377; x_wconf 47' lang='grc' dir='ltr'><strong>Ρηῗέῖςιῖῗεέ</strong></span> <span class='ocrx_word' id='word_1_744' title='bbox 2163 5322 2221 5362; x_wconf 88' lang='lat' dir='ltr'><strong>se</strong></span> <span class='ocrx_word' id='word_1_745' title='bbox 2265 5307 2370 5362; x_wconf 90' lang='lat' dir='ltr'><strong>fert</strong></span> <span class='ocrx_word' id='word_1_746' title='bbox 2406 5315 2462 5363; x_wconf 89' lang='lat' dir='ltr'><strong>et</strong></span> <span class='ocrx_word' id='word_1_747' title='bbox 2500 5305 2593 5359; x_wconf 87' lang='grc' dir='ltr'><strong>τοῦ</strong></span> <span class='ocrx_word' id='word_1_748' title='bbox 2631 5308 2751 5374; x_wconf 83' lang='grc' dir='ltr'>μετ’</span> <span class='ocrx_word' id='word_1_749' title='bbox 2776 5306 2837 5359; x_wconf 84' lang='grc' dir='ltr'>οὐ</span> <span class='ocrx_word' id='word_1_750' title='bbox 2868 5305 3024 5377; x_wconf 82' lang='grc' dir='ltr'>πολύ,</span> <span class='ocrx_word' id='word_1_751' title='bbox 3059 5312 3114 5359; x_wconf 90' lang='lat' dir='ltr'><strong>ut</strong></span> <span class='ocrx_word' id='word_1_752' title='bbox 3153 5303 3379 5377; x_wconf 79' lang='lat' dir='ltr'><strong>quidem</strong></span> 
     </span>
    </p>
   </div>
   <div class='ocr_carea' id='block_1_112' title="bbox 1809 5376 3375 5448">
    <p class='ocr_par' dir='ltr' id='par_1_112' title="bbox 1809 5376 3375 5448">
     <span class='ocr_line' id='line_1_112' title="bbox 1809 5376 3375 5448; baseline -0.002 -19"><span class='ocrx_word' id='word_1_753' title='bbox 1809 5376 2006 5431; x_wconf 84' lang='lat' dir='ltr'><strong>Bosius</strong></span> <span class='ocrx_word' id='word_1_754' title='bbox 2028 5377 2339 5448; x_wconf 85' lang='lat' dir='ltr'><strong>descripsit.</strong></span> <span class='ocrx_word' id='word_1_755' title='bbox 2368 5376 2633 5448; x_wconf 77' lang='lat' dir='ltr'><strong>quamvis</strong></span> <span class='ocrx_word' id='word_1_756' title='bbox 2648 5391 2755 5430; x_wconf 92' lang='lat' dir='ltr'><strong>non</strong></span> <span class='ocrx_word' id='word_1_757' title='bbox 2785 5376 2918 5430; x_wconf 84' lang='lat' dir='ltr'><strong>satis</strong></span> <span class='ocrx_word' id='word_1_758' title='bbox 2933 5385 3231 5448; x_wconf 84' lang='lat' dir='ltr'><strong>apparente</strong></span> <span class='ocrx_word' id='word_1_759' title='bbox 3256 5376 3375 5448; x_wconf 77' lang='grc' dir='ltr'>τοῦ,</span> 
     </span>
    </p>
   </div>
   <div class='ocr_carea' id='block_1_113' title="bbox 1811 5444 3372 5515">
    <p class='ocr_par' dir='ltr' id='par_1_113' title="bbox 1811 5444 3372 5515">
     <span class='ocr_line' id='line_1_113' title="bbox 1811 5444 3372 5515; baseline -0.002 -15"><span class='ocrx_word' id='word_1_760' title='bbox 1811 5461 1911 5501; x_wconf 91' lang='lat' dir='ltr'><strong>nec</strong></span> <span class='ocrx_word' id='word_1_761' title='bbox 1935 5448 2073 5501; x_wconf 86' lang='lat' dir='ltr'><strong>adeo</strong></span> <span class='ocrx_word' id='word_1_762' title='bbox 2111 5444 2288 5503; x_wconf 80' lang='lat' dir='ltr'><strong>locum</strong></span> <span class='ocrx_word' id='word_1_763' title='bbox 2321 5444 2555 5502; x_wconf 86' lang='lat' dir='ltr'><strong>habente</strong></span> <span class='ocrx_word' id='word_1_764' title='bbox 2582 5445 2709 5511; x_wconf 92' lang='lat' dir='ltr'><strong>hic;</strong></span> <span class='ocrx_word' id='word_1_765' title='bbox 2769 5454 2823 5499; x_wconf 90' lang='lat' dir='ltr'><strong>et</strong></span> <span class='ocrx_word' id='word_1_766' title='bbox 2866 5448 2936 5497; x_wconf 79' lang='grc' dir='ltr'><strong>ὀύ</strong></span> <span class='ocrx_word' id='word_1_767' title='bbox 2970 5444 3097 5515; x_wconf 80' lang='grc' dir='ltr'>μετ’</span> <span class='ocrx_word' id='word_1_768' title='bbox 3113 5446 3172 5497; x_wconf 83' lang='grc' dir='ltr'>οὐ</span> <span class='ocrx_word' id='word_1_769' title='bbox 3213 5444 3372 5515; x_wconf 86' lang='grc' dir='ltr'>πολύ,</span> 
     </span>
    </p>
   </div>
   <div class='ocr_carea' id='block_1_114' title="bbox 1812 5514 3373 5589">
    <p class='ocr_par' dir='ltr' id='par_1_114' title="bbox 1812 5514 3373 5589">
     <span class='ocr_line' id='line_1_114' title="bbox 1812 5514 3373 5589; baseline -0.002 -20"><span class='ocrx_word' id='word_1_770' title='bbox 1812 5518 2043 5589; x_wconf 14' lang='grc' dir='ltr'>υιίιυὶυε</span> <span class='ocrx_word' id='word_1_771' title='bbox 2071 5518 2125 5573; x_wconf 93' lang='lat' dir='ltr'><strong>in</strong></span> <span class='ocrx_word' id='word_1_772' title='bbox 2180 5519 2425 5589; x_wconf 90' lang='lat' dir='ltr'><strong>margine</strong></span> <span class='ocrx_word' id='word_1_773' title='bbox 2450 5516 2685 5589; x_wconf 66' lang='lat' dir='ltr'><strong>Bosiani.</strong></span> <span class='ocrx_word' id='word_1_774' title='bbox 2720 5515 2831 5589; x_wconf 83' lang='lat' dir='ltr'><strong>Nec</strong></span> <span class='ocrx_word' id='word_1_775' title='bbox 2860 5514 3242 5589; x_wconf 27' lang='lat' dir='ltr'><strong>hoc’reetum.</strong></span> <span class='ocrx_word' id='word_1_776' title='bbox 3284 5514 3373 5589; x_wconf 51' lang='grc' dir='ltr'><strong>ΔΕτ</strong></span> 
     </span>
    </p>
   </div>
   <div class='ocr_carea' id='block_1_115' title="bbox 1853 5584 3367 5659">
    <p class='ocr_par' dir='ltr' id='par_1_115' title="bbox 1853 5584 3367 5659">
     <span class='ocr_line' id='line_1_115' title="bbox 1853 5584 3367 5659; baseline -0.002 -19"><span class='ocrx_word' id='word_1_777' title='bbox 1853 5588 1984 5642; x_wconf 90' lang='lat' dir='ltr'><strong>riori</strong></span> <span class='ocrx_word' id='word_1_778' title='bbox 2037 5589 2142 5659; x_wconf 85' lang='lat' dir='ltr'><strong>legi</strong></span> <span class='ocrx_word' id='word_1_779' title='bbox 2195 5584 2399 5658; x_wconf 60' lang='lat' dir='ltr'><strong>posset,</strong></span> <span class='ocrx_word' id='word_1_780' title='bbox 2471 5586 2934 5659; x_wconf 61' lang='lat' dir='ltr'><strong>ﬂeo-fletacbtoﬁ</strong></span> <span class='ocrx_word' id='word_1_781' title='bbox 2978 5586 3176 5659; x_wconf 80' lang='grc' dir='ltr'>μετόὺ</span> <span class='ocrx_word' id='word_1_782' title='bbox 3210 5584 3367 5637; x_wconf 82' lang='grc' dir='ltr'>πολύ.</span> 
     </span>
    </p>
   </div>
   <div class='ocr_carea' id='block_1_116' title="bbox 1806 5602 3372 5728">
    <p class='ocr_par' dir='ltr' id='par_1_116' title="bbox 1806 5602 3372 5728">
     <span class='ocr_line' id='line_1_116' title="bbox 1853 5602 3367 5659; baseline -0.002 -19"><span class='ocrx_word' id='word_1_783' title='bbox 1853 5603 1984 5642; x_wconf 83' lang='lat' dir='ltr'><strong>non</strong></span> <span class='ocrx_word' id='word_1_784' title='bbox 2037 5602 2142 5659; x_wconf 79' lang='lat' dir='ltr'><strong>tegi</strong></span> <span class='ocrx_word' id='word_1_785' title='bbox 2195 5602 2399 5658; x_wconf 79' lang='lat' dir='ltr'><strong>posset,</strong></span> <span class='ocrx_word' id='word_1_786' title='bbox 2471 5602 2718 5657; x_wconf 68' lang='grc' dir='ltr'>βασιλεια</span> <span class='ocrx_word' id='word_1_787' title='bbox 2770 5602 2934 5640; x_wconf 80' lang='grc' dir='ltr'>αυτου</span> <span class='ocrx_word' id='word_1_788' title='bbox 2978 5602 3094 5655; x_wconf 81' lang='grc' dir='ltr'>μετ’</span> <span class='ocrx_word' id='word_1_789' title='bbox 3117 5603 3176 5637; x_wconf 84' lang='grc' dir='ltr'><strong>ου</strong></span> <span class='ocrx_word' id='word_1_790' title='bbox 3210 5602 3367 5637; x_wconf 67' lang='grc' dir='ltr'>πολυ.</span> 
     </span>
     <span class='ocr_line' id='line_1_117' title="bbox 1806 5602 3372 5728; baseline -0.003 -18"><span class='ocrx_word' id='word_1_791' title='bbox 1806 5602 1915 5711; x_wconf 50' lang='lat' dir='ltr'><strong>gos</strong></span> <span class='ocrx_word' id='word_1_792' title='bbox 1962 5660 2238 5728; x_wconf 88' lang='lat' dir='ltr'><strong>posterius</strong></span> <span class='ocrx_word' id='word_1_793' title='bbox 2295 5660 2599 5713; x_wconf 84' lang='lat' dir='ltr'><strong>retinemus</strong></span> <span class='ocrx_word' id='word_1_794' title='bbox 2650 5657 2926 5712; x_wconf 77' lang='lat' dir='ltr'><strong>levissima</strong></span> <span class='ocrx_word' id='word_1_795' title='bbox 2991 5656 3130 5709; x_wconf 86' lang='lat' dir='ltr'><strong>facta</strong></span> <span class='ocrx_word' id='word_1_796' title='bbox 3190 5663 3372 5709; x_wconf 85' lang='lat' dir='ltr'><strong>muta-</strong></span> 
     </span>
    </p>
   </div>
   <div class='ocr_carea' id='block_1_117' title="bbox 1806 5729 1971 5783">
    <p class='ocr_par' dir='ltr' id='par_1_117' title="bbox 1806 5729 1971 5783">
     <span class='ocr_line' id='line_1_118' title="bbox 1806 5729 1971 5783; baseline 0.024 -4"><span class='ocrx_word' id='word_1_797' title='bbox 1806 5729 1971 5783; x_wconf 91' lang='lat' dir='ltr'><strong>tione.</strong></span> 
     </span>
    </p>
   </div>
   <div class='ocr_carea' id='block_1_118' title="bbox 1870 5798 3107 5869">
    <p class='ocr_par' dir='ltr' id='par_1_118' title="bbox 1870 5798 3107 5869">
     <span class='ocr_line' id='line_1_119' title="bbox 1870 5798 3107 5869; baseline -0.002 -18"><span class='ocrx_word' id='word_1_798' title='bbox 1870 5798 1944 5869; x_wconf 84' lang='lat'><strong>(9)</strong></span> <span class='ocrx_word' id='word_1_799' title='bbox 1970 5800 2180 5855; x_wconf 81' lang='lat' dir='ltr'><strong>Mallem</strong></span> <span class='ocrx_word' id='word_1_800' title='bbox 2200 5799 2380 5865; x_wconf 81' lang='grc' dir='ltr'>αὐτόν,</span> <span class='ocrx_word' id='word_1_801' title='bbox 2415 5810 2469 5854; x_wconf 89' lang='lat' dir='ltr'><strong>et</strong></span> <span class='ocrx_word' id='word_1_802' title='bbox 2504 5799 2786 5869; x_wconf 69' lang='lat' dir='ltr'><strong>prsemisso</strong></span> <span class='ocrx_word' id='word_1_803' title='bbox 2816 5804 3107 5851; x_wconf 87' lang='lat' dir='ltr'><strong>commate.</strong></span> 
     </span>
    </p>
   </div>
  </div>
