4146 6436
706 312 816 376 995

2009 302 2324 367 JOSEPHI
2361 301 2675 362 GENESII

3865 297 3963 361 996

709 424 891 489 Quare
929 436 1065 474 uxor
1090 420 1208 489 ejus
1246 418 1512 489 Procopia
1554 416 1775 472 invidiae
1804 415 2045 471 stimulis
2083 414 2286 484 agitata

2391 410 2479 462 λαι
2508 409 2644 479 πρὸς
2679 407 2884 460 Λέοντα
2939 404 3077 475 μετά
3120 405 3211 458 καὶ
3257 405 3370 475 (10)
3427 402 3725 474 βασιλικῶν
3762 406 3963 475 συμϐό-

711 517 887 566 lcrtur
919 509 1123 564 dixisse
1152 527 1164 562 :
1198 528 1215 560 ι
1236 508 1528 579 Indignum
1557 524 1684 563 sane
1715 508 1761 562 si
1790 506 2007 578 tyranni
2037 521 2174 558 uxor
2199 504 2289 557 in-

709 601 843 654 duat
870 599 1196 663 modulium,
1239 618 1256 651 ›
1313 601 1538 654 Baream
1582 615 1703 654 eam
1758 592 2072 652 nominans.
2103 595 2289 649 Atille

710 690 966 759 prudenti
1026 705 1285 744 sermone
1335 706 1456 744 eam
1505 689 1752 743 refutans
1790 689 1971 742 dixit:
2019 705 2037 737 ι
2077 685 2289 739 Bonum

706 788 791 833 est
820 779 1040 834 Domim
1071 781 1409 834 voluntatem
1437 780 1593 848 sequi
1618 795 1682 833 ea
1712 795 1834 848 qua:
1862 778 2021 832 ﬁunt.
2056 797 2074 828 ο

2397 502 2524 562 λων,
2561 498 2868 569 προτρέψαι
2899 514 2957 550 τε
2993 498 3089 550 καὶ
3112 496 3212 568 τὴν
3253 496 3559 566 σύγκλητον
3584 495 3809 549 ἀπιέναι
3837 498 3965 566 πρὸς

2398 591 2498 662 τὴν
2521 590 2714 644 τούτου
2738 590 3066 660 ἀπάντησιν,
3092 589 3168 653 ὡς
3203 589 3279 660 μή
3309 606 3431 641 τινα
3471 587 3661 657 ῥανίδα
3698 588 3962 656 Χριστια-

2399 681 2550 735 νικοῦ
2576 681 2808 750 αἵματος
2837 680 3130 751 ἐκχεϐῆναι
3154 679 3320 733 αὑτοῦ
3345 679 3529 732 ἐνεκα.
3571 679 3691 748 Ἐφ’
3721 680 3832 750 ὅτῳ
3874 681 3968 749 τὴν

2399 769 2591 825 ἐαυτοῦ
2660 771 2773 839 (11)
2839 756 3089 841 γαμετὴν
3142 770 3458 843 Προκοπίαν
3514 770 3968 840 ζηλοτυπήσασαν

704 872 946 926 τοιοῦτον
991 874 1202 926 εἰπεῖν’
1238 892 1256 925 ι
1287 873 1471 925 Δεινόν
1504 889 1569 939 γε
1622 872 1815 936 δεινὸν,
1853 871 1947 923 ἐὰν
1985 872 2018 940 ἡ
2066 867 2163 921 τοῦ
2233 864 2499 935 τυράννου
2575 861 2809 931 σύζυγος
2860 862 3092 925 Λέοντος
3152 862 3437 935 περιϐάλοι
3480 866 3571 919 τὸν
3644 862 3908 933 μοδίολον,
3946 881 3962 910 ι

706 965 927 1034 Βάρκαν
949 968 1119 1035 αὐτὴν
1144 968 1460 1037 ὀνομάσασα
1490 966 1626 1035 (12).
1671 967 1729 1018 'U
1786 966 1843 1019 δὲ
1885 965 2089 1035 ταύτην
2134 962 2423 1033 φρονίμοις
2476 959 2654 1028 λόγοις
2710 958 3200 1030 ἀποκρουσάμενος
3278 963 3535 1033 εἴρηκεν*
3608 980 3629 1015 ι
3668 960 3852 1016 Καλὸν
3904 962 3969 1029 τῇ

707 1066 803 1118 τοῦ
831 1063 1036 1131 Κυρίου
1064 1062 1285 1131 δοκήσει
1323 1061 1654 1115 συνέπεσθαι
1683 1062 1753 1113 τὰ
1780 1060 2063 1129 γινόμενα.
2098 1078 2117 1110 ι

776 1158 949 1212 Porro
983 1170 1110 1209 cum
1130 1156 1239 1225 jam
1274 1164 1538 1224 tyrannus
1562 1153 1906 1223 pervenisset
1934 1168 2033 1223 per
2052 1155 2288 1207 Auream

708 1259 922 1318 portam
963 1248 1029 1303 ad
1072 1247 1441 1302 Praecursoris
1486 1246 1662 1301 aedem
1710 1261 1876 1316 quam
1930 1245 2160 1302 Studius
2200 1260 2293 1298 ex-

708 1344 931 1406 struxit,
993 1340 1152 1394 multi
1204 1356 1271 1394 ex
1303 1350 1498 1394 senatu
1524 1356 1589 1395 ac
1640 1340 2039 1411 propemodum
2097 1353 2292 1392 omnes

706 1436 1062 1484 accesserunt
1096 1426 1164 1482 ad
1200 1443 1351 1494 eum,
1384 1438 1551 1499 atque
1589 1432 1863 1498 stipanles
1891 1443 1998 1482 una
2030 1441 2156 1481 cum
2192 1443 2291 1497 po-

706 1521 837 1590 pulo
868 1520 1169 1575 comitante
1194 1519 1250 1574 in
1275 1520 1481 1589 regiam
1510 1519 1883 1574 deduxerunt.
1926 1518 2160 1586 Jamque
2201 1517 2286 1570 in-

703 1624 928 1678 gressus
973 1616 1104 1662 ante
1139 1617 1337 1662 aeratas
1394 1607 1706 1663 consistens
1758 1606 1908 1662 fores
1950 1606 2006 1661 in
2043 1607 2167 1661 loco
2198 1622 2287 1662 ro-

2466 1143 2574 1197 Τοῦ
2607 1143 2663 1197 δέ
2688 1144 2951 1214 τυράννου
2999 1144 3112 1214 (15)
3143 1144 3539 1210 καταλαϐόντος
3584 1146 3673 1200 διὰ
3696 1147 3799 1216 τῆς
3824 1147 3970 1218 Χρυ-

2392 1238 2493 1305 σῆς
2521 1237 2698 1309 πύλης
2742 1238 2832 1290 τὸν
2879 1238 2973 1289 τοῦ
3038 1239 3355 1309 Προδρόμου
3385 1240 3513 1292 ναὸν
3547 1241 3608 1293 ὃν
3649 1240 3905 1311 ἐδείματο
3930 1240 3971 1272 ³³

2392 1328 2657 1392 Στούδιος,
2690 1330 2876 1383 πολλοὶ
2901 1331 3001 1400 τῆς
3024 1330 3320 1401 γερουσίας
3353 1331 3388 1401 ἢ
3425 1333 3521 1383 καὶ
3558 1332 3745 1401 σχεδὸν
3778 1332 3967 1386 ἅπαν-

2387 1438 2478 1484 τες
2507 1422 2820 1494 προσῄεσαν
2839 1424 2880 1454 ¹⁹
2930 1421 3101 1493 αὐτῷ,
3160 1422 3219 1475 ὃν
3248 1425 3343 1476 καὶ
3374 1422 3801 1491 δορυφοροῦντες
3836 1426 3974 1494 μετὰ

2391 1512 2487 1566 τοῦ
2549 1515 2922 1582 συνεπομένου
2956 1512 3115 1582 δχλου
3169 1515 3282 1577 τοῖς
3326 1513 3621 1583 βασιλείοις
3655 1515 3972 1583 ἀπήγαγον.

2395 1604 2503 1658 Καὶ
2558 1603 2624 1673 δὴ
2673 1602 2859 1656 είσιὼν
2912 1605 3007 1657 καὶ
3056 1604 3163 1674 πρὸ
3187 1604 3296 1657 τῶν
3331 1603 3686 1674 χαλκηλάτων
3740 1606 3977 1667 ἐπιστὰς

706 1699 879 1752 tundo
902 1708 959 1754 et
991 1700 1381 1769 porphyretico
1426 1713 1704 1754 marmore
1753 1708 2032 1765 contecto,
2089 1701 2286 1770 gratias

2400 1696 2582 1749 πυλῶν
2619 1695 2753 1767 (14),
2800 1697 2895 1748 ἐπὶ
2924 1696 3001 1767 τῷ
3022 1697 3068 1728 ’θ
3107 1699 3228 1751 κατ’
3262 1698 3585 1766 ἐπιφάνειαν
3626 1698 3881 1769 κυκλικῷ
3919 1717 3976 1751 τε

705 1800 930 1845 acturus
964 1781 1181 1845 Christi
1205 1792 1303 1847 Dei
1330 1792 1508 1846 nostri
1542 1792 1655 1847 illic
1682 1791 1927 1862 imagini,
1953 1791 2071 1847 sive
2100 1807 2291 1845 revera

704 1886 821 1938 sive
857 1886 1042 1953 specie
1068 1894 1251 1949 tenus,
1279 1885 1434 1939 exuit
1456 1893 1668 1939 vestem
1695 1886 1746 1954 7
1773 1901 1880 1955 qua
1906 1887 2143 1939 amictus
2170 1894 2292 1947 erat

704 1975 911 2043 gemini
952 1975 1157 2029 coloris
1181 1974 1325 2029 rosei
1373 1975 1556 2044 aquila
1593 1975 1861 2044 insignem
1893 1977 2098 2044 (quam
2141 1975 2290 2030 colo-

707 2066 858 2119 bium
885 2067 1182 2120 vernacula
1228 2081 1365 2120 voce
1405 2066 1748 2135 appellant),
1796 2068 2032 2121 solutam
2068 2066 2288 2135 cingulo

652 2186 657 2191 -
705 2158 1013 2212 secundum
1045 2174 1257 2213 morem
1280 2160 1391 2229 jam
1414 2159 1545 2212 olim
1569 2174 1601 2212 a
1624 2158 1861 2213 ducibus
1907 2159 2287 2221 observatum,

705 2256 871 2317 atque
904 2248 1131 2303 Michael
1164 2264 1391 2303 suorum
1424 2249 1757 2318 equisonum
1802 2248 2071 2318 primario
2100 2250 2282 2318 palam

708 2341 894 2396 tradit.
931 2342 1029 2395 Illo
1066 2350 1250 2395 autem
1278 2356 1399 2395 eam
1426 2341 1719 2396 confestim
1772 2341 2059 2405 induente,
2094 2341 2149 2395 id
2189 2357 2288 2410 pro

705 2434 891 2488 omine
918 2434 1263 2503 adipiscendi
1295 2443 1418 2504 post
1440 2434 1685 2488 Leonem
1720 2434 1938 2502 imperii
1965 2442 2281 2503 reputatuin

705 2535 792 2576 est
842 2523 911 2576 ab
962 2524 1420 2593 intelligentibus.
1481 2522 1755 2576 Praeterea
1803 2522 2016 2576 inloco
2044 2522 2285 2590 quodam

706 2612 853 2666 circa
894 2608 1180 2681 palatium,
1222 2612 1309 2665 cui
1340 2627 1542 2665 nomen
1580 2611 1759 2680 Scyla,
1810 2610 2049 2665 Michael
2084 2610 2287 2664 Leonis

706 2704 876 2759 vestis
901 2720 1053 2758 oram
1080 2704 1221 2774 pede
1258 2720 1516 2773 premens
1568 2704 1811 2773 turpavit
1855 2721 1867 2755 :
1918 2703 2189 2757 incertum
2221 2720 2287 2757 ex

708 2797 1069 2864 protervitate
1096 2798 1150 2851 id
1183 2796 1401 2861 fecerit,
1444 2812 1513 2849 an
1542 2795 1892 2866 providentia
1924 2794 2111 2850 divina
2134 2795 2285 2850 futu-

708 2903 827 2940 rum
858 2898 1333 2957 praemonstrante.
1371 2888 1529 2954 Quod
1567 2904 1692 2942 eum
1718 2888 1987 2942 sensisset
2015 2887 2152 2951 Leo,
2207 2906 2285 2941 re-

707 2979 1000 3034 bellionem
1031 2981 1101 3034 ab
1130 2996 1197 3035 eo
1232 2981 1288 3034 in
1313 2996 1371 3035 se
1401 2982 1671 3035 orituram
1700 2979 1961 3048 coniecit.

2394 1790 2490 1841 καὶ
2517 1788 2918 1860 περιπορφύρῳ
2955 1790 3235 1860 μαρμάρῳ
3264 1791 3404 1860 (15),
3422 1790 3586 1861 εὐχὴν
3615 1793 3982 1862 χαριστήριον

2392 1881 2691 1934 ἀποδώσων
2729 1880 2808 1950 τῷ
2837 1882 3018 1934 ἐκεῖσε
3050 1880 3287 1952 Χριστοῦ
3316 1881 3410 1935 τοῦ
3444 1882 3579 1935 Θεοῦ
3604 1885 3977 1953 είκονέσματι.

2393 1972 2504 2025 εἴτε
2572 1972 2803 2044 ἀληθείᾳ
2866 1974 2975 2025 εἴτε
3020 1974 3395 2044 προσχήματι,
3456 1974 3838 2028 ἐκδιδύσκεται
3879 1975 3979 2043 τὴν

2392 2065 2596 2134 ἐσθῆτα
2631 2068 2699 2134 ἣν
2732 2065 3068 2134 ἐπεϐέϐλητο
3103 2067 3167 2119 ἐν
3210 2065 3333 2119 δυσὶ
3356 2067 3398 2098 ’ί
3434 2066 3724 2137 ῥοδοειδέσι
3756 2070 3978 2137 χροιαῖς

2388 2158 2713 2221 ἀετίζουσαν
2766 2158 2914 2230 (16),
2986 2158 3055 2228 ἢν
3106 2158 3446 2229 κολόϐιοντῇ
3506 2160 3761 2230 ἐγχωρίῳ
3818 2160 3978 2229 ῥήσει

2391 2252 2916 2320 προσονομάζουσιν,
2950 2252 3049 2304 καὶ
3104 2252 3312 2321 ταύτην
3364 2250 3657 2321 ἀνειμένην
3690 2249 3980 2319 ζωπῆρος

2389 2343 2531 2395 κατά
2590 2343 2652 2394 τὸ
2706 2342 2945 2395 ἔκπαλαι
2982 2341 3223 2411 τηρηθέν
3278 2341 3400 2404 ἔθος
3429 2343 3540 2403 τοῖς
3573 2339 3978 2409 στρατηλάταις

2390 2434 2483 2485 καὶ
2516 2433 2739 2503 Μιχαὴλ
2763 2434 2872 2487 τῶν
2902 2435 3068 2487 αὑτοῦ
3118 2434 3439 2503 ἱπποκόμων
3471 2433 3787 2503 πρωτάρχῳ
3818 2448 3982 2501 περιρ

2391 2526 2574 2595 φανῶς
2604 2527 2939 2581 ἐπιδίδωσιν.
3000 2526 3108 2579 Τοῦ
3151 2528 3208 2581 δὲ
3237 2527 3443 2597 ταύτην
3474 2524 3711 2593 ἐξαυτῆς
3738 2522 3980 2577 ἀναϐαλ-

2389 2619 2620 2687 λομένου
2675 2620 2755 2681 είς
2786 2617 2975 2671 οἰωνὸν
3013 2618 3152 2689 μετὰ
3186 2620 3393 2672 Λέοντα
3439 2615 3727 2688 βασιλικῆς
3786 2615 3982 2669 ἐπιϐἀ·

2393 2728 2531 2772 σεως
2562 2713 2675 2773 τοῖς
2712 2711 2877 2763 είδόσι
2918 2710 3215 2779 λελόγιστο.
3245 2711 3382 2780 Περὶ
3407 2710 3465 2762 δέ
3503 2726 3624 2762 τινα
3651 2709 3747 2761 τοῦ
3799 2707 3980 2761 παλα-

2388 2802 2503 2854 τίου
2534 2802 2713 2873 χῶρον
2742 2798 2803 2855 οἶ)
2835 2803 3130 2872 ἐπώνυμον
3160 2803 3230 2855 τὰ
3259 2802 3439 2855 Σκῦλα
3457 2803 3527 2863 ¹¹,
3556 2803 3584 2853 ὁ
3612 2800 3841 2869 Μιχαὴλ
3866 2800 3973 2869 τῆς

2386 2894 2612 2961 ἐσοῆτος
2653 2894 2745 2946 τοῦ
2789 2895 3020 2959 Λέοντος
3055 2894 3115 2948 τό
3170 2896 3339 2965 ἄκρον
3389 2894 3645 2947 ἐπιϐάσει
3704 2892 3948 2960 καθύϐρι

2390 3002 2481 3037 σεν
2507 2986 2644 3053 (17),
2668 2986 2778 3039 εἴτε
2810 2989 2873 3040 ἐκ
2897 2988 3230 3057 προπετείας
3257 2986 3417 3040 τοῦτο
3447 2986 3977 3055 καταπραξάμενος,

704 3070 812 3122 εἴτε
842 3073 943 3140 τῆς
975 3073 1089 3127 ἅνω
1130 3074 1397 3141 Προνοίας
1429 3074 1491 3125 τὸ
1523 3072 1719 3143 μέλλον
1783 3073 2292 3144 προχαραττούσης.
2354 3078 2443 3130 Ἑν
2467 3081 2815 3152 συναισθήσει
2862 3082 2919 3134 δὲ
2985 3081 3178 3134 τούτου
3236 3082 3389 3135 Λέων
3438 3082 3733 3151 γενόμενος
3782 3097 3980 3134 νεωτεο

707 3167 901 3236 ρισμόν
931 3185 1051 3220 τινα
1077 3168 1188 3239 (18)
1237 3169 1366 3240 παρ’
1395 3170 1561 3222 αὑτοῦ
1598 3169 1816 3225 ἔσεσθαι
1846 3169 2040 3222 ἐαυτὸν
2070 3172 2121 3206 ³⁸
2147 3172 2451 3227 οἰωνίσατο.

771 3258 1003 3327 Jamque
1035 3260 1239 3327 regiam
1292 3261 1540 3331 ingresso
1593 3261 1800 3326 Leone,
1856 3277 1983 3315 mox
2035 3262 2286 3316 crinibus

2460 3267 2570 3320 Καὶ
2633 3267 2697 3337 δὴ
2760 3271 2879 3332 τοῖς
2932 3272 3064 3324 εἴσω
3128 3270 3238 3323 τῶν
3283 3268 3570 3340 βασιλείων
3620 3270 3981 3338 χωρήσαντος

702 3350 956 3404 detonsis
1004 3351 1238 3406 Michael
1287 3351 1594 3421 imperator
1622 3362 1679 3406 et
1705 3355 1824 3423 ejus
1850 3369 1989 3407 uxor
2026 3369 2136 3407 una
2160 3368 2289 3407 cum

702 3440 915 3504 liberis,
937 3444 1219 3512 supplices
1267 3444 1613 3499 miserabiles
1664 3445 1721 3499 in
1760 3445 2005 3500 oratorio
2044 3446 2277 3501 sanctisa

703 3532 856 3587 simze
886 3533 1155 3603 Dcipat'te,
1201 3536 1350 3604 quod
1384 3537 1594 3591 Pharos
1629 3538 1856 3603 dicitur,
1913 3538 2281 3608 apparebant,

701 3625 1059 3680 clementiam
1092 3629 1387 3696 quamdam
1422 3631 1527 3684 sibi
1560 3640 1879 3699 expetentes
1916 3648 1930 3684 :
1966 3641 2133 3701 atque
2189 3632 2283 3685 ille

702 3716 963 3785 precibus
994 3718 1170 3773 ﬂexus
1202 3721 1370 3775 vitam
1395 3722 1477 3775 eis
1532 3723 1944 3777 concedendam
1992 3723 2285 3795 judicavit,

704 3812 983 3881 mittitque
1011 3813 1331 3869 Michaelem
1358 3815 1412 3869 in
1444 3815 1723 3885 quoddam
1762 3817 2184 3882 monasterium,
2226 3824 2290 3870 ut

702 3904 779 3957 ibi
829 3904 1135 3959 solitariam
1169 3909 1337 3960 vitam
1387 3923 1608 3963 onmem
1653 3909 1924 3978 reliquam
1951 3910 2151 3978 exigat.
2184 3908 2288 3963 Cui

700 3996 1000 4063 quotannis
1028 3996 1147 4051 auri
1172 3998 1522 4068 largitionem
1548 4000 1639 4055 die
1678 4000 1919 4070 quodam
1950 4008 2106 4056 certo
2139 4014 2285 4070 pra:-

2390 3361 2641 3422 Λέοντος,
2680 3360 2885 3424 εὐθέως
2939 3361 3037 3423 τὰς
3089 3361 3283 3431 τρίχας
3310 3363 3631 3431 κειράμενοι
3658 3360 3890 3428 Μιχαὴλ
3920 3376 3980 3411 τε

2389 3453 2417 3505 ὁ
2457 3451 2712 3521 βασιλεὺς
2754 3452 2848 3505 καὶ
2895 3454 2929 3523 ἡ
2977 3453 3169 3507 τούτου
3201 3471 3265 3522 γε
3298 3452 3552 3515 σύνευνος
3609 3453 3708 3505 σὺν
3761 3452 3978 3515 παισὶν,

2390 3548 2570 3600 ἱκέται
2607 3548 2833 3602 ἐλεεινοὶ
2889 3548 2969 3615 τῷ
3025 3548 3138 3618 (19)
3192 3548 3469 3619 εὐκτηρὶῳ
3501 3546 3636 3616 οἴκῳ
3672 3546 3772 3617 τῆς
3806 3549 3980 3617 ὑπερ-

2390 3638 2552 3705 αγίας
2582 3636 2849 3690 Θεοτόκου
2900 3637 2961 3701 ὃς
3002 3638 3181 3708 Φάρος
3238 3636 3671 3705 κατονομάζεται
3728 3636 3979 3688 δείκνυν-

2387 3745 2479 3780 ται
2512 3727 2645 3798 (ΞΟ),
2675 3727 2964 3798 εὐμενείας
2985 3729 3031 3760 ’⁸
3075 3727 3221 3791 τινὸς
3267 3726 3544 3793 ἀξιοῦντες
3573 3730 3783 3796 τυχεῖν.
3828 3729 3891 3781 Ὀ
3921 3728 3979 3779 δὲ

2386 3822 2454 3890 τῇ
2494 3819 2808 3888 δυσωπήσει
2870 3819 3165 3891 ἐπιπειθὴς
3195 3818 3439 3887 γεγονὼς
3476 3819 3660 3873 ἄνεσιν
3698 3818 3850 3887 ζωῆς
3882 3821 3978 3871 αὑ-

2388 3915 2502 3976 τοῖς
2558 3913 2901 3976 ἐδικαίωσεν,
2958 3913 3171 3982 πέμπει
3222 3929 3283 3965 τε
3336 3912 3428 3965 τὸν
3475 3911 3694 3981 Μιχαὴλ
3747 3910 3805 3963 ἐν
3874 3927 3980 3963 τινι

2389 4005 2801 4077 φροντιστηρίῳ
2827 4006 3093 4060 διατελεῖν
3114 4004 3193 4076 τῷ
3220 4004 3451 4075 μονήρει
3477 4003 3577 4073 βίῳ
3606 4004 3945 4073 συμφρασσό

1998 4185 2232 4240 ἾΜΠᾸΞ
2266 4185 2563 4242 LECTION
2572 4186 2673 4243 ES.

799 4322 821 4354 ⁸
843 4323 1082 4395 ἐδήματο
1114 4322 1180 4378 L.
1271 4325 1293 4356 ’
1314 4324 1606 4395 προσίεσαν
1628 4324 1692 4378 L.
1754 4326 1801 4357 ’°
1836 4325 1938 4395 τῷ]
1966 4326 2027 4378 τὸ
2066 4326 2131 4381 ἰ).
2215 4328 2260 4359 ²¹
2293 4329 2352 4381 ἐν
2378 4330 2497 4381 δυσὶ

2567 4344 2676 4382 imo
2710 4328 2942 4382 ἔνδυσιν.
3020 4329 3065 4359 ⁸³
3103 4324 3306 4379 σκύλλα
3338 4324 3398 4378 L.
3471 4325 3519 4357 ’³
3550 4332 3644 4379 aut
3671 4324 3755 4387 είς
3781 4324 3981 4377 ἑαυτὸν

799 4328 821 4354 ⁵
843 4328 1082 4393 ἐδήματο
1114 4328 1180 4378 L.
1271 4328 1293 4356 ’
1314 4328 1606 4405 προσίεσαν
1754 4328 1801 4357 ’⁸
1836 4328 1938 4398 τῷ]
1966 4328 2027 4378 τὸ
2066 4328 2131 4381 ἰ).
2215 4328 2260 4359 ’⁸
2293 4329 2352 4381 ἐν
2378 4328 2522 4432 δυσὶ]
2567 4344 2676 4382 imo
2710 4328 2917 4381 ἔνδυσιν

701 4392 987 4463 legendum
1020 4405 1126 4458 est,
1160 4403 1253 4447 aut
1282 4395 1482 4462 ἐαυτῳ.
1522 4396 1679 4465 Αὐτῳ
1706 4397 1941 4466 Symeun
1969 4398 2171 4464 logoth.
2195 4414 2249 4467 p.
2271 4399 2377 4452 402
2411 4401 2473 4453 (ὲ.
2529 4403 2548 4433 ⁸
2577 4401 2823 4471 είμενίας
2855 4399 2917 4453 L.

1852 4551 2094 4608 STEPII.
2128 4552 2468 4609 BERGLERI
2499 4553 2725 4612 ΝΟΤᾸΕ.

773 4684 886 4757 (10)
947 4685 1095 4739 Loco
1135 4686 1232 4757 και
1284 4685 1456 4755 magis
1491 4685 1790 4757 quadraret
1832 4686 2119 4757 articulus
2144 4686 2275 4741 τῶν.
2313 4692 2356 4746 1)
2381 4688 2486 4741 nisi
2514 4688 2666 4742 dicas
2700 4685 3130 4757 aquilissrmum.
3160 4684 3433 4757 _Subsidio_
3475 4683 3567 4738 hic
3595 4683 3755 4757 venit
3783 4683 3985 4757 Conti-

698 4755 790 4812 Ea‘
832 4755 989 4810 fuere
1018 4756 1299 4826 ἁλουργὶς,
1338 4755 1656 4823 κοκκοϐαφῆ
1692 4757 1885 4809 πέδιλα
1927 4764 1984 4810 et
2016 4756 2273 4826 διάδημα.

693 4827 935 4883 Cedren.
968 4842 1023 4895 p.
1047 4825 1173 4890 485,
1191 4826 1326 4880 edit.
1355 4826 1528 4879 Paris.
1560 4826 1628 4879 de
1656 4826 1848 4880 eadem
1874 4841 1953 4880 re.

770 4897 882 4967 (11)
913 4896 1293 4967 Soloecismus,
1322 4896 1428 4950 nisi
1463 4912 1562 4967 pro
1588 4897 1781 4967 ἐαυτοῦ
1806 4895 2168 4967 Ιεεοε-αὐτοῦ.
2216 4896 2276 4951 ln

693 4965 886 5023 Graeco
931 4967 1088 5020 deest
1110 4966 1350 5033 λέγεται,
1401 4966 1548 5036 quod
1600 4966 1839 5022 habetur
1869 4965 1924 5020 in
1945 4965 2275 5023 Continuat.

590 5110 593 5113 _
692 5056 747 5109 p.
775 5036 1083 5113 ,1ἓ,υ.ὶ›ἱ“όο
1108 5038 1301 5091 eadem
1334 5052 1415 5113 re.

795 5176 879 5246 15)
911 5177 1219 5241 Cedrenus,
1254 5193 1309 5246 p.
1334 5176 1459 5243 485,
1483 5178 1620 5232 edit.
1658 5176 1835 5231 Paris.

788 5246 874 5317 14)
904 5246 1231 5303 Continuat.
1260 5263 1315 5317 p.
1354 5248 1441 5311 12,
1475 5248 1612 5303 edit.
1640 5247 1813 5302 Paris.

765 5318 876 5389 (15)
912 5318 1101 5389 ΒιειεειΔ
1129 5318 1538 5389 substantivum
1592 5318 1917 5389 [μαρμάρῳ.
1949 5318 2129 5375 Habet
2177 5334 2275 5374 co-

691 5386 1035 5459 dex].’Apud
1068 5386 1397 5460 Symeonem
1430 5386 1829 5460 Logotheta’m,’
1852 5386 1948 5458 qui
1981 5393 2123 5446 solet
2163 5390 2275 5444 Νο-

696 5457 871 5531 strum
886 5457 1232 5531 quandoque
1254 5457 1591 5531 exscribere,
1626 5467 1711 5531 est
1745 5457 2041 5531 μαρμάρῳ,
2065 5479 2120 5531 p.
2148 5461 2275 5524 402,

693 5528 830 5582 edit.
859 5529 1086 5611 'Paris“
1121 5531 1190 5611 tv.
1208 5528 1286 5598 τῷ
1320 5530 1442 5583 κατ’
1509 5530 1835 5598 ἐπιφάνειαν
1866 5528 2145 5603 animo
2180 5534 2275 5585 καὶ

689 5601 961 5668 πορφύρῳ
1003 5601 1305 5670 μαρμάρῳο

699 5739 711 5752 ¹
760 5668 872 5752 (luti)
901 5669 1220 5752 Vestis‘haac
1242 5671 1628 5752 dst§.;,.oquila
1663 5673 1983 5752 vocabatur.
2018 5672 2267 5752 Grtecum

688 5739 1014 5805 ἀετίζουσαν
1046 5739 1280 5796 obscure
1324 5741 1532 5797 dicitur
1584 5753 1639 5798 ct
1691 5745 1778 5798 vix
1824 5751 2004 5813 potest
2036 5746 2265 5815 exprimi

792 5108 856 5161 12
909 5107 1196 5161 Cedrenus
1212 5108 1530 5176 ceterique.

795 5179 857 5231 15
911 5177 1219 5241 Cedrenus,
1254 5193 1309 5246 p.
1334 5176 1459 5243 485,
1483 5194 1530 5232 et

788 5248 854 5301 14
904 5246 1231 5303 Continuat.
1260 5263 1315 5317 p.
1354 5248 1441 5311 l2.
1475 5249 1530 5303 ed

765 5319 855 5389 (15
912 5318 1101 5389 ΒιειεειΔ
1129 5318 1530 5389 substantivum

2379 4768 2534 4812 nuat.
2575 4754 2890 4827 p.12fedit.
2918 4756 3095 4827 Paris.
3119 4755 3213 4809 ubi
3241 4755 3310 4809 de
3334 4754 3525 4827 eadem
3552 4769 3610 4827 re
3633 4754 3792 4827 ᾀετὸν
3818 4755 3986 4827 τοῦτο

2380 4822 2630 4882 καλοῦσι.
2651 4827 2885 4897 Symeon
2914 4826 3046 4897 Log.
3079 4842 3179 4895 pro
3211 4822 3737 4897 ἁετίζουσανίιιοδει
3775 4825 3985 4893 ἐκλάμ-

2382 4915 2613 4961 πουσαν,
2782 4898 2910 4959 409,
2958 4869 3361 4952 eaitrParis.‘
3400 4895 3815 4967 Ἐκδιδύσκεται
3882 4869 3982 4965 τὶῗδ

2381 4970 2587 5039 ἐσθῆτα
2614 4965 2688 5037 ἥν
2706 4968 3040 5039 ἐπεϐέϐλητο
3071 4966 3361 5039 ῥοδοειδέσι
3416 4966 3609 5039 χρόαις
3650 4965 3982 5039 ἐκλάμπου-

2384 5035 2733 5106 σανζΝεῐιιρο
2757 5039 2876 5093 sine
2899 5040 2957 5090 ἐν
2980 5038 3133 5090 δυσὶν
3161 5037 3351 5101 etiam,
3384 5035 3533 5105 quod
3562 5037 3618 5089 in
3650 5035 3997 5103 Nostroest,
4030 5103 4035 5109 .

2381 5124 2483 5163 nec
2516 5110 2651 5162 satis
2671 5116 2897 5178 apparet
2928 5122 3258 5178 quorsum.”

2386 5248 2427 5302 Ρ
2455 5179 2567 5260 (1.7)
2588 5175 2826 5234 Cedren.
2852 5195 2909 5249 p.
2930 5175 3037 5233 285
3051 5176 3189 5232 edit.
3218 5175 3374 5232 Paris
3393 5193 3409 5242 ;
3428 5176 3678 5231 Zonaras
3715 5176 3817 5230 118
3836 5177 3979 5231 edit.

2429 5264 2559 5302 aris.

2429 5264 2559 5303 aI’IS.

2468 5319 2578 5389 (l8)
2606 5319 2668 5374 F.
2691 5318 2896 5374 excidit
2918 5320 3019 5382 εἰς.
3045 5317 3196 5389 Sym.
3221 5317 3355 5388 Log.
3388 5332 3441 5387 p.
3469 5316 3575 5389 402
3619 5316 3759 5371 edit.
3794 5318 3977 5372 Paris.

2384 5390 2454 5445 de
2482 5388 2693 5444 eadem
2752 5405 2832 5452 re,
2861 5388 3230 5458 νεωτερισμόν
3260 5405 3381 5441 τινα
3435 5388 3567 5458 παρτ
3589 5389 3763 5441 αὑτοῦ
3808 5390 3978 5455 (male

2387 5461 2486 5529 ibi)
2521 5462 2806 5529 παραυτά;
2844 5460 2950 5513 hoc
2977 5460 3115 5515 alias
3146 5459 3386 5529 dicatur)
3412 5457 3644 5511 ἔσεσθαι
3664 5460 3843 5528 αὐτῷ.

2485 5530 2573 5587 19)
2606 5530 2664 5583 F.
2691 5530 2900 5585 excidit
2930 5532 3010 5585 ἐν.

2457 5599 2570 5671 (⁷20)
2617 5601 2940 5655 Continuat.
2978 5618 3034 5672 p.
3091 5603 3180 5663 l5,
3237 5609 3295 5656 et
3323 5599 3562 5655 Cedren.
3601 5617 3661 5670 p.
3692 5600 3801 5656 485
3839 5602 3972 5655 edit.

2377 5674 2553 5729 Paris.
2583 5701 2651 5712 -—
2683 5674 3033 5726 Δείκνυνται
3070 5674 3173 5726 Ἰσ.
3199 5673 3468 5726 δύνονται.
3503 5672 3822 5728 Relasstcs.
3856 5674 3973 5728 Non

2381 5746 2569 5815 inepte
2594 5742 2846 5813 quidem,
2876 5743 2971 5800 sed
3007 5753 3212 5815 praeter
3241 5742 3663 5799 necessitatem.
