4146 6436
766 400 870 463 999

2042 386 2353 450 JOSEPHI
2393 387 2705 447 GENESI-I

3879 384 4007 451 1000

766 517 951 564 autem
986 515 1197 562 tantum
1226 502 1683 560 acclamationem
1719 509 2057 557 consecutus
2108 518 2231 557 mox
2266 504 2350 557 in-

2451 503 2688 573 έσκηψε,
2729 498 3190 569 πεφροντισμένον
3235 500 3394 552 ἔστω.
3426 498 3545 550 Τῶν
3596 498 3701 567 γὶρ
3764 500 3898 564 σῶν,
3941 500 4010 563 ὡς

771 599 975 657 terihit.
1008 618 1031 649 ο
1066 597 1237 668 Igitur
1286 594 1593 651 Bardanius
1639 594 1708 649 ad
1748 594 1868 648 haec
1923 609 2051 649 cum
2109 596 2349 665 graviter

769 689 1149 761 ingemuisset,
1176 701 1331 742 suam
1362 686 1530 740 animi
1555 672 1951 756 cogitationem
1982 685 2154 740 Leoni
2182 693 2348 754 atque

767 781 1061 844 Michaeli,
1133 793 1351 833 necnon
1404 778 1651 841 Thomzn,
1715 777 1829 831 suis
1875 778 2163 840 ministris,
2221 792 2345 831 cum

768 873 1007 942 quadam
1052 870 1455 926 contumeliosa
1514 870 1569 924 in
1634 870 1968 925 monachum
2035 869 2350 925 invectione

768 963 1074 1033 aperiebat,
1104 961 1295 1017 dicens
1319 960 1707 1031 hujuscemodi
1739 962 1987 1031 quaedam
2024 979 2036 1015 :
2083 961 2193 1015 «Tu
2224 962 2350 1030 qui-

775 1054 922 1119 dem,
956 1054 1089 1121 Leo,
1126 1052 1358 1122 imperio
1380 1053 1588 1121 potitus
1611 1053 1850 1107 Thomas
1877 1063 2060 1107 autem
2084 1053 2351 1127 acclama-

771 1154 884 1208 tus,
916 1160 946 1199 a
976 1144 1239 1198 Michaele
1269 1142 1701 1207 interﬁciemini,
1735 1144 1829 1214 qui
1864 1143 1981 1213 ipse
2036 1145 2349 1199 servabitur

771 1234 829 1289 in
862 1236 1095 1305 imperio
1119 1235 1282 1306 plane
1307 1235 1620 1290 incolumis.
1659 1255 1677 1286 ›

770 1326 864 1378 καί
896 1343 1041 1388 τινος
1060 1328 1152 1379 ἐπὶ
1175 1326 1271 1379 τοῦ
1301 1327 1536 1397 μοναχοῦ
1570 1326 1893 1398 ὑϐριστικῆς
1919 1330 2339 1399 προσοχθήσεως
2379 1329 2685 1400 παρεδήλου
2722 1331 2856 1400 (57),
2889 1331 3116 1397 φάσκων
3171 1330 3349 1384 τοιάδε
3396 1330 3510 1401 (58)
3533 1348 3548 1363 ο

2450 595 2620 665 ἔφθην
2651 592 2820 646 είπών
2851 610 2954 656 σοι,
2988 590 3252 661 ὀμμάτων
3286 590 3379 643 καὶ
3423 588 3522 657 τῆς
3549 589 3847 657 ὑπάρξεως
3880 591 4010 642 ὑπο·

2451 688 2624 757 στήσῃ
2654 685 2754 754 τὴν
2783 683 3138 754 ἀλλοτρίωσιν
3163 681 3279 752 (36)
3300 698 3313 712 ο
3345 683 3393 734 οἱ
3432 681 3489 734 δὲ
3532 681 3659 745 τοὺς
3700 681 3909 742 ἵππους
3938 698 4013 733 σοι

2450 779 2585 848 πρὸς
2632 775 2937 846 ὑπηρεσίαν
2994 774 3414 845 ἑπικομίσαντες
3466 773 3680 841 ἄνδρες,
3730 772 3944 825 τούτων
3990 774 4017 823 ὁ

2451 870 2668 937 πρῶτος
2712 869 2806 922 καὶ
2851 870 2881 920 ὁ
2926 870 3047 937 μετ’
3076 869 3238 921 αὐτὸν
3265 866 3834 937 διαδηματοφορήσει,
3874 865 4017 916 καιὸ

2448 962 2633 1031 τρίτος
2675 961 2951 1032 ἐπιτυχὼν
2977 963 3335 1032 ἀναρρήσεως
3373 960 3580 1029 ταχέως
3607 959 3826 1028 θανάτῳ
3855 976 4017 1011 κατα-

2448 1055 2843 1123 στραφήσεται.
2881 1073 2899 1105 ι
2944 1055 3003 1106 ’0
3030 1049 3123 1106 οὖν
3155 1054 3445 1123 Βαρδάνιος
3477 1052 3612 1122 πρὸς
3654 1050 3831 1104 ταῦτα
3860 1051 4017 1119 χαλε-

2447 1146 2566 1208 πῶς
2590 1146 2901 1216 ἀνοιμώξας
2929 1145 3000 1198 τὰ
3029 1146 3125 1198 τοῦ
3150 1144 3411 1213 λογισμοῦ
3447 1142 3611 1196 αὑτοῦ
3633 1143 3711 1211 τῷ
3736 1160 3797 1196 τε
3828 1142 4016 1196 Λέοντι

2447 1239 2541 1290 καὶ
2570 1239 2789 1308 Μιχαὴλ
2810 1240 2903 1292 καὶ
2934 1238 3125 1308 Θωμᾷ,
3174 1238 3288 1299 τοῖς
3325 1235 3429 1287 ὑπὸ
3466 1237 3624 1305 χεῖρα
3651 1232 3849 1304 τούτῳ,
3886 1234 4016 1303 μετά

3642 1349 3661 1381 ι
3695 1332 3768 1384 ΣΞ)
3824 1331 3948 1398 μὲν,
3976 1322 4017 1380 ὦ

773 1421 953 1488 Λέων,
995 1421 1324 1491 βασιλεύσας
1367 1424 1466 1477 καὶ
1514 1423 1689 1494 Θωμᾷ
1722 1423 2053 1494 ἀναρρηθεὶς
2095 1427 2245 1494 παρά
2298 1424 2517 1496 Μιχαὴλ
2603 1425 3021 1496 φονευθήσεσθε,
3068 1425 3235 1478 αὑτοῦ
3311 1442 3376 1494 γε
3446 1424 4016 1494 διαφυλαχθηοομένου

773 1517 832 1567 ὲν
858 1518 923 1585 τῇ
966 1515 1210 1585 βασιλείᾳ
1239 1516 1459 1581 πάντως
1482 1520 1594 1587 ἀπή
1606 1536 1784 1587 μονος.
1822 1538 1840 1569 ι

845 1610 985 1663 Hinc
1009 1609 1317 1666 Bardanius
1330 1613 1518 1666 animo
1542 1614 1685 1665 male
1708 1612 1941 1668 affectus
1962 1613 2018 1667 in
2044 1614 2347 1669 demanda-

778 1709 892 1754 tum
934 1699 1041 1753 sibi
1067 1701 1250 1756 thema
1282 1718 1539 1757 reversus
1584 1718 1709 1757 cum
1743 1718 1845 1758 suo
1869 1706 2119 1760 exercitu-
2140 1715 2194 1761 et
2228 1707 2349 1776 qui-

2546 1612 2826 1666 Ἐντεῦθεν
2874 1609 3169 1680 Βαρδάνιος
3195 1608 3335 1661 κατὰ
3366 1608 3545 1679 ψυχὴν
3587 1609 3900 1678 χαλεπήνας
3930 1610 4018 1660 καὶ

2454 1706 2533 1766 εἰς
2555 1708 2617 1757 τὸ
2643 1702 3127 1773 ὲγκεχειρισμένον
3160 1700 3310 1771 αὐτῷ
3345 1701 3488 1771 θέμα
3520 1702 3754 1755 ἐπανιὼν
3789 1703 3889 1755 σὺν
3912 1706 4018 1761 τοῖς

776 1791 1014 1846 busdam
1044 1792 1167 1847 aliis
1195 1794 1315 1861 ejus
1341 1796 1669 1863 arrogantiae
1720 1796 1886 1852 sociis
1940 1805 2133 1852 contra
2178 1798 2350 1870 impe-

2456 1798 2546 1850 ὑπ’
2572 1798 2720 1866 αὐτῷ
2755 1795 3135 1867 στρατοπέδοις
3155 1793 3250 1847 καί
3273 1811 3415 1849 τισιν
3436 1794 3615 1857 ἄλλοις
3641 1794 3914 1863 ὁμόφροσι
3929 1795 4019 1859 τῆς

778 1894 990 1937 rantem
1019 1891 1149 1937 tunc
1183 1882 1554 1954 Nicephorum
1583 1904 1723 1942 vano
1747 1890 1980 1944 consilio
2012 1891 2067 1944 in
2095 1891 2349 1964 Bithynia

777 1982 955 2029 castra
979 1974 1153 2044 ponit.
1180 1974 1300 2041 Quo
1336 1976 1525 2032 audito
1556 1980 1901 2049 Nicephorus
1922 1984 2156 2040 collecto
2199 1998 2353 2039 exer-

777 2066 891 2123 citu
925 2067 1153 2122 minime
1187 2071 1613 2133 contemnendo.
1639 2072 1787 2126 hunc
1818 2082 2010 2128 contra
2035 2073 2187 2129 illum
2222 2075 2351 2129 mit-

778 2158 865 2211 tit.
896 2158 996 2211 Hic
1028 2159 1377 2227 expeditione
1406 2161 1499 2215 illa
1534 2164 1765 2217 territus
1793 2165 2071 2219 submittit
2098 2180 2158 2219 se
2179 2166 2352 2235 impe-

778 2251 972 2311 ratori.
996 2260 1260 2320 expetens
1277 2253 1729 2309 certiﬁcationem
1760 2256 1933 2311 veniae
1960 2274 1973 2310 :
2006 2272 2167 2327 quam
2195 2258 2353 2313 facile

775 2340 1125 2410 adipiscitur,
1178 2360 1277 2412 per
1335 2346 1520 2401 crucis
1565 2348 1782 2417 signum
1836 2349 1939 2418 ιο
1997 2351 2351 2405 securitatem

777 2444 1131 2497 consecutus,
1175 2436 1662 2509 obedientiamque
1686 2449 1929 2510 praestat,
1981 2442 2353 2498 condemnans

777 2538 837 2578 se
861 2525 1039 2594 ipsum
1079 2527 1149 2580 ob
1203 2527 1444 2591 facinus,
1471 2540 1532 2585 ut
1557 2532 1611 2585 in
1639 2533 1842 2588 Proten
1878 2534 2111 2590 insulam
2142 2536 2351 2606 relega-

780 2623 957 2681 retur,
977 2618 1031 2672 in
1058 2619 1379 2688 prmdiolum
1403 2622 1473 2676 ab
1501 2622 1741 2691 ipsemet
1780 2627 2025 2682 studiose
2049 2629 2349 2684 excultum.

774 2707 970 2777 Neque
1000 2709 1075 2763 ita
1133 2712 1307 2765 multo
1358 2720 1602 2782 tempore
1652 2719 1859 2785 elapso,
1903 2718 2123 2787 quidam
2154 2734 2220 2773 ex
2249 2718 2354 2792 Ly-

778 2799 997 2864 caonia,
1038 2800 1151 2855 sive
1178 2802 1403 2871 proprio
1428 2818 1590 2869 ausu,
1643 2806 1760 2862 sive
1805 2807 2165 2876 imperatorio
2215 2826 2354 2865 eon-

780 2905 943 2944 sensu
996 2901 1053 2944 et
1104 2891 1342 2961 placito,
1402 2896 1518 2950 sive
1588 2898 1737 2966 quod
1795 2899 1976 2955 eidem
2038 2901 2353 2971 imperatori

778 2978 1093 3048 Nicephoro
1123 2984 1341 3049 placere
1364 2995 1653 3053 cuperent,
1687 2986 2020 3042 Bardanium
2044 2990 2228 3045 subito
2267 2991 2355 3045 in—

780 3071 991 3124 vadunt
1009 3072 1171 3141 eique
1187 3073 1374 3129 oculos
1395 3089 1618 3141 eruunt,
1645 3086 1811 3147 atque
1826 3079 1894 3134 ad
1918 3082 2206 3137 ecclesiam
2230 3099 2355 3139 con-

779 3162 994 3233 fugiunt
1024 3172 1276 3234 petentes
1308 3165 1543 3220 veniam.

848 3423 1004 3479 Tunc
1032 3432 1216 3479 autem
1239 3442 1363 3481 cum
1388 3429 1593 3485 seditio
1634 3449 1662 3486 a
1694 3433 1969 3491 Bardanio
1995 3439 2350 3507 conﬂaretur,

778 3511 890 3568 Leo
918 3513 1010 3567 ille
1035 3529 1102 3568 ex
1137 3514 1417 3572 Armeniis
1446 3527 1611 3589 atque
1651 3523 1891 3593 Assyriis
1944 3528 2011 3582 ad
2056 3529 2354 3599 imperato-

778 3613 899 3657 re‘m
940 3605 1254 3672 deficiebat,
1308 3609 1510 3667 deinde
1562 3624 1620 3668 et
1676 3616 1905 3673 Michael
1962 3621 2349 3680 Amoriensis:

779 3694 970 3765 illique
1000 3696 1392 3754 foederatorum
1414 3704 1761 3771 praefectura,
1791 3709 1922 3765 huic
1943 3715 2159 3769 comitis
2187 3717 2354 3772 curiae

762 3786 1018 3856 dignitas
1067 3789 1334 3846 defertur.
1391 3793 1626 3851 Thomas
1654 3812 1785 3853 vero
1813 3800 1979 3859 etiam
2011 3803 2064 3857 in
2090 3807 2353 3875 periculis

779 3891 882 3929 suo
905 3877 1130 3931 domino
1173 3878 1333 3932 fidem
1365 3884 1638 3949 praestitit.
1682 3886 1973 3957 lnterjecto
2006 3890 2135 3945 dein
2169 3894 2352 3963 aliquo

779 3975 1051 4036 tempore,
1083 3966 1215 4031 Leo,
1244 3984 1369 4024 cum
1391 3981 1539 4027 esset
1571 3972 1934 4033 Orientalium
1979 3980 2089 4035 dux
2123 3985 2351 4039 secundi

779 4058 1013 4121 ordinis,
1054 4068 1245 4114 contra
1272 4062 1576 4120 lsmaelitas
1595 4078 1823 4124 strenue
1846 4087 1959 4125 rem
1988 4075 2148 4144 gerit,
2186 4086 2351 4147 atque

778 4149 848 4201 ab
879 4150 1213 4219 imperatore
1242 4153 1528 4220 Michaele,
1556 4158 1651 4212 illo
1693 4162 1788 4229 qui
1833 4172 1961 4231 post
2006 4165 2351 4223 Stauracium

778 4239 1111 4309 imperavit,
1160 4243 1457 4301 decoratur
1510 4251 1871 4320 patriciorum
1904 4258 2241 4327 amplissima
2269 4262 2353 4316 di-

777 4332 1009 4400 gnitate.

2453 1889 2774 1953 ἀλαζονείας
2818 1887 2985 1941 αὑτοῦ
3030 1887 3172 1942 κατά
3214 1887 3310 1942 τοῦ
3356 1886 3655 1956 τηνικαῦτα
3702 1884 4017 1954 Νικηφόρον

2456 1980 2716 2051 βασιλέως
2770 1981 3180 2050 ματαιοφρόνως
3219 1984 3279 2034 ὲν
3319 1980 3545 2051 Βιθυνίᾳ
3600 1978 4023 2049 στρατοπεδεύε-

2452 2089 2564 2125 ται.
2598 2071 2733 2142 Περὶ
2762 2071 2967 2125 τούτοιν
3004 2075 3032 2124 ὀ
3063 2071 3317 2141 βασιλεὺς
3347 2070 3652 2139 διακηκοὼς
3682 2071 3777 2122 καὶ
3807 2070 4020 2131 συνθεὶς

2436 2162 2714 2234 στρατιὰν
2735 2164 2781 2195 ³³
2804 2163 3085 2231 ἀξιόλογον
3115 2164 3266 2233 αὐτῷ
3294 2164 3614 2234 ἐπαφίησιν.
3653 2163 3712 2215 ὐ
3743 2163 3801 2215 δὲ
3829 2166 3900 2232 τῇ
3931 2165 4020 2214 εκ-

2455 2255 2714 2325 στρατείᾳ
2737 2254 3131 2323 καταπλαγεὶς,
3151 2255 3454 2326 ὐποκλινὴς
3472 2255 3548 2324 τῷ
3574 2254 3787 2324 βασιλεῖ
3812 2255 4020 2320 γίνεται

2455 2344 2684 2408 ἐξαιτῶν
2735 2345 2943 2416 ἐγγύην
2971 2344 3241 2415 ἀφέσεως,
3299 2347 3395 2399 καὶ
3429 2346 3493 2416 δὴ
3520 2344 3724 2415 ταύτης
3774 2344 4022 2409 ἀξιοῦται

2456 2434 2653 2506 ῥᾳδίως
2704 2436 2783 2508 τῷ
2825 2436 3104 2507 σταυρικῷ
3127 2436 3240 2508 (59)
3276 2436 3530 2508 συμδόλῳ
3558 2436 3617 2488 τὸ
3646 2437 3890 2503 ἀσφαλὲς
3940 2437 4023 2487 ὲν-

2455 2526 2779 2595 εγκάμενος,
2827 2528 2925 2581 καὶ
2978 2527 3269 2598 πειθαρχεῖ
3321 2528 3512 2581 ἑαυτὸν
3559 2528 3908 2595 κατακρίνων
3950 2527 4023 2595 τῷ

2453 2618 2693 2688 δράματι
2731 2619 3207 2691 παραπεμφθῆναι
3236 2622 3294 2674 ἑν
3319 2622 3471 2691 νήσῳ
3498 2622 3566 2689 τῇ
3592 2619 3923 2690 (40)[1ρὼτῃ
3948 2622 4023 2677 εἰς

2453 2708 2545 2761 τὸν
2572 2711 2701 2779 παρ’
2730 2708 2895 2763 αὐτοῦ
2925 2710 3108 2763 ἐκεῖσε
3157 2709 3587 2788 φιλοπονηθέντα
3616 2711 3809 2779 ἀγρόν.
3859 2710 4025 2763 Οὔπω

2452 2799 2511 2852 δὲ
2545 2800 2739 2853 πολλοῦ
2767 2800 2959 2871 χρόνου
2995 2800 3393 2871 διεληλυθότος,
3423 2800 3623 2855 τῶνέκ
3657 2803 3966 2865 Δυκαοτίας
3983 2803 4023 2830 ³⁸

2454 2890 2597 2953 τινὲς
2644 2890 2780 2959 (41),
2832 2892 2946 2944 εἴτε
2996 2891 3554 2961 ἀπαυθαδιαζόμενοι,
3606 2893 3715 2946 εἴτε
3769 2895 4028 2960 βασιὶεὶιςρ

2458 2981 2845 3050 συνευδοκήσει
2877 2981 3013 3053 (42),
3044 2983 3153 3036 εἴτε
3188 2984 3284 3037 καὶ
3324 2983 3471 3053 αὺτῷ
3499 2982 3577 3052 τῷ
3609 2982 3758 3050 βασι)
3771 2986 3819 3035 εἰ
3850 2985 4026 3052 Nar,—

2456 3070 2610 3141 φόρῳ
2637 3072 2834 3141 ἀρέσαι
2892 3070 3233 3142 βουλόμενοι,
3283 3072 3363 3141 τῷ
3408 3073 3689 3142 Βαρδανίῳ
3741 3074 4025 3141 αίφ·.ιδ⁵ως

2379 3158 2425 3220 C
2457 3163 2791 3216 ἐπιτίθενται
2842 3164 2939 3217 κα).
2994 3163 3263 3234 πηροῦσιν
3303 3164 3469 3219 αὐτοῦ
3518 3167 3641 3228 τοὺς
3689 3166 4024 3235 ὀφθαλμοὺς.

2454 3255 2548 3308 καὶ
2593 3258 2659 3325 τῇ
2712 3256 2980 3328 ἐκκλησίᾳ
3030 3258 3343 3327 προσῄεσαν
3392 3257 3667 3319 ἀξιοῦντες
3732 3259 4023 3329 συγχώρη-

2455 3364 2536 3400 σιν
2572 3348 2702 3416 (45).

2532 3438 2805 3509 Ὀπηνίκα
2836 3439 2892 3493 δὲ
2913 3438 2982 3493 τὰ
3005 3440 3104 3510 τῆς
3140 3440 3386 3499 στάσεως
3418 3439 3569 3509 napi:
3603 3438 3695 3491 τοῦ
3725 3440 4025 3509 Βαρὸανίον

2453 3533 2793 3601 ἔπεφυσίωτο
2822 3533 2958 3604 (ιιι),
2990 3533 3146 3587 Λέων
3193 3535 3222 3587 ὁ
3270 3533 3327 3597 ἐξ
3362 3532 3664 3601 Ἀρμενίων
3695 3532 3791 3584 καὶ
3828 3534 4026 3583 Ἀσσυ-

2456 3621 2585 3693 ρίων
2612 3624 2691 3689 τῷ
2723 3624 2935 3693 βασιλεῖ
2971 3622 3287 3698 προσερριὲη
3311 3667 3324 3688 ,
3358 3622 3475 3679 εἷτα
3508 3628 3617 3678 ικαὶ
3659 3626 3884 3695 Μιχαὴλ
3917 3629 3945 3678 ὁ
3971 3627 4027 3691 ἐξ

2464 3712 2719 3783 ’Ᾱμορίου
2774 3716 2911 3786 (45),
2974 3711 3047 3768 ὧν
3068 3717 3114 3748 ³⁵
3165 3718 3194 3769 ὁ
3246 3718 3346 3784 μὲν
3405 3717 3501 3786 τὴν
3556 3717 3725 3768 τῶν³⁶
3774 3716 4029 3785 φοιδερά-

2452 3820 2560 3856 των
2584 3803 2651 3869 ³⁷,
2687 3806 2715 3857 ὁ
2742 3804 2798 3858 δὲ
2827 3804 2926 3875 τὴν
2947 3806 3184 3878 κόμητος
3210 3808 3410 3879 κὸρτης
3434 3807 3607 3877 ἀρχὴν
3633 3809 4023 3877 ἐγχειρίζεται·

2452 3894 2655 3964 Θωμᾶς
2688 3896 2746 3950 δὲ
2777 3898 2872 3950 καὶ
2900 3899 3064 3967 μέχρι
3113 3898 3375 3951 κινδύνων
3400 3898 3480 3969 τῷ
3512 3899 3626 3969 ἰδίῳ
3654 3899 3899 3971 δεσπότῃ
3926 3902 4027 3966 ἀφ-

2452 3988 2595 4038 οσιοῖ
2619 3986 2704 4041 τὰ·
2732 3987 2836 4056 τῆς
2873 3988 3133 4052 πίστεως.
3184 3989 3474 4059 Προϊόντος
3526 3989 3582 4043 δέ
3629 4007 3776 4051 τινος
3809 3994 4024 4059 χρόνον,

2452 4075 2607 4129 Λέων
2656 4077 3010 4146 χρηματίσας
3051 4079 3160 4133 τῶν
3215 4079 3578 4133 ’Δνατολικῶν
3615 4081 4027 4150 ὑποστράτηγος

2457 4165 2600 4219 κατά
2633 4166 2741 4219 τῶν
2756 4168 3114 4240 Ἰσμαηλιτῶν
3142 4171 3392 4240 μεγάλως
3421 4171 4025 4241 ἀνδραγαθίζεταιμϐ),

2453 4256 2550 4310 καὶ
2580 4257 2717 4328 πρὸς
2748 4258 2844 4312 τοῦ
2877 4259 3142 4330 βασιλέως
3209 4263 3430 4333 Μιχαὴλ
3470 4262 3565 4317 τοῦ
3614 4265 3752 4332 μετὰ
3781 4264 4029 4333 Σταυράο

2454 4366 2573 4402 κιον
2591 4352 2820 4420 τιμᾶται
2844 4351 2925 4422 τῷ
2951 4353 3060 4408 τῶν
3090 4356 3394 4427 πατρικίων
3422 4356 3838 4426 μεγαλοπρεπεῖ
3870 4356 4032 4423 ἀξιώ-

2458 4458 2589 4511 ματι
2621 4443 2757 4515 (47).

847 4513 955 4568 Iste
992 4523 1174 4569 autem
1206 4515 1437 4571 Michael
1490 4518 1726 4587 puellam
1781 4521 2020 4582 habebat
2050 4530 2347 4597 quamdam

2460 4508 2470 4511 ν
2524 4508 2796 4598 Ohe-ocos
2848 4538 3073 4606 Μιχαὴλ
3123 4539 3416 4609 παιδίσκην
3458 4540 3720 4609 ἐκέκτητο
3778 4546 4031 4595 κατοικί-

778 4618 1027 4668 vernam,
1080 4620 1180 4674 per
1220 4621 1385 4675 quam
1453 4609 1681 4678 spiritus
1725 4612 1991 4683 Pythonis
2048 4632 2148 4687 per
2201 4622 2352 4678 vices

2458 4623 2570 4678 διον
2585 4625 2651 4690 ³⁸,
2690 4627 2813 4681 καθ’
2838 4629 2907 4698 ἦν
2938 4628 3193 4691 Πύθωνος
3221 4628 3438 4699 πνεῦμα
3470 4630 3560 4683 ἐπί
3588 4645 3740 4693 τινας
3780 4648 4036 4702 περιτρο-

2040 4756 2272 4813 νΔΒΙΕ
2310 4760 2605 4820 LECTION
2612 4766 2713 4822 ES.

929 4835 1221 4920 στρατείαν
1251 4835 1315 4890 L.
1389 4838 1755 4907 ³⁵>.υκαωνίας
1775 4842 1836 4898 L.
1906 4847 1951 4881 ³⁵
1976 4844 2074 4920 ὧν]
2106 4849 2179 4903 ὢν
2208 4852 2268 4905 L-

776 4915 843 4957 κε
853 4900 982 4954 ἱδιον
1000 4900 1065 4956 L.

2375 4857 2419 4887 “
2442 4857 2542 4928 τὴν
2568 4862 2676 4912 τῶν
2702 4859 2765 4927 Β,
2782 4861 2879 4933 τῆς
2896 4862 3005 4917 τῶν
3030 4861 3095 4916 L.
3179 4862 3224 4896 ³⁷
3254 4862 3594 4934 φοισεράτων
3625 4864 3692 4919 L.
3774 4865 3818 4894 ³⁸
3846 4881 4032 4917 κατει-

1886 5059 2127 5118 STENI.
2164 5063 2507 5123 BERGLERI
2539 5067 2766 5125 NOTAE.

870 5164 959 5237 {>6}
990 5166 1124 5237 Zon.
1156 5183 1209 5237 p.
1239 5168 1357 5223 128.

870 5234 959 5308 ξξί)
987 5234 1232 5308 (ξοηιξρ.
1270 5239 1322 5300 5,
1354 5239 1407 5292 in
1440 5240 1480 5295 f.

869 5304 958 5377 ξβ)
986 5305 1144 5377 (Eunt.
1166 5304 1221 5377 β.
1261 5309 1314 5363 6.

777 5444 798 5461 ᾗ
839 5374 1139 5444 (39)(Ξοηι.
1166 5374 1232 5447 ’ρ.
1266 5380 1324 5445 6,
1374 5381 1580 5438 dicitur
1628 5383 1801 5440 fuisse
1839 5387 2075 5456 χρυσοῦν
2125 5392 2348 5461 σταυρξ-

770 5458 901 5497 οιον.

774 5514 956 5635 Μ,(40)
990 5515 1089 5571 Ms.
1134 5517 1203 5588 τῆ
1239 5521 1294 5573 ἄ.
1326 5521 1454 5578 Ηεεο
1486 5523 1648 5579 Prote
1696 5525 1874 5581 insula
1905 5536 1992 5582 est
2031 5528 2347 5586 Proconne-

846 5652 955 5728 (μ)
982 5656 1141 5728 flent.
1170 5674 1224 5728 p.
1258 5662 1308 5715 7.

982 5725 1358 5805 totest'etiajn
1390 5734 1485 5805 σύν
1519 5736 1710 5805 εὐδοκή
1722 5756 1826 5791 σει.

843 5794 955 5865 (45)
982 5794 1141 5851 Cont.
1193 5814 1247 5867 p.
1288 5801 1335 5865 7,
1385 5802 1460 5873 τῷ
1484 5805 1575 5857 τοῦ
1605 5794 1740 5861 Θεοῦ
1781 5812 2185 5881 προσφεύγουσι
2217 5812 2344 5885 θείῳ

2457 5190 2574 5263 καί
2588 5191 2808 5263 μεγάλῳ
2828 5191 2962 5263 ναῷ.

2528 5260 2639 5341 (ἐξ)
2664 5260 2826 5341 (Ξρηίν
2858 5260 2923 5332 pi
2939 5263 2991 5317 6.
3067 5334 3137 5341 ___
3352 5334 3367 5341 _
3570 5338 3581 5341 _
3676 5336 3689 5341 _
3880 5338 3881 5341 η

2527 5331 2918 5407 (45)_Videtul_-
2962 5334 3232 5407 excidisse
3280 5334 3376 5407 καὶ
3406 5345 3533 5391 ante
3558 5338 3588 5389 ὁ
3614 5336 3741 5407 μέν.
3779 5365 3844 5377 -
3872 5335 4033 5407 [τῆς]

2456 5398 2532 5487 [ιιι
2561 5398 2849 5487 scriptum:
2882 5401 3213 5487 Requiritur
3236 5406 3357 5487 την,
3392 5414 3455 5460 ut
3490 5407 3562 5487 in.
3598 5398 3761 5487 cont.
3788 5398 4034 5487 -—.'§f:-il

2454 5470 2731 5534 ὄεράτων,
2775 5471 2841 5546 a_d
2896 5470 3044 5538 quod
3080 5470 3413 5531 Reinesius:
3444 5476 3801 5546 φοιδεράτων,
3853 5477 4032 5530 ἱρόθ-

2455 5550 2738 5674 ἕιιιθιέιὲιιιιἰ
2780 5542 2951 5596 Error
2976 5559 3045 5598 ex
3092 5542 3541 5614 pronuntiatione
3574 5542 3691 5602 fere
3735 5546 3907 5600 simili
3931 5548 4028 5599 τοῦ

2542 5651 2547 5659 ,
2652 5625 2715 5662 or
2742 5626 2824 5664 us.

2518 5617 2572 5661 et
2604 5617 2632 5661 δ
2652 5619 2824 5664 ortus.

2654 5680 2818 5753 (_lont.
2843 5699 2896 5753 p.
2931 5685 2981 5738 7.

2522 5751 2631 5820 (47)
2664 5751 2794 5806 Zon.
2825 5751 2879 5807 in
2905 5754 3085 5810 Leone
3108 5756 3260 5811 Arm.
3290 5757 3593 5812 Ramesws.
