4146 6436
777 385 909 453 1011

2078 390 2396 451 JOSEPHI
2438 391 2747 452 GENESII

3913 391 4044 453 101?.

778 505 991 560 rissime
1016 499 1510 555 animadvertebat.
1555 500 1745 571 Itaque
1775 514 1900 555 cum
1934 507 2087 556 certo
2111 501 2349 571 quodam

2455 500 2699 555 ἀδικοῦσι
2732 500 2954 563 δικαίως
3000 500 3242 570 ἐπαχθὴς
3272 499 3389 569 (56)
3426 494 3516 570 ἧν,
3548 499 3687 553 ὥστε
3724 498 3870 553 κατὰ
3904 518 4029 551 τινα

779 609 1022 665 tempore
1071 593 1429 665 egrederetur
1484 594 1706 664 palatio,
1745 594 1829 648 vir
1867 595 2090 665 quidam
2116 594 2351 649 accessit

776 686 843 740 ad
891 701 1018 741 eum
1066 686 1477 740 accusationem
1523 686 1818 742 instituens
1870 686 2019 756 quod
2067 702 2166 741 sua
2210 701 2350 740 uxor

775 778 1006 847 abrepta
1052 777 1247 831 fuisset
1298 793 1330 832 a
1374 777 1609 847 quodam
1654 787 1935 843 senatore,
1997 778 2156 849 cujus
2201 786 2350 833 tanta

775 880 922 922 esset
954 867 1178 922 licentia
1204 877 1263 923 ut
1291 882 1485 922 secure
1519 866 1825 924 detinuerit
1860 884 1981 923 eam
2012 869 2175 939 longo
2211 876 2345 924 tem-

774 974 932 1031 pore,
978 958 1409 1041 idque.l‘acinus
1452 974 1511 1012 se
1541 959 1609 1013 ad
1642 960 1798 1014 urbis
1830 960 2151 1028 praefectum
2191 960 2350 1016 detu-

776 1051 931 1116 lisse,
989 1039 1174 1120 neque
1221 1039 1405 1105 tamen
1453 1051 1544 1121 jus
1603 1065 1762 1104 suum
1819 1059 2197 1105 consecutum.
2256 1052 2352 1107 His

774 1141 979 1196 auditis
1025 1142 1327 1211 imperator
1362 1145 1549 1196 statim
1583 1140 1804 1195 cuidam
1834 1158 1901 1196 ex
1934 1142 2207 1198 ministris
2237 1144 2352 1198 suis

775 1233 1056 1288 mandavit
1104 1242 1163 1288 ut
1213 1234 1268 1289 in
1301 1234 1481 1290 reditu
1518 1242 1893 1290 accusatorem
1925 1252 2033 1290 una
2061 1252 2186 1291 cum
2215 1252 2351 1307 pne.

776 1324 920 1380 lecto
968 1340 1157 1380 coram
1190 1340 1248 1380 se
1287 1326 1525 1381 sisteret.
1568 1325 1705 1381 Cum
1736 1327 1901 1397 igitur
1931 1343 2185 1383 reversus
2207 1336 2352 1383 esset

776 1418 1119 1487 imperator,
1176 1419 1393 1487 jussum
1449 1419 1570 1488 ejus
1623 1428 1749 1473 actu
1800 1419 1918 1487 ipso
1963 1419 2348 1473 exhibebatur.

777 1513 955 1579 Atque
985 1510 1053 1564 ad
1075 1519 1454 1566 accusatorem
1481 1522 1732 1582 prompto
1749 1514 1933 1567 animo
1959 1514 2121 1567 dicit:
2144 1533 2162 1565 ι
2190 1514 2352 1581 Quae-

777 1618 901 1657 nam
946 1612 1030 1657 est
1051 1604 1196 1658 actio
1225 1603 1314 1660 illa
1352 1620 1514 1672 quam
1538 1604 1869 1659 instituiSti?
1905 1624 1924 1657 ι
1963 1606 2058 1660 Ille
2092 1622 2224 1661 vero
2262 1608 2355 1661 iis-

774 1694 900 1749 dem
936 1695 1196 1751 utebatur
1228 1696 1476 1749 vocibus.
1533 1696 1705 1750 Porro
1737 1712 1865 1751 reus
1903 1698 2018 1767 ipse
2048 1698 2350 1753 confiteba-

777 1797 868 1840 tur
905 1788 1115 1842 crimen
1160 1796 1221 1841 ut
1270 1788 1498 1842 minime
1530 1787 1783 1853 dubium,
1808 1790 2088 1860 judexque
2119 1790 2349 1845 delatio-

773 1894 901 1933 nem
933 1879 1077 1935 adse
1109 1879 1308 1935 factam
1338 1882 1720 1946 attestabatur,
1758 1884 2011 1952 quamvis
2040 1885 2351 1939 exsecutio-

773 1985 902 2025 nem
934 1981 1129 2025 contra
1158 1987 1313 2026 reum
1343 1988 1453 2026 non
1480 1973 1721 2027 fecisset.
1738 1972 1935 2027 Statim
1963 1989 2095 2044 ergo
2108 1975 2349 2045 judicem

774 2064 998 2133 quidem
1024 2074 1085 2119 ut
1111 2065 1478 2135 negligentem
1504 2065 1557 2119 in
1581 2066 1706 2136 jure
1730 2066 2171 2123 administrando
2198 2069 2353 2123 exuit

775 2170 1044 2209 munere:
1107 2154 1263 2211 illum
1294 2166 1478 2211 autem
1510 2157 1605 2225 qui
1641 2157 1900 2212 adulterii
1925 2160 2210 2214 convictus
2233 2170 2353 2215 erat

773 2245 1078 2301 secundum
1111 2247 1259 2318 leges
1308 2248 1545 2320 punivit.
1607 2249 1877 2319 Pleraque
1912 2260 2093 2304 autem
2134 2252 2351 2322 negotia

777 2340 831 2391 in
892 2336 1161 2393 Lausiaco
1208 2340 1300 2409 jus
1350 2339 1545 2394 dicens
1594 2339 1908 2397 decidebat.
1970 2342 2353 2400 Amanuenses

774 2426 938 2481 etiam
992 2428 1227 2487 adscivit
1275 2430 1779 2499 praestantissimos,
1820 2432 2022 2500 quibus
2065 2435 2352 2506 consigna-

776 2517 981 2572 tionem
1034 2535 1398 2589 expensarum
1458 2521 1881 2588 committebat;
1931 2523 2101 2579 duces
2130 2541 2351 2596 quoque

773 2610 1002 2667 bellicos
1026 2628 1090 2667 ac
1120 2613 1502 2682 magistratus,
1531 2615 1802 2685 optimum
1826 2632 2122 2687 quemque,
2160 2621 2352 2689 praeci-

772 2722 880 2775 pue
919 2706 1056 2761 tales
1086 2708 1179 2777 qui
1222 2707 1548 2765 muneribus
1574 2710 1803 2765 minime
1836 2724 2349 2782 corrumperentur,

775 2798 890 2863 ipse
918 2797 1085 2851 etiam
1116 2799 1315 2867 opibus
1346 2800 1773 2871 haudquaquam
1813 2803 2116 2873 subiectus.
2166 2804 2351 2862 Haere-

773 2904 897 2944 seos
930 2890 1151 2946 interim
1195 2907 1307 2948 sua:
1350 2894 1516 2949 nimis
1558 2895 1663 2966 19
1682 2896 1980 2953 vehemens
2011 2909 2132 2954 erat
2154 2916 2354 2971 propu-

740 2970 741 2973 “
772 2988 987 3051 gnator,
1031 2982 1101 3037 ita
1133 2991 1194 3037 ut
1230 2985 1435 3040 multos
1472 2986 1815 3043 orthodoxos
1851 2989 2153 3047 crudeliter
2190 2970 2354 3047 vexa-

774 3078 876 3124 ret.
930 3069 1166 3127 Volebat
1197 3082 1379 3131 autem
1406 3077 1628 3149 elegans
1649 3078 1821 3134 videri
1847 3080 1901 3134 in
1935 3082 2203 3148 canendo,
2226 3097 2350 3138 cum

777 3170 957 3218 tamen
1012 3164 1293 3222 incondite
1342 3176 1399 3223 et
1451 3169 1782 3227 inconcinne
1830 3172 2044 3228 boaret.
2091 3173 2247 3241 Quod
2295 3186 2353 3231 et
2379 3211 2421 3270 ο

778 3256 955 3324 ipsum
996 3256 1053 3311 in
1086 3257 1267 3313 Pharo
1300 3263 1657 3319 memorabile
1691 3265 1950 3334 apparuit
1988 3266 2055 3321 iis
2091 3283 2212 3337 qua:
2245 3268 2347 3339 ipsi

775 3354 1041 3402 eventura
1074 3359 1235 3405 erant
1258 3352 1498 3420 psalmos
1524 3355 1813 3411 crocitanti
1850 3376 1862 3411 :
1909 3359 2138 3427 praeibat
2166 3372 2348 3417 autem

777 3436 1146 3504 psallentibus
1201 3444 1535 3515 quandoque
1588 3456 1829 3519 tuncque
1893 3453 2126 3508 maxime
2206 3454 2350 3509 into-

776 3542 935 3594 nans,

954 3723 1207 3797 Sprevere
1227 3732 1422 3785 summi
1452 3742 1638 3788 cuncta
1662 3753 1843 3791 amore
1874 3740 2150 3810 principis.

775 3835 817 3891 Α
850 3850 962 3904 quo
1000 3852 1127 3891 cum
1161 3838 1275 3908 ipse
1304 3840 1463 3911 longe
1490 3843 1728 3911 abesset,
1774 3846 2019 3902 divinam
2050 3849 2349 3906 vindictam

778 3936 968 3997 aperte
999 3928 1104 3984 sibi
1153 3932 1380 3987 attraxit
1431 3934 1535 3990 hoc
1581 3936 1807 4007 hymno,
1856 3939 2216 4009 praedictione
2253 3959 2353 4013 per

778 4021 921 4076 lianc
943 4034 1343 4080 consummata.

847 4113 1118 4185 Tempore
1166 4124 1354 4172 autem
1393 4118 1509 4175 haec
1554 4136 1857 4193 pmgresso
1907 4124 2135 4180 Michael
2184 4128 2353 4182 Amo-

778 4204 977 4259 riensis
1019 4204 1347 4262 fortitudine
1379 4224 1443 4263 ac
1490 4213 1867 4281 praerogativis
1915 4216 2228 4284 proﬁciens,
2282 4219 2354 4272 ob

777 4312 940 4365 quam
971 4306 1029 4353 et
1063 4300 1450 4355 excubitorum
1491 4303 1709 4358 cohorti
1741 4305 2029 4373 praefectus
2067 4317 2209 4373 erat,
2251 4310 2358 4365 cri-

779 4389 924 4446 tuine
968 4391 1108 4447 laesae
1136 4393 1443 4464 majestatis
1477 4395 1760 4452 incusatus
1808 4397 1912 4453 fuit
1942 4419 1955 4453 :
2002 4400 2096 4469 qui
2138 4416 2262 4455 cum
2295 4417 2354 4456 se

2379 1850 2426 1909 B

2454 592 2841 662 νενομισμένον
2872 592 3063 662 καιρὸν
3112 592 3303 645 τούτου
3334 591 3567 655 ἐξιόντος
3605 592 3701 644 τοῦ
3748 590 4037 654 παλατίον,

2454 687 2599 757 ἀνὴρ
2628 703 2711 749 τις
2734 684 2965 756 προσῄει
2993 686 3039 717 ⁸⁶
3069 686 3217 754 αὐτῷ
3249 684 3508 754 ἔγκλησιν
3537 685 3946 753 ἐνστησάμενος
3972 684 4042 743 ὡς

2456 777 2649 830 τούτου
2683 777 2745 830 τὸ
2782 777 3004 846 γύναιον
3041 779 3266 847 ἁρπαγῇ
3304 777 3413 847 (37)
3468 776 3852 846 συγκεκύρηκε
3898 793 4043 845 παρα

2455 888 2603 933 τινος
2635 869 2745 923 τῶν
2785 868 3184 939 συγκλητικῶν,
3219 870 3367 931 ὅστις
3392 868 3573 937 εἴληχε
3600 869 3875 937 τοσαύτης
3901 868 4043 920 ἐλευ-

2458 959 2648 1032 θερίας
2678 960 2755 1023 ὼς
2800 962 3093 1029 κατασχεῖν
3142 958 3313 1029 αὐτὴν
3345 958 3514 1019 ἀδεῶς
3558 958 3650 1009 ἐπὶ
3703 958 3898 1026 χρόνον
3946 974 4041 1008 πο-

2453 1053 2550 1106 λύν
2585 1054 2694 1122 (38)
2717 1066 2730 1080 ⁸
2770 1072 2789 1104 ι
2824 1051 2991 1123 Ἐμοῦ
3024 1051 3080 1104 δὲ
3108 1051 3236 1120 περί
3266 1067 3329 1118 γε
3364 1049 3557 1102 τούτου
3590 1049 3687 1102 καὶ
3710 1050 3787 1118 τῷ
3817 1049 4039 1119 ἐπάρχῳ

2455 1145 2926 1213 διεγκαλέσαντος,
2946 1143 3098 1197 οὐδέν
3128 1160 3218 1213 μοι
3246 1141 3354 1194 τῶν
3381 1143 3517 1212 πρὸς
3541 1142 3822 1211 ἐκδίκησιν
3844 1142 4038 1207 ἐπερά-

2454 1258 2602 1294 νατο.
2634 1259 2651 1291 ι
2693 1241 2749 1293 '0
2774 1238 2906 1307 γοῦν
2931 1238 3182 1307 βασιλεὺς
3217 1237 3426 1289 τούτων
3458 1234 3771 1297 ἐνωτισθεὶς
3799 1233 3913 1285 τιν)⁵
3939 1233 4039 1284 τῶν

2453 1332 2803 1401 θεραπόντων
2850 1329 3018 1393 ὀξέως
3054 1328 3389 1399 προσέταξεν
3440 1330 3498 1381 ἐν
3529 1330 3594 1398 τῇ
3642 1327 3900 1394 ἐπανοδῳ
3956 1327 4038 1377 τὶν

2454 1424 2854 1494 ἐγκαλούμενον
2894 1424 2992 1476 σὺν
3030 1424 3150 1491 ἅμα
3190 1423 3272 1493 τῷ
3322 1422 3547 1492 ἐπάρχῳ
3579 1421 3717 1473 κατὰ
3749 1420 4039 1487 πρόσωπον

2455 1512 2619 1565 αὐτοῦ
2658 1512 3139 1583 παραστήσασθαι.
3176 1511 3285 1565 Τοῦ
3322 1509 3416 1565 οὖν
3448 1512 3854 1581 αὐτοκράτορος
3891 1510 4036 1575 Eva:-

2459 1606 2734 1675 μήσαντος
2764 1605 2823 1657 τὸ
2849 1604 3105 1658 κελευθέν
3128 1606 3207 1668 εἰς
3240 1604 3439 1676 πρᾶξιν
3470 1603 3794 1675 παρίστατο.
3831 1603 3943 1656 Καὶ
3969 1602 4037 1669 τῴ

2454 1697 2553 1767 τὴν
2586 1697 2847 1766 ἔγκλησιν
2895 1698 3253 1767 ποιησαμένῳ
3294 1697 3526 1763 ἑτοίμως
3570 1696 3702 1765 φησί
3735 1696 3891 1765 (39)·
3933 1715 3950 1745 ι
3979 1695 4037 1745 Τί

2452 1788 2514 1841 τὸ
2537 1788 2681 1842 κατὰ
2716 1790 2775 1841 σὲ
2806 1788 3287 1859 δραματούργημα
3310 1789 3352 1819 ⁸¹
3378 1808 3391 1851 ;
3424 1807 3441 1839 ι
3466 1788 3577 1840 Καὶ
3606 1790 3633 1840 ὁ
3663 1788 3762 1856 μέν
3791 1789 3913 1847 ταῖς
3950 1786 4038 1837 a5-

2454 1882 2574 1943 ταῖς
2621 1880 2889 1951 ἐκέχρητο
2922 1881 3169 1951 ρήσεσιν,
3212 1881 3240 1931 ὁ
3269 1880 3324 1932 δὲ
3369 1878 3914 1949 ἐγκληματιζομενος
3952 1878 4037 1929 ἁν-

2454 1972 2725 2042 ωμολὸγει
2760 1973 2820 2025 τὸ
2845 1972 3101 2042 ἔγκλημα
3121 1971 3196 2033 ὡς
3215 1972 3717 2041 ἀναμφισϐήτητον,
3737 1973 3836 2022 καὶ
3870 1972 3898 2021 ὁ
3926 1974 4038 2021 ἐτα-

2454 2063 2586 2133 στὴς
2616 2062 2727 2133 (40)
2760 2065 2827 2132 τῇ
2860 2061 3150 2115 καταθέσει
3182 2060 3603 2129 συνεμαρτύρει,
3635 2061 3681 2111 εἰ
3707 2058 3802 2109 καὶ
3840 2057 3918 2125 μὴ
3948 2058 4037 2122 τὴν

2453 2156 2807 2221 ὑπεξέλευσιν
2838 2154 2983 2208 κατὰ
3016 2153 3106 2208 τοῦ
3139 2154 3474 2221 κακακρίτου
3503 2152 3794 2219 πεποίητο.
3834 2150 4035 2201 Λύτίκα

2451 2252 2543 2304 τὸν
2571 2251 2667 2321 μὲν
2691 2248 2957 2319 δικαστὴν
2981 2248 3056 2311 ὡς
3079 2250 3181 2317 ἀφε
3193 2247 3415 2317 ρὲπονον
3442 2244 3533 2297 τού
3555 2242 3764 2296 δικαίου
3791 2240 3871 2294 διέ
3887 2258 3976 2308 In“
3988 2256 4035 2289 τε

2452 2347 2551 2413 τῆς
2580 2343 2781 2415 ἀρχῆς,
2808 2341 2902 2394 τὸν
2928 2341 2985 2394 δέ
3014 2343 3082 2411 τῇ
3118 2342 3334 2411 μοιχείᾳ
3365 2337 3642 2392 ἑαλωκότα
3670 2334 3815 2387 κατὰ
3846 2334 4035 2402 νόμους

2452 2436 2855 2505 ἐτιμωρήσατο.
2882 2431 2965 2485 Τὰ
2996 2431 3167 2485 πλείω
3198 2432 3255 2484 δὲ
3286 2431 3395 2484 τῶν
3413 2430 3785 2499 διοικημάτων
3809 2430 3869 2479 ἐν
3897 2428 3942 2457 ⁸η
3967 2425 4037 2495 τῷ

2452 2525 2754 2584 Λαυσιακῶ
2811 2523 3171 2595 χρηματίζων
3215 2522 3433 2591 διήνυεν
3480 2521 3591 2589 (41)
3620 2561 3635 2584 ,
3680 2518 4035 2585 ὑπογραφέας

2455 2618 2935 2689 προσκαλούμενος
2964 2614 3361 2686 τῶνάρίστων,
3388 2610 3470 2677 οἷς
3500 2611 3719 2683 γραφὴν
3746 2610 3857 2661 τῶν
3893 2608 4035 2660 nea-

2456 2729 2593 2765 σεων
2653 2710 3047 2781 ἐπετέτραπτο,
3110 2706 3495 2778 προσεποιεῖτό
3548 2722 3607 2757 τε
3660 2702 4037 2775 στρατηλάτας

2454 2804 2548 2857 καὶ
2596 2802 2867 2872 ἄρχοντας
2914 2800 3024 2853 τῶν
3059 2799 3355 2867 ἀξιολόγων
3386 2797 3539 2867 (42),
3592 2794 3767 2857 ἄλλως
3818 2811 3881 2845 τε
3919 2794 4039 2853 τοῖς

2453 2894 2695 2962 ἀδωρίαν
2738 2892 3175 2962 ἐξησκημένους,
3205 2890 3367 2953 αὐτὸς
3404 2890 3502 2959 οὐχ
3529 2889 3707 2959 ἥττων
3738 2888 3784 2917 ⁸³
3819 2884 4037 2955 χρημάο

2453 3002 2564 3038 των
2594 2982 2973 3053 καθεστηκὼς,
3019 2981 3123 3035 κᾶν
3157 2982 3251 3034 ἐπὶ
3297 2982 3360 3034 τὸ
3406 2981 3607 3050 μᾶλλον
3649 2978 3924 3048 αἱρέσεως
3958 2976 4033 3025 αἵ-

2454 3091 2590 3138 τιος,
2630 3072 2705 3137 ὡς
2730 3074 2825 3127 καὶ
2872 3072 3162 3131 πλείστους
3212 3070 3321 3122 τῶν
3351 3067 3650 3139 ὀρθοδόξων
3691 3064 4036 3131 ποινηὶατεῖν

2454 3168 2513 3219 ἐν
2539 3165 2804 3235 ὠμότητι.
2844 3159 2955 3217 Ἦν
2983 3163 3041 3217 δὲ
3071 3163 3184 3233 (45)
3232 3162 3515 3231 φιλότιμος
3548 3159 3710 3221 πάνυ,
3738 3157 3843 3209 κᾶν
3867 3156 3915 3187 ³⁸
3950 3172 4035 3207 σο-

2456 3259 2626 3329 ϐαρὸν
2652 3256 2868 3326 ἐμὸοῶν
2903 3257 2996 3308 καὶ
3040 3254 3391 3325 κακόρυθμος
3431 3255 3484 3322 (4
3499 3254 3565 3321 1).
3601 3252 3667 3301 ’0
3694 3249 3741 3280 ⁸⁸
3772 3250 3868 3301 καὶ
3903 3248 4037 3299 κατὰ

2457 3353 2549 3405 τὸν
2572 3350 2666 3404 τοῦ
2696 3350 2876 3419 Φάρου
2900 3349 3028 3402 ναὸν
3049 3349 3143 3401 καὶ
3164 3347 3282 3399 τόδε
3306 3345 3580 3415 γνώριμον
3602 3342 3912 3411 διεσαίνετο
3933 3342 4036 3399 τοῖς

2459 3444 2907 3513 ἐπελευσομένοις
2950 3440 3099 3509 αὑτῷ
3150 3439 3455 3510 ψαλμῳδῶς
3486 3437 3597 3507 (45)
3627 3433 4033 3504 λαρυγγίζοντι.

2473 3534 2702 3604 Ἑξῆρχε
2752 3533 2860 3602 γὰρ
2894 3531 3004 3584 τῶν
3054 3528 3364 3601 ψαλλόντων
3423 3526 3612 3589 ἐνίοτε,
3660 3526 3752 3578 καὶ
3805 3524 4036 3594 μάλιστα

2459 3626 2580 3679 τότε
2611 3625 2742 3693 (46),
2771 3623 2963 3693 φωνῶν
2992 3641 3007 3656 ο

2568 3737 2652 3803 Τῷ
2683 3736 3099 3802 παντὰνακτος
3126 3735 3539 3804 ὲξεςραύλισαν
3566 3735 3727 3796 πόθῳ
3757 3733 3897 3802 (t7)-

2458 3847 2587 3921 οὗγε
2628 3851 2972 3921 διολισθήσας
3022 3851 3131 3922 ἄρα
3182 3850 3279 3919 τὴν
3327 3849 3478 3903 θείαν
3510 3849 3668 3917 δίκην
3719 3848 4032 3916 περιφανίές

2459 3944 2810 4000 ἐπεσπάσατο
2856 3942 2932 4015 τῷ
2972 3942 3149 4013 ὕμνῳ,
3188 3943 3524 4014 προξητείας
3554 3942 3727 4012 ταύτῃ
3764 3942 3881 4013 (48)
3916 3959 4036 3993 συνι-

2458 4036 2828 4105 τελεσθείσης.

2530 4128 2748 4180 Τούτων
2769 4126 2827 4178 δὲ
2856 4125 3049 4196 χρόνου
3071 4124 3180 4195 (49)
3209 4125 3353 4189 τινὸς
3386 4122 3905 4194 προδεδραμηκότος
3936 4121 4035 4173 Mi-

2459 4219 2601 4289 χαὴλ
2624 4220 2652 4270 ὁ
2700 4217 2761 4282 ἐξ
2800 4216 3057 4286 Ἀμορίου
3106 4217 3219 4278 τοῖς
3251 4217 3373 4269 κατ’
3418 4215 3669 4285 ἀνδρείαν
3708 4213 4035 4282 προκόπτων

2462 4314 2521 4365 ἐν
2543 4312 2943 4382 προτερήμασι,
2968 4309 3096 4379 παρ’
3118 4308 3208 4361 δ⁸⁶
3228 4310 3321 4362 καὶ
3347 4309 3409 4361 τὸ
3432 4307 3540 4360 τῶν
3570 4306 3901 4371 ὲξκουὸίτων
3926 4306 4033 4373 (50)

2463 4404 2793 4456 πεπίστευτο
2822 4401 3129 4469 σύνταγμα,
3148 4399 3368 4471 διαδολῇ
3396 4399 3779 4461 καθοσιώσεως
3806 4399 4035 4465 ἐπισκήο

2084 4508 2307 4569 νΑΠΙΔΕ
2348 4515 2753 4573 LECTIONES.

858 4601 904 4631 ⁸ο
933 4597 1146 4670 προσίει
1173 4597 1235 4655 ι..
1293 4598 1336 4631 ⁸³
1369 4601 1885 4673 δραμμκτούργημα
1917 4603 1977 4657 L.

775 4694 878 4758 ὃΒ,
918 4694 1047 4761 παρ’
1070 4685 1114 4762 ᾧ
1172 4693 1235 4750 L.

2060 4606 2106 4637 ”
2135 4606 2194 4657 ἐν
2226 4622 2338 4662 om.
2374 4608 2435 4663 L.
2506 4609 2551 4640 ⁸³
2567 4604 2727 4678 ἦττον
2757 4607 2819 4661 L.
2899 4608 2947 4640 ”
2969 4605 3071 4661 κᾶν
3102 4607 3164 4670 Β,
3216 4608 3310 4659 κα)⁵
3339 4606 3399 4659 L.
3474 4605 3520 4637 ⁸⁸
3547 4604 3596 4676 ὃ]
3628 4598 3673 4673 ᾧ
3706 4602 3771 4658 Ι..
3834 4607 3881 4636 ⁸⁸
3908 4608 4033 4673 παρ’

1970 4763 2219 4821 STEPH.
2261 4766 2608 4823 BEBGLERI
2639 4772 2873 4829 ΝυΤᾸζ.

849 4857 964 4937 (ὅθ)
1014 4856 1198 4937 Schol.
1278 4855 1730 4926 ἐπαχθηνότατος.
1784 4854 1945 4912 Cedr.
2009 4858 2345 4927 ἐπαχθέσταο
2376 4866 2419 4920 D
2520 4865 2633 4937 (4-1)
2663 4865 2900 4921 Cedrcn.
2932 4868 2970 4922 l.
2997 4880 3047 4922 c.
3090 4864 3391 4937 άρῤυθμος.
3436 4865 3559 4937 _Vid.
3592 4866 3798 4919 Zonar.
3830 4869 4033 4936 p.15t-

775 4945 867 4991 τος
897 4928 966 4982 de
991 4926 1206 4981 eodem.

842 4997 956 5072 (3])
987 4996 1208 5051 Ita.ms.
1252 4996 1544 5072 Reinesius
1578 5004 1758 5050 tamen
1815 5000 2103 5055 annotavit
2134 5018 2224 5070 γρ.
2251 5003 2344 5072 ἁρ-

779 5067 1019 5134 παγῆναι
1054 5076 1251 5135 praeter
1274 5067 1683 5121 necessitatem.

849 5136 1212 5206 (38‘)Contin.
1256 5153 1311 5206 p.
1361 5138 1447 5199 19,
1495 5137 1629 5192 Ζοιι.
1681 5153 1735 5205 p.
1782 5139 1902 5200 152,
1951 5140 2040 5195 isti
2084 5141 2349 5199 breviter.

780 5207 887 5279 Sed
917 5206 1427 5279 Cedrenus'iisdem
1453 5206 1567 5263 fere
1592 5208 1778 5263 verbis
1805 5224 1859 5279 p.
1887 5210 2009 5264 491.

871 5278 958 5346 59)
984 5276 1218 5332 Cedrcn.
1254 5292 1308 5346 p.
1344 5278 1467 5331 491.

874 5346 961 5417 40)
994 5346 1077 5421 lt_a_
1130 5348 1421 5421 scriptum.
1475 5346 1768 5421 Reinesius
1812 5351 2200 5421 adnotat:7-p.
2278 5355 2355 5407 δι-

782 5416 1009 5489 καστής.
1034 5416 1147 5471 Nec
1174 5418 1336 5473 aliter
1361 5418 1650 5487 legendum
1693 5436 1758 5474 ex
1802 5416 2162 5491 sequentibus
2188 5434 2354 5494 patet.

794 5558 807 5559 γ
851 5490 963 5559 (41)
993 5486 1413 5559 Ganymedis?)
1434 5490 1743 5542 Λαυσιακὺν
1796 5493 2171 5559 ἐγκαθήμενος
2192 5512 2245 5559 p.
2270 5498 2352 5549 19,

851 5512 963 5559 (ιιι)
993 5512 1154 5543 υυιιι.
1175 5512 1315 5541 κατα
1351 5512 1413 5539 το
1434 5512 1743 5542 Λαυσιακον
1796 5512 2171 5563 εγκαυημενος
2192 5512 2245 5565 p.
2270 5512 2352 5549 τυ.

778 5558 941 5636 Cedr.
978 5574 1032 5628 p.
1081 5557 1180 5612 491
1237 5558 1397 5636 addit
1430 5560 1712 5629 τρικλίνῳ.
1780 5562 1869 5615 Ἐν
1917 5563 1996 5633 τῷ
2057 5567 2353 5636 Δαυσιακῴ

778 5631 1085 5698 καθήμενος
1109 5628 1386 5698 τρικλίνῳ.

842 5684 956 5768 (ιὲ)
981 5684 1115 5753 Ζοῖι.
1250 5684 1373 5754 1591.
1412 5699 1650 5755 Cedrcn.

847 5770 964 5849 (43)
988 5769 1222 5849 Cedrcn.
1248 5786 1282 5839 p
1331 5771 1451 5835 491,
1490 5769 1854 5843 ἐφιλοτῐμεῑτο
1887 5776 1941 5828 δὲ
1973 5775 2067 5831 καὶ
2096 5778 2226 5846 περὶ
2256 5778 2353 5849 τὴν

775 5840 968 5895 ἑαυτοῦ
992 5840 1197 5909 φωνήν.
1536 5840 1539 5841 ⁷
1704 5840 1714 5843 ’
1788 5870 1793 5875 -

2526 4936 2640 5007 (45)
2668 4937 2803 4991 Male
2836 4938 2925 4992 hic
2956 4935 3376 4992 etiam—verbum
3424 4935 3528 4991 fut.
3566 4935 3844 5006 temporis
3860 4942 4039 5007 posuit

2456 5017 2669 5060 auctor.
2698 5007 2969 5077 Loquitur
2990 5017 3173 5061 autem
3220 5015 3534 5076 portentose
3559 5007 3650 5061 hic
3691 5018 3913 5073 auctor,
3940 5028 4038 5064 nec

2458 5077 2640 5130 minus
2677 5077 2955 5133 incondite
2983 5094 3145 5147 quam
3170 5077 3322 5130 illum
3347 5088 3596 5132 cantasse
3623 5078 3781 5131 dicit.

2526 5146 2638 5213 (46)
2661 5147 2896 5202 Cedrcn.
2931 5146 3143 5218 p.749l,
3169 5148 3265 5201 ubi
3305 5147 3449 5202 idem
3480 5164 3679 5202 versus
3701 5150 3930 5204 citatur.

2534 5218 2647 5285 (47)
2678 5218 2755 5273 lta
2776 5230 2832 5272 et
2855 5218 3000 5288 apud
3026 5218 3224 5271 Zonar.
3259 5234 3314 5287 p.
3343 5219 3465 5280 154,
3495 5218 3587 5289 sed
3624 5219 3733 5286 leg.
3772 5221 3854 5289 τῷ
3886 5224 4040 5273 πάντ·

2476 5286 2730 5353 ἄνακτος,
2770 5286 2904 5350 etc.,
2932 5289 2974 5342 si
3004 5304 3130 5341 vera
3172 5286 3468 5342 est’versio
3502 5305 3515 5340 :
3549 5286 4040 5357 Spresere'summi

2465 5368 2654 5411 cuncta
2716 5375 2897 5413 amore
2936 5359 3205 5427 principis.
3241 5359 3583 5413 Suntautem
3611 5360 3787 5413 verba
3818 5364 4039 5421 cantici,

2465 5428 2533 5481 de
2568 5444 2678 5497 quo
2715 5430 3030 5497 expressius
3082 5428 3316 5483 Cedren.
3365 5447 3420 5498 p.
3466 5430 3586 5483 191.
3641 5428 3914 5486 OLumus
3952 5444 4039 5487 aut

2465 5498 2674 5552 Bosws.
2704 5500 2849 5553 Nihil
2889 5516 3028 5567 opus
3063 5500 3365 5554 mutatione
3390 5500 3513 5554 ista.

2537 5569 2649 5635 (48)
2682 5569 2758 5623 Ita
2777 5570 3063 5638 scriptum,
3095 5585 3204 5622 non
3237 5571 3460 5637 ταύτης.

2534 5640 2646 5709 (49)
2669 5640 2867 5693 Zonar.
2903 5656 2955 5707 p.
2996 5639 3111 5699 159..
3148 5639 3310 5693 Cedr.
3340 5643 3393 5709 p2
3424 5641 3519 5695 491
3582 5642 3706 5697 init.

2528 5712 2639 5779 (50)
2674 5710 2777 5774 Qui
2822 5710 2955 5763 alias
3000 5709 3291 5779 Fmderati,
3328 5722 3386 5767 ut
3424 5712 3527 5768 hac
3577 5714 3633 5767 in
3668 5732 3726 5770 re
3760 5733 3863 5771 eos
3889 5725 4037 5773 vocat

2456 5778 2821 5835 Contiuualor
2847 5797 2896 5851 p.
2923 5780 2983 5833 ‘21
3024 5778 3143 5834 init.
