4146 6436
134 385 264 452 1021

120 596 183 646 τὸ
213 594 270 646 ἓν
295 594 389 647 καὶ
416 594 596 663 ἥμισυ
638 594 776 646 κατὰ
811 593 869 646 τὸ
890 594 1196 661 γιγάντειον
1222 595 1265 628 ’⁸
1292 595 1405 665 (15)
1433 614 1535 665 προ
1548 616 1705 650 τωνο-

1502 392 1772 453 REGUM
1817 394 1887 453 L1
1902 395 1964 454 Β.
2010 394 2055 453 Ι.

126 520 212 572 ριν
236 502 371 576 πρός
395 522 515 557 τινα
545 503 654 557 τῶν
680 503 981 573 μιαιφόνων
1004 547 1017 570 ,
1057 506 1408 577 ὑπερμεγέθη
1438 508 1623 580 ἄνδρα,
1657 504 1699 574 ᾧ

1824 508 1911 562 ἕοιΙ
1983 510 2246 562 immitem
2304 525 2492 565 vocem
2531 551 2544 572 ,

3265 398 3402 462 1ῡέὶέ

2614 513 2677 565 a;l
2719 514 3030 582 exeuiplum
3085 514 3398 567 Autimachi

1808 599 2094 661 ﬁliorum,
2155 601 2408 665 audivit,
2477 617 2602 655 cum
2659 604 2881 669 juratus
2936 606 2984 658 ei
3040 604 3404 674 responderet

123 685 326 754 μάςετο
359 683 611 752 μέγεθος,
662 683 1040 753 ἐπεφθέγξατο
1096 686 1244 756 ὅρκῳ
1267 687 1613 755 περιδεσμῶν
1645 682 1707 739 οὒ

1828 690 1955 744 laud
1992 692 2229 759 amplius
2280 696 2575 747 victurum.
2654 695 2961 764 Statimque
3021 697 3163 751 idem
3223 696 3404 767 gladio

120 776 436 830 ἐπελάϐετο.
480 776 619 829 Ἀλλ’
643 776 961 845 ἀμείλικτον
990 776 1098 829 ὅπα
1120 777 1264 831 κατὰ
1297 778 1423 841 τοὺς
1454 778 1711 849 Ἀντιμά-

119 888 217 941 χου
252 870 448 931 παῖδας
477 870 784 939 διήκουσεν,
806 869 1128 922 ἀντειπόντα
1161 870 1209 937 (1
1229 870 1273 937 1)
1302 870 1539 938 ἐνόρκως
1562 871 1713 941 αὐτῷ

125 961 328 1032 μηκέτι
366 960 681 1030 βιώσεσθαι.
737 961 846 1012 Καὶ
899 960 1104 1022 εὐθέως
1136 960 1249 1031 (15)
1287 964 1352 1031 τῇ
1397 963 1714 1015 κατακλεῖδι

121 1054 225 1122 τὴν
255 1053 469 1123 σπάθην
501 1052 690 1117 καθεὶς
713 1052 811 1123 τὴν
835 1054 994 1123 χεῖρα
1026 1053 1340 1119 διέσπασεν,
1368 1053 1509 1105 ὥστε
1539 1057 1631 1108 καὶ
1655 1057 1714 1108 τό

121 1146 421 1217 σταυρικδν
456 1146 643 1216 σχεδόν
690 1163 744 1198 τι
778 1146 944 1215 κέρας
990 1145 1321 1215 διακοπῆναι
1346 1162 1359 1177 ·
1411 1143 1511 1199 εἷθ’
1542 1148 1713 1211 οὕτως

116 1239 286 1291 αὑτὸν
317 1237 410 1291 καὶ
445 1241 544 1307 τῆς
575 1236 814 1307 κεφαλῆς
845 1237 1212 1305 ἀπετείχισεν.
1246 1238 1383 1291 Κατ’
1412 1239 1715 1309 αύτὴν(1ϐ)

117 1330 178 1381 δέ
197 1330 298 1398 τὴν
328 1329 477 1399 ὥραν
506 1329 657 1400 φωνὴ
686 1346 769 1391 τις
794 1328 1022 1398 άερόθεν
1058 1327 1289 1397 ἐνήλατο
1319 1331 1716 1401 ποντοποροῦσι

119 1422 395 1484 ναυτίλοις
447 1423 512 1487 ³⁸,
557 1421 632 1483 ὡς
664 1422 817 1474 Λέων
841 1422 869 1472 ὁ
898 1419 1153 1489 βασιλεὺς
1200 1420 1328 1488 τῇδε
1368 1420 1717 1489 διαπεφώνη-

1811 783 2092 836 claviculze
2126 784 2363 853 impacto
2397 802 2617 840 manum
2651 789 2981 855 amputavit,
3031 788 3104 841 ita
3146 799 3203 842 ιιι
3235 790 3401 843 etiam

1813 877 1994 930 crucis
2026 892 2198 930 Cornu
2252 876 2365 931 fere
2411 878 2715 933 dissectum
2748 879 2941 934 fuerit.
2993 881 3130 935 Dein
3169 882 3247 933 sic
3276 899 3402 935 eum

1816 967 1993 1033 capite
2063 967 2361 1022 truncavit.
2424 969 2625 1023 Eadem
2681 982 2864 1026 autem
2938 971 3071 1025 hora
3138 988 3240 1025 vox
3300 974 3408 1041 26

1813 1058 2064 1125 qurcdam
2118 1076 2180 1113 ex
2249 1076 2375 1114 aere
2441 1062 2683 1130 percutit
2748 1062 2803 1116 in
2862 1064 2999 1117 mari
3084 1064 3405 1133 navigantes

1812 1158 2010 1202 nautas
2041 1152 2327 1218 quosdam,
2355 1152 2596 1208 Leonem
2618 1153 3007 1223 imperatorem
3037 1171 3101 1210 ea
3130 1156 3360 1225 periisse
3389 1174 3400 1207 :

1815 1242 1908 1309 qui
1944 1243 2360 1299 considerantes
2378 1246 2524 1315 quod
2554 1245 2865 1312 audierant,
2892 1257 2946 1301 et
2974 1260 3190 1303 noctem
3216 1257 3405 1317 postea

1817 1342 1873 1387 et
1902 1334 2094 1389 horam
2123 1337 2175 1390 in
2212 1337 2455 1391 animum
2492 1348 2841 1402 revocantes,
2886 1338 3176 1393 veritatem
3210 1339 3408 1409 deprc-

1823 1427 2159 1482 heudcruut.

119 1534 222 1571 κεν
250 1515 397 1586 (17)’
426 1517 475 1568 οἳ
512 1515 888 1584 συμϐαλόντες
915 1516 959 1546 ¹¹⁵
988 1513 1088 1585 τὴν
1126 1514 1296 1585 ἀκοὴν
1332 1516 1430 1587 τήν
1459 1533 1515 1567 τε
1542 1516 1712 1569 νύκτα
1747 1521 1884 1588 μετὰ
1916 1523 2070 1576 τοῦτο
2128 1525 2221 1577 καὶ
2275 1523 2423 1587 ὥραν
2455 1524 2580 1577 καθ’
2611 1521 2841 1587 ἑαυτοὺς
2912 1527 3267 1596 ἐννοήσαντες
3332 1529 3397 1579 τὸ

125 1610 337 1679 ἀληθὲς
362 1609 728 1678 διειλήφασιν.

197 1706 528 1769 κτείναντες
561 1705 618 1758 δέ
638 1704 827 1758 τοῦτον
874 1705 924 1756 οἱ
959 1705 1216 1771 φονευταὶ
1263 1706 1508 1775 ἀνηλεῶς
1534 1708 1590 1759 ἐν
1619 1709 1709 1759 εὖ·
1738 1736 1745 1742 -

1886 1706 2022 1761 Cum
2085 1716 2270 1761 autem
2327 1722 2454 1761 eum
2525 1723 2883 1776 percussores
2928 1709 3307 1775 occidissent,
3356 1712 3410 1765 iu

120 1797 358 1852 λοειδέσι
409 1796 608 1869 χὼροις
637 1799 750 1858 τοῖς
795 1797 934 1866 πρὸς
977 1797 1037 1849 τὸ
1069 1796 1288 1867 δέξιμον
1341 1798 1720 1866 ἀπαγαγόντες

1828 1799 2043 1853 cloacas
2068 1806 2122 1853 et
2158 1797 2783 1868 receptaculasordium
2808 1797 3050 1853 delatum
3085 1811 3411 1869 posuerunt,

122 1891 454 1954 κατέθεσαν,
514 1891 662 1953 ὅπως
720 1890 814 1943 ἐπὶ
846 1889 1019 1961 βραχὺ
1078 1892 1261 1943 ἐκεῖσε
1317 1892 1716 1960 προσμένοιενι

120 1983 339 2053 εἴχοντο
374 1982 481 2052 γὰρ
505 1981 949 2052 χρειωδεστέρων
979 1983 1282 2054 φροντίδων
1306 1984 1355 2035 οἱ
1386 1983 1465 2052 τῷ
1498 1984 1718 2053 Μιχαὴλ

122 2073 521 2143 συναράμενοι,
544 2072 686 2126 ὥστε
712 2072 903 2125 τοῦτον
937 2073 1038 2142 μὲν
1058 2073 1156 2142 τῆς
1187 2073 1412 2143 εἱρκτῆς
1440 2073 1718 2138 ἐξελέσθαι

120 2169 223 2220 καὶ
258 2167 568 2236 άναρῤἦσαι
597 2167 765 2218 πᾶσιν
799 2165 1180 2236 αὐτοκράτορα
1222 2165 1469 2237 βασιλέα,
1500 2166 1556 2230 ὃς
1582 2166 1719 2218 διαι-

118 2261 285 2328 τήσοι
318 2258 386 2312 τά
413 2259 547 2329 πρὸς
580 2258 671 2311 τὸν
715 2258 907 2328 καιρὸν
937 2260 1362 2327 κατεπεὶγ-ητα,
1420 2259 1721 2326 ἀσφαλείας

118 2350 359 2419 δεούσης
389 2350 840 2419 ξὰπαιτουμένης,
874 2349 941 2418 ἢν
990 2348 1201 2419 ταχέως
1252 2349 1550 2420 εἰργάσατο
1582 2350 1716 2419 (18).

122 2444 239 2495 Καὶ
279 2443 370 2493 διὰ
419 2442 525 2494 τῶν
562 2441 782 2494 Σκύλων
819 2441 859 2471 ¹⁷
900 2441 1160 2509 έλκυσμῷ
1187 2441 1253 2493 τὸ
1311 2442 1471 2511 σῶμα
1506 2443 1719 2511 λυγρῶς

119 2534 555 2597 γαταικίσαντες
588 2534 681 2588 καὶ
705 2533 783 2605 τῷ
814 2534 1135 2604 ἱπποδρόμῳ
1165 2534 1717 2604 παραγυμνὼσαντες

120 2628 225 2680 καὶ
258 2627 543 2696 ὑποζυγίῳ
577 2626 1013 2697 μετεωρίσαντες
1046 2626 1137 2678 ἐπὶ
1176 2626 1358 2693 πάσης
1385 2627 1482 2695 τῆς
1514 2627 1719 2693 λεωφό-

123 2736 228 2788 ρου
263 2721 632 2788 προήνεγκαν,
662 2712 780 2771 εἶτα
808 2718 1142 2788 ἐμϐαλόντες
1182 2720 1315 2771 αὐτὸ
1337 2719 1419 2770 ἐνὶ
1450 2719 1490 2749 ⁸⁸
1526 2718 1716 2787 πλοίῳ,

127 2809 255 2877 (19)
298 2810 393 2863 καὶ
442 2809 543 2878 τὴν
596 2808 829 2879 σύμϐιον
885 2810 982 2863 σὺν
1043 2811 1155 2871 τοῖς
1201 2809 1466 2879 τέσσαρσι
1516 2808 1721 2862 τούτων

130 2901 315 2959 παισὶ,
374 2900 667 2971 Συμϐατίῳ
726 2899 838 2969 (20)
885 2900 965 2968 τῷ
1014 2901 1111 2953 καὶ
1175 2898 1637 2968 μετονομασθέντι
1680 2900 1719 2931 ¹⁹

145 2994 534 3064 ἱωνσταντίνῳ
568 2992 711 3047 κατὰ
737 2993 799 3046 τὸ
825 2992 1111 3062 στέψιμον,
1143 2992 1410 3063 Βασιλείῳ
1458 2994 1554 3046 καὶ
1581 2993 1720 3062 Γρη-

126 3090 308 3160 γορίῳ
354 3091 471 3159 ἅμα
504 3088 790 3159 Θεοδοσίῳ,
849 3089 981 3158 περὶ
1018 3089 1120 3157 τὴν
1155 3087 1387 3158 Πρώτην
1417 3089 1581 3156 νῆσον
1608 3089 1720 3156 (21)

1832 1900 1892 1943 ιιι
1946 1890 2249 1960 paullisper
2310 1890 2386 1944 ibi
2446 1898 2718 1945 maneret.
2795 1890 2996 1945 Intenti
3062 1892 3208 1946 enim
3256 1904 3414 1946 erant

1830 1983 2003 2053 magis
2053 1982 2385 2037 necessariis
2433 1986 2582 2040 curis
2623 1983 2909 2038 Michaelis
2956 1985 3295 2053 conipliccs,
3356 1997 3415 2038 ut

1829 2076 2040 2131 scilicet
2082 2075 2231 2128 hunc
2277 2090 2346 2129 ex
2408 2091 2631 2131 carcere
2676 2077 2989 2132 eximerent
3020 2118 3034 2139 ,
3089 2089 3145 2130 et
3197 2076 3414 2145 publice

1831 2166 2219 2233 imperatorem
2259 2164 2628 2231 declararent,
2677 2166 2770 2236 qui
2807 2167 3072 2235 temporis
3115 2165 3415 2235 opportuni

1829 2259 2045 2327 copiam
2096 2259 2324 2321 faceret,
2376 2274 2501 2313 cum
2549 2261 2820 2314 securitas
2868 2274 3113 2329 congrua
3170 2258 3415 2328 require-

1830 2359 2022 2405 retur:
2069 2366 2301 2419 eamque
2352 2351 2399 2405 is
2433 2350 2545 2405 cito
2571 2351 2846 2420 prmstitit.
2918 2353 3094 2420 Atque
3139 2360 3268 2404 tunc
3317 2365 3415 2418 per

1829 2444 1985 2513 Scyla
2025 2452 2256 2498 tractum
2291 2444 2527 2498 cadaver
2578 2444 2778 2499 misere
2838 2444 3129 2507 fmdantes,
3184 2444 3238 2496 in
3266 2443 3415 2497 circo

1828 2536 2189 2598 denudatum,
2234 2538 2483 2603 iumento
2529 2535 2833 2597 sublatum,
2883 2552 2983 2605 per
3024 2550 3245 2589 omnem
3298 2534 3416 2603 pla-

1832 2638 1972 2681 team
2023 2628 2308 2692 tulerunt,
2359 2635 2549 2697 postea
2602 2626 2924 2696 impositum
2976 2625 3235 2695 navigio,
3290 2640 3414 2679 cum

1829 2722 2058 2791 conjuge
2135 2729 2191 2775 et
2267 2727 2505 2790 quatuor
2579 2718 2744 2783 ﬁliis,
2821 2718 3134 2781 Sabbatio,
3204 2717 3298 2785 qui
3363 2717 3417 2769 in

1832 2812 2255 2881 mauguratione
2309 2811 2665 2880 imperatoris
2705 2809 3105 2865 Constantinus
3174 2809 3278 2862 fuit
3331 2806 3417 2861 di-

1817 2891 1984 2967 lctus,
2040 2901 2241 2955 Basilio
2290 2900 2420 2955 item
2468 2916 2533 2957 ac
2571 2900 2841 2971 Gregorio
2871 2940 2884 2963 ,
2938 2916 3043 2955 nec
3085 2914 3192 2953 non
3238 2898 3407 2953 Theo-

1828 2996 2008 3057 dosio,
2045 2996 2099 3048 in
2130 2997 2329 3050 Proteu
2358 2995 2593 3049 insulam
2625 2995 2916 3050 miserunt.
2973 2994 3152 3062 Atque
3192 2991 3265 3045 ibi
3292 3007 3415 3045 cum

1830 3088 2162 3143 cxsectionis
2209 3103 2371 3157 pcena
2420 3086 2808 3151 adicerentur,
2863 3084 3210 3139 Theodosius
3250 3086 3417 3138 vitam

131 3146 534 3256 παρέπεμψαν.
566 3146 801 3236 Κάκείσε
820 3146 938 3235 τῶν¹
960 3146 1173 3235 παίδων
1206 3146 1579 3235 καταθλαδίαν
1610 3146 1720 3233 ποιί

1835 3185 2040 3239 amisit.
2087 3182 2393 3252 Utrumque
2416 3191 2599 3236 autem
2637 3191 2979 3251 congruente
3016 3181 3299 3249 sepultura
3333 3180 3408 3234 di-

158 3276 231 3345 ὴν
265 3272 822 3344 περιστοιχουμένων,
844 3274 871 3324 ὁ
898 3272 1179 3333 Θεοδόσιος
1196 3272 1293 3340 τῆς
1316 3272 1465 3339 ζωῆς
1500 3271 1730 3335 ἀπεζεύ-
1835 3278 1983 3348 gnati
2022 3284 2171 3331 sunt.

133 3372 269 3424 ξατο
301 3367 381 3398 ⁸⁸·
416 3366 510 3418 καὶ
544 3365 890 3436 ἀμφοτέρους
939 3363 1039 3433 τῆς
1074 3366 1458 3434 προσηκούσης
1504 3364 1727 3432 κηδείας

126 3462 407 3529 ηξίωσαν.

201 3547 381 3614 Οὗτος
397 3552 475 3613 δὲ,
504 3549 581 3612 ὥς
604 3548 737 3616 φασί
760 3565 926 3611 τινες,
948 3548 1039 3601 καὶ
1066 3548 1172 3617 πρὸ
1196 3547 1287 3601 τοῦ
1328 3550 1419 3617 τῆς
1453 3548 1729 3619 βασιλείας

124 3642 502 3700 απιλασέσθαι
534 3641 637 3710 τῆς
668 3639 968 3702 δυσσεϐοῦς
989 3640 1253 3709 αἱρέσεως
1286 3640 1484 3709 εἴχετο.
1520 3641 1612 3693 Διὸ
1638 3644 1729 3692 καὶ

129 3736 285 3797 κατὰ
316 3736 382 3790 τὸ
432 3735 619 3804 ἔθιμον
650 3733 750 3803 τῆς
803 3731 926 3785 καθ’
986 3732 1134 3799 ἡμᾶς
1175 3731 1438 3793 εὐσεϐοῦς
1494 3731 1763 3794 πίστεως.

130 3829 452 3890 στείλαντος
482 3826 618 3897 πρὸς
670 3823 833 3877 αὐτὸν
861 3822 1179 3893 Νικηφόρον
1240 3820 1336 3873 τοῦ
1387 3822 1731 3892 πατριάρχου

160 3926 305 3994 όμον
329 3921 419 3975 διά
473 3935 635 3972 τινων
676 3914 983 3986 ἀρχιερέων
1040 3912 1422 3983 ἐγγράψασθαι
1455 3912 1551 3982 τὴν
1577 3913 1734 3965 εὐσέ-

1907 3541 2078 3594 Porro
2126 3540 2228 3593 iste
2282 3548 2427 3602 Leo,
2486 3547 2547 3592 ut
2597 3552 2822 3607 quidam
2878 3536 3200 3605 perhibent,
3253 3535 3418 3589 etiam

1828 3644 2124 3701 antequam
2162 3631 2456 3700 imperium
2500 3639 2831 3699 capesseret,
2874 3629 3053 3698 impize
3097 3627 3174 3681 illi
3224 3627 3417 3681 haeresi

1829 3727 2157 3781 adhaaserat.
2204 3724 2553 3792 Quapropter
2589 3723 2755 3776 etiam
2805 3737 2928 3775 eum
2981 3736 3045 3775 ex
3099 3736 3251 3774 more
3304 3720 3411 3788 27

1831 3820 1935 3890 piae
1986 3828 2191 3873 nostrae
2239 3817 2367 3872 ﬁdei
2424 3816 2771 3885 Nicephorus
2829 3815 3141 3885 patriarcha
3184 3813 3253 3869 ad
3291 3829 3425 3870 eum

1831 3913 2075 3968 misisset
2099 3911 2347 3965 libellum
2372 3926 2472 3979 per
2505 3910 2717 3979 aliquot
2754 3909 3072 3964 sacerdotes
3103 3908 3419 3979 primarios,

146 4021 320 4077 Ιειαν,
354 4012 465 4083 (22)
502 4007 961 4078 καταπράξασθαι
987 4006 1145 4060 τοῦτο
1161 4006 1507 4060 διανεδάλετο
1546 4007 1588 4038 ⁸⁸
1629 4005 1720 4069 ἓως

1832 4014 1896 4059 ut
1928 4004 2327 4075 professionem
2358 4002 2483 4057 ﬁdei
2518 4003 2871 4068 inscriberet,
2898 4002 2951 4054 id
2973 4002 3154 4057 facere
3185 4001 3419 4059 distulit.

138 4128 202 4163 ιν
232 4104 393 4175 αὑτῷ
431 4107 465 4174 ὴ
492 4104 591 4172 τῆς
619 4102 899 4173 βασιλείας
927 4100 1147 4153 ἐπέλθοι
1174 4100 1262 4153 διὰ
1290 4100 1519 4167 στέφους
1553 4116 1720 4170 μεγα-

1824 4101 2000 4153 donec
2032 4097 2335 4153 solennitas
2387 4096 2832 4168 inaugurationis
2853 4095 3092 4150 adesset.
3111 4094 3219 4149 Sed
3247 4094 3421 4148 altero

124 4194 482 4263 ιοπρέπεια’
536 4192 631 4243 καὶ
688 4189 811 4242 καθ’
838 4188 1053 4259 ἡμέραν
1085 4206 1148 4257 γε
1188 4189 1289 4258 τὴν
1327 4188 1586 4259 δευτέραν
1632 4191 1720 4259 τῆς

1826 4192 1915 4245 die
1951 4191 2069 4261 ejus
2126 4189 2364 4258 imperii,
2403 4204 2528 4242 cum
2575 4188 3005 4258 compelleretur
3049 4185 3119 4240 ad
3160 4185 3410 4240 subscri-

116 4285 310 4340 αὐτοῦ
366 4282 645 4355 βασιλείας
693 4281 1112 4352 ἐνσυνεχόμενος
1142 4279 1220 4351 τῷ
1271 4280 1540 4351 ὀρθοδόξῳ
1580 4281 1720 4350 τόμιι

1831 4282 2070 4337 bendum
2130 4280 2443 4334 orthodoxe
2508 4278 2698 4334 libello
2734 4320 2749 4343 ,
2805 4279 2971 4348 plane
3031 4276 3254 4347 negavit
3301 4291 3423 4331 sese

161 4375 1010 4448 ιασημήνασθαιὰναντιρῥήτως
1032 4374 1305 4427 ἀπείπατο
1338 4374 1463 4445 μηδ’
1494 4374 1631 4437 ὅλως
1653 4374 1720 4443 τᾷ

1839 4374 2382 4429 accommodaturum
2458 4372 2609 4427 illius
2668 4371 2962 4428 voluntati.
3041 4370 3197 4428 Unde
3256 4370 3423 4425 etiam

1477 4485 1716 4543 VARUS
1758 4486 2163 4544 LECTIONES.

240 4606 288 4640 “
315 4604 599 4673 γιγάντιον
624 4602 686 4655 1..

790 4600 833 4631 ’³
889 4601 1173 4669 ναυτήλοις
1220 4599 1283 4652 L.
1358 4601 1403 4632 ¹⁶
1436 4601 1840 4668 συμϐάλλοντες
1882 4600 1939 4653 L.

2047 4601 2086 4630 ”
2125 4599 2369 4653 σκύλλων
2396 4598 2473 4665 ι.)
2547 4597 2589 4627 ’⁸
2612 4594 2971 4665 ἐμϐάλλοντες
3022 4594 3171 4666 αὐτῷ
3213 4596 3294 4648 ἑνὶ
3357 4595 3416 4651 ι.

120 4682 175 4713 ¹⁹
219 4669 709 4750 μετωνομασθέντι
737 4671 797 4726 L.
870 4673 913 4703 ³⁰
939 4669 1278 4734 ἁπετεύξατο
1315 4670 1375 4723 L.
1438 4675 1479 4702 "
1514 4671 1893 4726 διανεὸἁλλετο
1925 4671 1986 4725 L.

1332 4790 1575 4846 STEPH.
1621 4792 1964 4849 BERGLEIKI
2005 4790 2235 4848 NOT/E.

114 4894 233 4951 sed
266 4900 329 4947 et
356 4891 671 4963 giganteum
707 4888 859 4943 illum
890 4886 1171 4963 hominem
1216 4886 1488 4963 allocutus
1532 4886 1718 4963 fuerit.
1758 4902 1800 4956 ι)
1828 4887 2118 4963 Οοιιιτλιίιζ).
2148 4901 2185 4939 ιι
2222 4884 2369 4963 init.,
2406 4884 2569 4963 C_edr.
2596 4900 2651 4963 p_.
2677 4884 2802 4948 496,
2833 4884 3047 4963 Ζ-ιξιιςιι·λ
3062 4899 3118 4963 ρε
3153 4882 3276 4937 184.

114 4956 387 5021 Habent.
404 4956 495 5015 hic
519 4974 709 5014 vocem
753 4962 974 5029 χάριτος
1002 4967 1058 5011 et
1082 4958 1199 5019 alii,
1226 4958 1320 5011 sed
1353 4958 1529 5012 aliter.
1558 4956 1720 5029 Cont.

114 5054 181 5107 p.
226 5034 323 5099 25,
354 5034 505 5101 ὅρκῳ
532 5030 643 5107 ’τῆς
673 5027 989 5107 ἐνοικούσης
1021 5031 1244 5107 χάριτος
1279 5031 1335 5080 ἐν
1369 5028 1446 5107 τῷ
1482 5027 1613 5107 ναῷ,
1639 5029 1724 5107 uti

111 5099 182 5163 et
229 5099 404 5161 Cedr.
437 5099 491 5170 p.
519 5102 643 5165 195,
674 5102 830 5170 quasi
862 5115 959 5170 per
989 5099 1222 5169 gratiam
1252 5100 1456 5169 templo
1503 5100 1724 5154 inhabi-

114 5184 360 5233 tantem
397 5173 796 5227 obsecraverit.

205 5246 331 5314 (15)
367 5244 503 5299 Mire
547 5244 745 5314 Noster
776 5242 983 5314 haecut
1026 5240 1308 5314 pleraque.
1349 5240 1455 5294 Alii
1484 5240 1721 5314 planius,

112 5311 413 5374 iit—Com.
456 5329 511 5385 p.
560 5312 653 5379 25,
703 5312 977 5385 εὐμεγέθη
1030 5311 1128 5364 καὶ
1176 5315 1518 5380 γιγανταίον.
1555 5311 1720 5366 Cedr.

111 5408 182 5462 p.
220 5384 486 5462 §Q5L§va
513 5386 632 5462 τινὰ
655 5384 1013 5462 γιγαντιαῖον,

204 5458 333 5527 (14)
363 5456 445 5527 Ita
471 5455 762 5527 scripturn,
783 5468 913 5527 cum
935 5451 1170 5527 deberet
1196 5453 1571 5527 άντειπόντος.

203 5523 335 5598 (15)
374 5525 537 5598 Qont.
563 5523 618 5595 β.
646 5523 932 5598 g5,_Ce_dr.
966 5538 1020 5598 p_.
1046 5523 1330 5598 495,_Zon.
1368 5539 1423 5593 p.
1452 5525 1581 5598 im.

200 5594 339 5669 (16)
376 5596 537 5652 Cont.
566 5594 621 5666 p.
646 5595 718 5652 25
748 5596 803 5649 in
832 5595 960 5659 ﬁne,
990 5594 1140 5665 Sym.
1162 5595 1294 5665 Log.
1322 5612 1376 5665 p.
1406 5596 1530 5659 411,
1557 5595 1719 5650 Cedr.

109 5689 183 5745 ρο
216 5668 364 5745 14.25-

204 5742 334 5813 (17)
370 5738 451 5793 Ita
487 5736 771 5808 scriptum.
822 5733 1116 5791 Reinesius
1151 5745 1399 5801 annotat,
1422 5736 1517 5807 Γρ.
1545 5736 1733 5790 διαπε-

110 5815 412 5886 φάνημενε

202 5878 335 5950 (18)
392 5881 469 5935 Ita
520 5878 806 5951 scriptum,
851 5895 974 5935 cum
1013 5880 1237 5935 deberet
1282 5882 1631 5947 εῗργάσχνῖο.
1673 5910 1731 5920 η·-

1902 4959 2012 5027 (19)
2044 4958 2205 5011 Cont.
2243 4957 2340 5011 lib.
2373 4957 2582 5015 1111111..
2607 4956 2744 5008 Zon.
2778 4954 3174 5027 p.j55,C_edr.
3207 4968 3263 5027 p.
3289 4954 3418 5027 ῥ95,

1829 5024 1978 5096 Syiu.
2008 5028 2139 5096 Log.
2170 5030 2386 5082 ML—
2418 5027 2697 5094 Scriptum
2731 5026 2880 5091 αὐτῷ
2910 5026 3013 5096 ἐνί.
3039 5024 3261 5078 Notavit
3285 5025 3420 5096 Rei-

1828 5091 2036 5159 nesius.
2070 5091 2166 5167 Γρ.
2217 5098 2352 5151 αὐτὸ
2382 5097 2480 5149 ἔνι.
2516 5091 2686 5151 Recte
2724 5097 2873 5165 quod
2909 5095 2979 5149 ad
3018 5096 3152 5147 αὑτό
3197 5094 3418 5161 attinet,

1826 5169 2065 5241 pessime
2090 5170 2197 5222 ἔνι’
2228 5169 2310 5241 ἐνὶ
2344 5168 2481 5221 bene
2508 5167 2696 5241 habet.

1898 5240 2010 5307 (20)
2047 5241 2126 5295 Ita
2176 5239 2468 5308 scriptum.
2518 5237 2813 5291 Reinesius
2863 5235 3177 5308 annotavit.
3202 5236 3421 5289 Σαϐϐα-

1824 5313 1943 5380 τεῳ.
1980 5312 2182 5366 Zonar.
2233 5307 2431 5381 p.155
2476 5315 2533 5362 et
2569 5308 2813 5363 Cedren.
2850 5323 2904 5377 p.
2955 5308 3082 5372 395,
3130 5307 3426 5376 Συμὸατίῳ

1832 5384 1993 5436 Cont.
2024 5383 2121 5435 lib.
2162 5399 2198 5436 Il
2235 5380 2361 5436 init.

1910 5454 2019 5518 (21)
2066 5453 2230 5507 Cedr.
2264 5452 2415 5521 πρὸς
2443 5449 2543 5521 τῂν
2575 5447 2799 5519 πρώτην
2835 5447 3195 5521 καλουμένην
3236 5450 3421 5517 νῆσον.

1834 5525 2140 5578 lismssws.
2178 5524 2245 5577 Et
2277 5519 2420 5590 apud
2456 5520 2712 5573 Nostrum
2742 5519 2960 5572 mallem
2995 5520 3152 5590 πρός.

1904 5596 2017 5665 (22)
2054 5595 2132 5648 Ita
2161 5602 2219 5648 et.
2264 5589 2639 5665 Continuator
2668 5589 2879 5665 βοιιειι.ζ
2909 5589 3176 5657 Porphyr.
3233 5602 3304 5665 p._
3334 5589 3424 5651 18,

1832 5658 2007 5736 negat
2050 5664 2297 5736 proﬁteri
2338 5660 2580 5736 voluisse
2613 5660 2799 5736 ﬁdem.
2828 5660 3011 5736 "Syma
3043 5667 3227 5712 autem
3288 5658 3423 5736 μσς.

1834 5730 2381 5806 plot-professum
2425 5732 2581 5799 dicit,
2617 5732 2693 5787 uti
2731 5741 2784 5786 et
2819 5730 3087 5799 Georgius
3116 5730 3428 5785 monachus

1837 5809 2017 5863 initio.
