4146 6436
748 403 884 465 1023
2039 398 2068 458 J
2077 396 2335 457 OSEPHJ

2438 392 2706 454 :ENESII
3421 441 3428 447 .
3877 374 4001 442 1024

746 521 973 577 lneresis
1026 535 1138 574 sua:
1171 518 1455 590 adjutores
1494 526 1552 572 et
1585 518 1821 588 collegas
1850 516 1904 569 in
1935 515 2194 585 palatium
2228 530 2317 568 as—

2438 510 2648 579 ιοιούτῳ
2700 504 2992 559 συνθέσθαι
3026 501 3349 573 βουλήματι.
3386 500 3551 555 Ὅθεν
3585 498 3680 552 καὶ
3726 495 3857 557 τοὺς
3902 496 3999 562 τῆς

746 613 1002 683 sumpsit,
1050 611 1256 665 victum
1284 611 1352 665 ad
1388 612 1578 666 luxum
1613 624 1785 678 usque
1820 608 1939 663 istis
1967 607 2323 677 peculiariter

2438 600 2691 671 ιίρέσεωςι
2739 598 2890 667 αὑτῷ
2921 595 3218 665 συνεργοὺς
3255 594 3315 645 ἐν
3338 592 3419 659 τῷ
3448 592 3698 660 παλατίῳ
3757 591 3999 644 ἀποκατ-

747 707 984 777 largiens
1020 723 1034 758 :
1087 720 1338 774 eumque
1367 712 1785 774 eooperatorem
1834 700 1887 753 in
1934 714 2031 753 sua
2073 698 2324 752 doctrina

2438 694 2683 761 ἔστησεν,
2716 689 2928 747 δίαιταν
2960 687 3098 758 πρὸς
3118 686 3334 757 τρυφὴν
3354 684 3661 748 ἰδιαζόντως
3674 680 3891 741 τούτοις
3918 678 4003 730 δα-

749 798 1051 853 invenisset
1097 797 1407 852 Johannem
1434 794 1873 867 grammaticum,
1922 791 2016 861 qui
2042 800 2098 845 et
2131 790 2326 843 lannes

747 906 814 943 eo
843 890 988 959 quod
1050 890 1263 943 veritati
1315 889 1725 947 adversaretur,
1753 886 1901 938 hunc
1934 885 2076 936 inter
2103 880 2323 934 eosdem

748 982 1048 1052 cooptavit.
1105 982 1318 1048 Quibus
1364 982 1567 1035 stultus
1606 980 1697 1034 ille
1755 978 2003 1031 desertor
2048 966 2328 1028 mandavit

752 1085 810 1128 ut
860 1075 1121 1127 novitiam
1158 1075 1301 1126 illam
1359 1072 1519 1127 [idem
1575 1070 2012 1124 conscriberent.
2061 1066 2156 1120 ‘Ac
2203 1073 2329 1135 post

750 1163 890 1217 duos
929 1163 1145 1232 imperii
1185 1162 1268 1214 sui
1323 1177 1500 1215 annos
1534 1160 1709 1228 palam
1763 1157 2045 1219 deﬁciens,
2094 1165 2153 1210 ut
2183 1155 2329 1209 ﬁlius

752 1256 866 1318 Cis,
889 1255 1333 1310 venerandarum
1360 1255 1655 1321 imaginum
1676 1250 2019 1306 eversionem
2037 1265 2328 1320 aggressus

750 1355 854 1402 est.
911 1348 1031 1403 Mox
1068 1349 1233 1403 etiam
1262 1348 1329 1401 ad
1357 1362 1548 1401 onmes
1581 1345 1873 1414 episcOpos
1902 1342 2143 1411 scripsit,
2178 1351 2239 1395 ut
2270 1356 2329 1395 se

750 1440 1071 1509 Byzantium
1095 1439 1431 1501 conferrent,
1482 1437 1675 1491 urbem
1709 1452 1739 1491 a
1768 1434 2176 1505 Megarensibus
2198 1448 2330 1487 con-

753 1532 921 1585 ditam
948 1547 1011 1585 ac
1068 1532 1328 1602 Byzante,
1377 1546 1502 1585 cum
1539 1528 1607 1582 ad
1656 1544 1777 1582 eam
1809 1525 2150 1581 condendam
2200 1540 2332 1578 con-

753 1623 1036 1677 ﬂuxissent
1073 1638 1172 1693 per
1226 1623 1500 1692 Europam
1540 1620 1793 1689 Carystii,
1820 1618 2099 1689 Mycentei,
2135 1616 2331 1673 Corin-

756 1715 875 1779 tbii,
910 1714 1114 1784 aliique
1153 1716 1336 1778 multi,
1386 1730 1510 1767 cum
1534 1712 1885 1783 philosophis
1912 1711 2329 1766 etrbetoribus‘.

750 1808 1000 1877 (Eumque
1046 1808 1113 1860 ad
1168 1806 1563 1885 Propontidem
1604 1804 1847 1875 episcopi
1891 1802 2165 1865 venirent,
2209 1818 2331 1870 per-

2425 782 2844 855 ψιλευσάμενος.
2874 778 2989 849 (23)
3020 777 3154 832 Μεθ’
3183 768 3259 829 ὧν
3287 776 3382 828 καὶ
3405 772 3686 843 συνέριθον
3707 770 3812 839 τῆς
3844 767 4003 821 αὐτοῦ

2426 872 2776 935 διδασκαλίας
2814 869 2990 940 εὑρὼν
3034 868 3128 922 τὸν
3168 864 3556 936 γραμματικὸν
3600 863 3889 928 Ἰωάννην,
3924 858 4007 909 τὸν

2429 968 2522 1021 καὶ
2536 962 2965 1036 ’[αννῆν(24)διὰ
2979 952 3146 1031 τὸτῆς
3161 959 3417 1031 ἀληθείας
3431 956 3782 1027 ἀντίρροπον,
3800 951 4009 1012 τούτοις

2430 1053 2743 1119 συνέταξεν.
2767 1050 2863 1115 Οἷς
2889 1048 3242 1121 νεαροπρεπῆ
3271 1049 3455 1101 πίστιν
3476 1046 3800 1116 νηπιόφρων
3830 1046 3859 1096 ὁ
3886 1043 4011 1094 ἁπο-

2428 1145 2630 1213 στάτης
2664 1143 2994 1212 προστάττει
3049 1139 3496 1210 συγγράψασθαι.
3548 1137 3658 1189 Καὶ
3712 1135 3859 1204 μετά
3910 1132 4013 1186 δύω

2427 1233 2651 1304 χρόνους
2708 1231 2821 1302 (25)
2875 1231 2978 1300 τῆς
3030 1229 3309 1300 βασιλείας
3338 1227 3565 1295 ἁναίδην
3598 1226 4012 1294 ἁποστατήσας,

2429 1327 2679 1396 καθάπερ
2713 1327 2742 1376 ὀ
2767 1324 2881 1387 υίὸς
2906 1323 3002 1376 τοῦ
3028 1324 3131 1383 Kl;
3147 1320 3281 1391 (26),
3308 1320 3408 1391 τῆς
3431 1319 3540 1372 τῶν
3564 1318 3852 1372 σεϐαστῶν
3878 1317 4017 1369 εἰκό-

2429 1438 2537 1471 νων
2572 1418 2970 1487 μετεποιήσατο
2991 1412 3393 1482 καθαιρέσεως,
3428 1409 3681 1463 ἐντεῦθεν
3720 1408 3822 1461 καὶ
3876 1408 4015 1477 γρα-

2429 1510 2537 1577 ψας
2572 1510 2736 1560 παντὶ
2761 1506 3047 1575 ἑπισκόπῳ
3073 1504 3359 1572 καταίρειν
3386 1503 3443 1555 ἐν
3484 1500 3771 1569 Βυζαντίῳ
3800 1500 3885 1567 τῷ
3916 1500 4013 1550 {mi

2430 1598 2735 1669 Μεγαρέων
2767 1595 3045 1649 κτισθέντι
3076 1596 3171 1648 καὶ
3206 1592 3476 1657 Βύζαντος
3500 1593 3636 1661 (27),
3676 1591 3803 1646 κατ’
3834 1590 4014 1659 Εὑρὼ-

2430 1709 2540 1761 πην
2571 1690 2935 1745 συνελθόντων
2960 1691 3017 1742 ὲν
3036 1691 3101 1759 τῇ
3133 1687 3323 1741 τούτου
3356 1686 3623 1739 πολίσει¹¹
3660 1685 4012 1753 Καρυστίων.

2431 1783 2769 1855 Μυκηναίων
2798 1783 2891 1836 καὶ
2915 1781 3219 1853 Κορινθίων
3247 1780 3425 1835 ἄλλων
3446 1797 3504 1832 τε
3531 1778 3765 1841 πολλῶν,
3802 1776 4017 1843 φιλοσό-

754 1898 981 1952 missum
1037 1898 1147 1953 illis
1201 1878 1313 1952 non
1358 1908 1444 1952 est
1484 1906 1544 1952 ut
1586 1912 1686 1967 pro
1741 1894 2139 1950 consuetudine
2177 1896 2330 1964 prius

2438 1894 2557 1945 φοις
2587 1875 2705 1945 ἅμα
2724 1876 2821 1929 καὶ
2852 1875 3102 1945 ῥήτορσι.
3137 1873 3250 1925 Καὶ
3286 1872 3350 1940 δὴ
3381 1873 3470 1924 ὅτε
3508 1872 3556 1925 οἱ
3589 1870 3892 1923 ἐπίσκοποι
3915 1871 4017 1928 τοῖς

753 1987 1081 2043 accederent
1113 1988 1180 2041 ad
1212 1988 1600 2057 patriarcham,
1656 1987 1750 2042 sed
1789 1986 1855 2040 ad
1885 1988 2061 2055 ipsum
2091 1987 2328 2055 impera-

757 2092 928 2133 torem
961 2080 1310 2133 ducebantur
1340 2089 1395 2134 et
1424 2082 1475 2133 vi
1502 2079 1680 2133 coacti
1714 2078 2077 2148 adigebantur
2107 2087 2168 2132 ut
2195 2093 2330 2131 con-

753 2174 1026 2226 sentirent
1068 2172 1121 2225 in
1174 2173 1293 2242 ejus
1351 2188 1574 2242 pravam
1623 2172 1975 2227 sententiam.
2021 2172 2101 2225 Ex
2130 2170 2333 2239 quibus

757 2266 882 2319 illos
924 2267 1016 2335 qui
1069 2266 1121 2320 ei
1165 2281 1374 2320 morem
1431 2266 1697 2335 gerebant
1746 2266 1978 2318 comiter
2010 2271 2065 2316 et
2099 2262 2332 2332 benigne

755 2354 1089 2425 excipiebat,
1137 2371 1234 2409 eos
1286 2364 1468 2409 autem
1506 2354 1600 2423 qui
1649 2354 2035 2422 obtemperare
2080 2354 2336 2423 28:101-

757 2448 874 2503 lcnt
909 2450 1088 2502 onmis
1107 2448 1327 2518 generis
1361 2448 1711 2502 contumeliis
1743 2448 2133 2509 ulciscebatur,
2170 2447 2333 2501 Chri-

757 2541 1062 2594 stianorum
1117 2542 1368 2611 dogmata
1413 2559 1509 2611 pro
1542 2542 1717 2597 nihilo
1740 2554 2034 2613 reputans;
2068 2542 2337 2611 quemad-

760 2632 984 2686 modum
1014 2635 1180 2689 eliam
1214 2636 1267 2688 in
1303 2638 1455 2704 pacis
1482 2636 1787 2690 foederibus
1816 2652 1938 2690 cum
1972 2635 2183 2690 llunnis
2221 2637 2338 2692 haec

759 2726 1131 2792 conturbavit,
1190 2728 1298 2783 illis
1342 2729 1566 2797 quidem
1609 2730 1918 2784 attribuens
1955 2738 2172 2783 nostras
2209 2744 2341 2783 eon-

760 2818 1105 2883 suetudines,
1151 2820 1256 2873 sibi
1314 2833 1499 2875 autem
1550 2830 1605 2875 et
1652 2821 1766 2875 suis
1816 2821 2079 2892 subjectis
2117 2821 2339 2875 illorum

760 2910 1137 2966 eteremonias.
1177 2913 1354 2981 Atque
1388 2913 1460 2967 ob
1517 2913 1633 2967 haec
1684 2912 1913 2967 fortasse
1960 2923 2117 2968 terra:
2159 2921 2342 2968 motus

763 3002 997 3057 maxime
1023 3003 1319 3063 terribiles.
1352 3004 1580 3074 luesque
1618 3014 1673 3058 et
1719 3005 2015 3069 siccitates,
2045 3015 2101 3061 et
2133 3005 2342 3061 inﬂam-

762 3094 1034 3149 mationes
1083 3097 1260 3160 aeris,
1302 3106 1565 3164 pneterea
1603 3096 1906 3150 seditiones
1938 3096 1990 3150 in
2023 3098 2159 3151 urbe
2190 3098 2341 3151 omni

762 3196 818 3239 et
868 3185 1075 3239 ditione
1113 3186 1182 3240 ab
1238 3186 1396 3241 initio
1450 3187 1571 3256 ejus
1616 3186 1729 3241 Deo
1786 3187 1946 3241 invisi
1997 3187 2211 3255 imperii
2247 3201 2335 3256 per

764 3277 970 3330 multos
1000 3291 1176 3330 annos
1202 3276 1424 3330 assidue
1454 3277 1809 3330 exstiterunt.
1837 3276 1973 3330 ipsis
2017 3277 2183 3330 etiam
2227 3276 2335 3330 ele-

2448 3185 2699 3237 εμφυΑιοι
2726 3185 2946 3228 στασεις
2970 3185 3114 3217 κατα
3141 3185 3295 3216 πολιν
3320 3185 3413 3216 και
3463 3185 3645 3230 χωραν
3680 3185 3885 3223 manv,
3926 3185 4025 3228 up-

2449 3260 2620 3330 χῆθεν
2639 3260 2739 3327 τῆς
2790 3256 3081 3328 θεομισοῦς
3115 3256 3394 3325 βασιλείας
3426 3253 3594 3308 αὐτοῦ
3626 3254 3789 3323 μέχρι
3816 3252 4025 3305 ⁴πολλῶν

3054 3292 3079 3319 γ
3115 3292 3217 3319 γυνθ
3227 3292 3393 3318 ιηῠιυ,

764 3277 970 3331 multos
1000 3291 1176 3331 annos
1202 3276 1424 3330 assidue
1454 3277 1809 3339 exstiterunt,
1837 3276 1973 3346 ipsis
2017 3277 2183 3330 etiam
2227 3276 2343 3331 ele-

765 3370 967 3422 mentis
1014 3367 1430 3439 indignantibus
1469 3368 1540 3421 ob
1564 3370 1684 3438 ejus
1713 3367 1939 3423 scelera.
1979 3367 2138 3422 Tales
2183 3375 2345 3422 erant

767 3460 949 3531 impiae
1007 3463 1130 3532 ejus
1212 3462 1574 3533 cogitationes
1628 3469 1684 3516 et
1739 3462 2221 3527 machinationes,
2286 3468 2345 3516 et

768 3552 975 3606 durans
1006 3567 1105 3621 per
1132 3568 1228 3606 eas
1260 3553 1563 3607 calamitas.

840 3732 1113 3789 (laterum
1155 3731 1209 3785 in
1252 3731 1416 3787 rebus
1439 3732 1667 3786 utilibus
1691 3730 2059 3801 suscipiendis
2082 3730 2348 3784 industria

770 3824 1082 3880 incessabili
1101 3835 1239 3880 erat.
1268 3826 1385 3892 Qua
1409 3825 1574 3879 etiam
1604 3824 1830 3889 factum,
1854 3833 1914 3878 ut
1934 3839 2022 3893 pet
2055 3824 2349 3877 Thraciam

2432 1968 2578 2023 κατὰ
2608 1969 2782 2039 πέραν
2811 1966 3207 2038 προσήγγιξον,
3245 1964 3358 2037 (28)
3406 1966 3467 2018 οὐ
3506 1963 3649 2018 κατὰ
3677 1963 3740 2015 τὸ
3777 1962 4017 2030 εἰθισμέ-

2432 2077 2522 2113 νον
2548 2060 3045 2132 προσεντυγχάνειν
3075 2058 3120 2090 ⁸³
3148 2055 3228 2126 τῷ
3254 2054 3573 2128 πατριάρχῃ
3607 2054 3863 2124 ἠφίεντο,
3891 2051 4017 2105 ἀλλὰ

2433 2156 2568 2227 πρὸς
2600 2154 2763 2207 αὑτὸν
2786 2154 2983 2224 ἦγοντο
3012 2153 3105 2203 καὶ
3128 2152 3354 2211 ἄκοντες
3379 2149 3717 2201 συνευδοκεῖν
3741 2147 3823 2216 τῷ
3857 2162 4018 2200 xam-

2432 2248 2570 2319 δόξῳ
2606 2248 2917 2318 φρονήματι
2944 2245 3240 2308 ἐϐιάζοντο.
3304 2236 3407 2296 Ὧν
3445 2241 3557 2312 (29)
3604 2242 3734 2304 τοὺς
3784 2240 4017 2311 πειθαρ-

2435 2340 2667 2411 χοῦντας
2707 2338 2858 2409 αὐτῷ
2899 2338 3288 2407 προσηκούσης
3345 2335 3497 2406 ἠξίου
3550 2335 4019 2404 φιλοφρονήσεως,

2436 2434 2564 2496 τοὺς
2598 2432 2713 2503 (30)
2746 2433 2803 2487 δὲ
2836 2432 2910 2502 μὴ
2946 2431 3304 2501 πειθομένους
3360 2430 3602 2482 αἰκίσεσι
3647 2428 4021 2489 παντοδαπαῖς

2436 2524 2768 2595 διημείϐετο,
2821 2524 2891 2577 τὰ
2934 2521 3274 2593 Χριστιανῶν
3320 2521 3450 2593 παρ’
3483 2520 3639 2573 οὐδὲν
3669 2518 4021 2588 θεσπίσματα

2437 2618 2809 2688 λογιζόμενος,
2834 2617 2910 2680 ὡς
2938 2616 3100 2687 δῆθεν
3130 2614 3243 2685 (3'5)
3280 2614 3373 2666 καὶ
3416 2616 3534 2676 ταῖς
3566 2613 3702 2681 πρὸς
3741 2615 3874 2673 τοὺς
3896 2610 4012 2665 05v-

2440 2727 2566 2773 νους
2595 2710 2901 2779 εἰρηναίαις
2928 2707 3237 2778 συμϐάσεσι
3261 2704 3436 2759 ταῦτα
3477 2705 3754 2774 συνέχεεν,
3791 2703 4024 2767 ἐκείνοις

2446 2804 2543 2873 μὲν
2571 2803 2793 2866 ἀναθεὶς
2818 2800 3157 2872 ἐργάσασθαι
3179 2799 3250 2853 τὰ
3270 2799 3515 2869 ἡμέτερα
3560 2798 3811 2862 εἰωθότα,
3846 2795 4023 2863 ἑαυτῷ

2441 2893 2498 2947 δὲ
2532 2894 2627 2948 καὶ
2656 2896 2770 2956 τοῖς
2803 2892 2897 2945 ὑπ’
2929 2893 3096 2946 αὑτὸν
3123 2893 3192 2945 τὰ
3224 2890 3450 2944 ἐκείνων
3489 2889 3914 2960 θρησκεύμιτα.
3949 2888 4025 2939 Δι’

2443 2976 2518 3035 ὧν
2541 2987 2683 3052 τάχα
2714 2982 2931 3051 σεισμοὶ
2958 2981 3391 3052 φρικωδέστατοι
3443 2978 3621 3048 λοιμοί
3674 2995 3732 3030 τε
3763 2977 3881 3046 (52)
3932 2976 4025 3029 καὶ

2447 3077 2551 3147 αὖχ
2563 3076 2757 3144 μηρίαι
2786 3074 2883 3127 καὶ
2907 3072 3281 3141 ὲκφλογὼσεις
3305 3070 3489 3141 ἀέρος,
3527 3071 3664 3140 πρξς
3693 3069 3910 3130 τούτοις
3932 3070 4024 3120 καὶ

2448 3166 2699 3237 ἐμφύλιοι
2726 3165 2946 3228 στάσεις
2970 3165 3114 3217 κατὰ
3141 3164 3295 3216 πόλιν
3320 3164 3413 3216 καὶ
3463 3162 3645 3230 χώραν
3680 3161 3885 3223 πᾶσαν,
3926 3162 4025 3228 dp-

2451 3353 2662 3422 χρόνων
2694 3352 3013 3421 διήρκεσαν,
3044 3349 3137 3402 δια)⁵
3188 3347 3369 3401 αὐτῶν
3420 3347 3529 3400 τῶν
3582 3345 3868 3415 στοιχείων
3905 3345 4015 3397 δυσ·

2451 3444 2893 3516 ανασχετούντων
2909 3441 3022 3497 οἷον
3038 3443 3230 3495 τούτου
3257 3443 3369 3502 τοῖς
3395 3440 3874 3509 κακουργήμασιν.
3906 3438 4026 3489 Τοι-

2452 3539 2591 3592 αῦτα
2617 3537 2686 3591 τὰ
2716 3536 2859 3591 κατὰ
2912 3534 3233 3588 δυσσέϐειαν
3268 3532 3435 3586 αὐτοῦ
3461 3533 3774 3600 ἐννοήματα
3809 3533 3908 3583 καὶ
3938 3546 4025 3581 τε-

2447 3633 2754 3702 χνάσματα,
2780 3631 2879 3684 καὶ
2904 3628 3119 3692 τούτοις
3138 3629 3252 3699 (33)
3271 3629 3330 3681 τὸ
3352 3628 3587 3697 ἐπαχθὲς
3618 3625 3941 3695 ὲγχρονίζον
3960 3624 4027 3677 ’⁸.

2536 3723 2697 3777 Ἀλλά
2726 3723 2825 3777 καὶ
2853 3721 2966 3792 (54)
3000 3721 3138 3793 πρὸς
3179 3720 3290 3774 τῶν
3317 3720 3370 3772 εί
3405 3737 3458 3772 τι
3504 3717 3932 3771 λυσιτελούντων
3954 3716 4023 3768 δι-

2450 3816 2707 3883 έγνωστο,
2775 3812 3090 3884 φιλοπονίας
3141 3814 3243 3865 οὐκ
3293 3811 3486 3882 ἔληγεν
3510 3827 3525 3840 ο
3582 3810 3649 3863 δι’
3679 3804 3750 3883 ἧς
3798 3810 3943 3862 κατά
3970 3824 4026 3873 γε

771 3917 1277 3986 Macedoniamque,
1338 3918 1504 3973 etiam
1534 3933 1710 3987 usque
1757 3917 1825 3972 ad
1863 3917 1999 3971 ﬁnes
2030 3926 2191 3971 terrae
2224 3917 2335 3989 Scy-

2451 3909 2675 3980 Θρᾴκην
2699 3903 3042 3962 Μακεδονίαν
3069 3922 3129 3959 τε
3161 3906 3342 3959 πᾶσαν
3364 3905 3457 3957 καὶ
3488 3904 3594 3967 ἓως
3614 3903 3727 3956 τῶν
3750 3902 3920 3973 ὁρίων
3939 3902 4027 3968 τῆς

775 4009 1035 4072 tbarum,
1092 4010 1294 4063 multas
1349 4007 1513 4061 urbes
1559 4006 1941 4070 instauraret,
1990 4005 2106 4075 ipse
2164 4006 2348 4060 omnia

771 4102 1012 4155 lustrans
1066 4117 1190 4155 eum
1240 4101 1574 4156 militaribus
1613 4087 1828 4169 copiis,
1877 4107 1939 4153 ut
1991 4106 2047 4152 et
2102 4097 2346 4152 hostium

774 4192 1117 4247 incursiones
1170 4195 1447 4248 averteret
1497 4201 1554 4245 et
1602 4191 2030 4245 instaurationes
2071 4188 2139 4242 ad
2184 4189 2347 4243 linem

772 4286 1062 4340 commode
1096 4285 1433 4354 perducendi
1476 4284 1789 4339 facultatem
1825 4290 2133 4352 praestaret.

2455 4000 2679 4056 Σκυθῶν
2701 4001 2803 4069 γῆς
2836 3999 3022 4063 πόλεις
3050 3998 3408 4061 ἀνενεώσατο,
3449 3997 3611 4059 αὐτὸς
3640 3994 3893 4048 ἐπελθὼν
3944 3996 4029 4045 σὺν

2457 4091 2807 4165 στρατιώτισι
2856 4093 2902 4126 ⁸⁸
2952 4087 3248 4160 φάλαγξιν,
3304 4090 3451 4151 ὅπως
3505 4089 3603 4151 τάς
3659 4104 3720 4139 τε
3767 4084 4027 4153 πολεμξωι

2456 4187 2683 4257 ἐφόδους
2709 4183 3032 4253 ὲκτρέποιτο
3051 4183 3149 4236 καὶ
3177 4185 3299 4242 ταῖς
3316 4183 3521 4236 τούτων
3552 4182 3879 4241 ἐπισκευαῖς
3905 4194 4021 4245 παρ

2455 4280 2571 4349 έχοι
2599 4279 2662 4333 τὸ
2687 4276 3069 4349 εὐπεράτωτον
3090 4275 3225 4347 (55).

2048 4373 2282 4428 ῪΑΒΙᾹΞ
2323 4370 2733 4428 LEC'I‘IONES.
2839 4374 2854 4386 '

831 4478 877 4507 “
910 4476 1131 4547 πολήσει
1158 4474 1220 4529 L.

1315 4478 1359 4508 ”
1390 4475 1845 4545 προεντυγχανειν
1875 4471 1935 4526 V.
2017 4471 2063 4502 ’δ
2093 4471 2421 4540 ἐγχρονίζων
2450 4468 2513 4524 L.
2575 4470 2621 4500 “
2651 4466 3020 4538 στρατιώτησι
3055 4463 3118 4517 L.
3166 4489 3191 4503 ο»

1892 4588 2138 4646 STEl'll.
2172 4587 2515 4644 UEllGl.ERl
2587 4584 2826 4642 NOTAE.

848 4689 960 4755 (9.3)
991 4687 1154 4744 Cont.
1185 4704 1237 4758 p.
1268 4687 1355 4741 ‘20.

846 4761 956 4859 (ἐξ)
988 4760 1149 4815 Cont.
1189 4757 1230 4814 Ι.
1262 4774 1335 4822 c.,
1364 4758 1513 4829 Sym.
1560 4758 1689 4829 [λος.
1716 4773 1771 4827 p.
1806 4758 1928 4822 403,
1955 4757 2156 4827 Georg.
2195 4770 2344 4811 mon.

794 4851 829 4884 ι.
862 4833 985 4883 SOI.

777 4851 829 4903 μ’
849 4851 985 4963 (ἐξ).
1006 4902 1243 4969 Χρόνους
1274 4916 1375 4970 pro
1410 4901 1589 4960 annis,
1621 4899 1770 4967 quod
1818 4896 2224 4970 inconsiderate
2251 4912 2350 4970 ne-

777 4984 866 5039 gat
900 4968 1446 5026 Ritterbusiusnotis
1467 4972 1532 5023 ad
1562 4971 1922 5040 Pythagoram
1950 4968 2145 5022 Malchi
2172 4984 2224 5035 p.

779 5038 1086 5098 llatnnsws.
1114 5042 1207 5097 Sic
1234 5041 1552 5096 Eustathius
1578 5038 1647 5093 de
1679 5038 1878 5094 Ismen.
1913 5040 2011 5091 lib.
2040 5055 2113 5103 vi,
2143 5054 2199 5107 p.
2228 5038 2346 5090 ΗΒ.

780 5113 915 5167 Vide
944 5123 1001 5167 et
1034 5122 1195 5167 notas
1238 5113 1303 5165 ad
1349 5113 1478 5166 Lex.
1515 5110 1612 5165 Gr.
1645 5109 1844 5165 Suidas
1879 5111 2054 5171 Γάϊος,
2089 5108 2226 5177 μετὰ
2256 5107 2350 5160 δύο

780 5184 1006 5252 χρόνους
1042 5184 1241 5245 ἐκστὰς
1281 5185 1377 5250 τῆς
1409 5182 1754 5250 ἀνθρωπίνης
1782 5181 2019 5252 φύσεως,
2042 5190 2152 5252 etc.
2175 5178 2351 5252 Otu-

779 5249 899 5309 ειυς
934 5261 1024 5307 aut
1057 5254 1266 5307 Bosuus.
1290 5249 1397 5307 sed
1429 5249 1546 5307 hate
1564 5252 1816 5321 protrita,
1849 5260 1906 5303 et
1937 5249 2075 5321 nihil
2104 5250 2311 5321 notius.

852 5323 964 5392 (26)
1002 5323 1183 5378 Saulis
1215 5319 1641 5391 exemplum—ut
1678 5321 1876 5376 Noster
1901 5320 2124 5392 quidem
2149 5391 2152 5392 ν
2176 5319 2348 5392 ponit,

780 5390 973 5462 parum
1006 5394 1116 5447 huc
1143 5390 1408 5462 quadrat;
1436 5393 1764 5462 explicatius
1789 5400 1845 5446 et
1882 5391 2066 5460 aptius
2106 5391 2158 5444 id
2197 5390 2354 5460 ponit

780 5466 981 5552 Georg.
997 5466 1311 5552 Intonaebus
1335 5464 1538 5545 init-io“

857 5530 967 5604 (Ξῖ)
997 5536 1183 5604 Inepta
1216 5535 1304 5590 hic
1341 5543 1398 5589 et
1431 5531 1816 5602 intempestiva
1843 5540 1963 5604 erat
2008 5530 2356 5604 parenthesis

783 5607 855 5685 de
868 5603 1105 5661 conditu
1131 5606 1397 5685 Byzantii,
1420 5614 1482 5660 ut
1488 5605 1624 5685 alia:
1652 5604 1839 5685 plures
1874 5603 1930 5657 in
1967 5603 2352 5685 sequentibus.

788 5676 1040 5731 Fortasse
1077 5692 1144 5730 ex
1173 5673 1441 5745 margine.
1481 5675 1619 5731 Cum
1655 5673 1878 5745 interim
1906 5689 2017 5728 non
2049 5674 2243 5729 aliena:
2270 5673 2355 5745 vi-

784 5748 1024 5801 deantur
1054 5743 1411 5817 abauctoris
1448 5747 1612 5817 hujus
1655 5744 1899 5817 ingenio.
1940 5745 2038 5800 Est
2083 5743 2355 5817 autemin

788 5820 891 5873 liae
910 5816 1262 5887 ambiguitas.
1282 5817 1415 5872 Nam
1432 5814 1611 5887 potuit
1633 5814 1815 5871 claudi
1838 5817 2004 5871 etiam
2027 5824 2151 5887 post
2180 5814 2351 5868 multi.

790 5890 964 5958 Atque
1008 5885 1109 5943 hoc
1166 5898 1323 5956 pacto
1378 5885 1733 5956 philosophos
1774 5888 1938 5943 etiam
1990 5896 2045 5942 et
2105 5885 2355 5942 rhetoras

2382 4689 2427 4744 ὓ
2453 4683 2854 4740 accersivisset.
2885 4679 3155 4735 Caeterum
3183 4678 3239 4731 in
3271 4677 3462 4731 Graeco
3488 4672 3687 4727 nullibi
3707 4679 3838 4727 sunt
3860 4673 4033 4742 posvit:

2645 4752 3063 4824 parentheseos.

2532 4820 2832 4897 (28)'90t"-
2868 4838 2923 4892 P-
2944 4820 3037 4897 ἓὲτ

2527 4890 2642 4959 (29)
2670 4893 2834 4949 Cedr.
2866 4890 2921 4962 β.
2950 4890 3075 4945 490.

2526 4965 2639 5032 (50)
2672 4964 2808 5018 Zon.
2844 4960 2895 5032 [ἱ.
2927 4962 3024 5016 151
3062 4962 3117 5015 in
3152 4960 3280 5023 ﬁne,
3318 4975 3437 5029 seq.

2528 5029 2640 5161 gl)
2676 5029 2899 5090 Planius
2914 5034 3031 5088 haec
3050 5033 3415 5088 Cotttinuator
3439 5029 3629 5086 Const.
3659 5029 3866 5097 Porph.
3889 5044 3942 5097 p.
3971 5029 4033 5083 19

2451 5118 2503 5164 ει
2528 5112 2619 5161 ‘20.

2520 5177 2634 5247 ('52)
2669 5177 2819 5247 Sym.
2847 5176 2981 5247 Log.
3014 5192 3067 5244 p.
3094 5172 3219 5247 ιρι.

2524 5244 2637 5321 (55)
2670 5244 2883 5321 ῌειΙΙοιιι
2918 5244 3024 5321 κᾷν
3054 5244 3284 5321 τούτων.

2668 5319 2832 5376 Cont.
2879 5332 2932 5386 p.
2967 5315 3051 5371 l9.
3082 5342 3155 5356 -—
3189 5314 3260 5366 Et
3297 5329 3373 5366 τι.
3422 5313 3499 5368 Ita
3546 5311 3843 5381 scriptum.
3893 5309 4039 5365 Puto

2455 5394 2535 5455 εἷς
2561 5408 2636 5444 τι.

2525 5450 2639 5532 (55)
2677 5460 2757 5532 Ita
2798 5458 3085 5532 scriptum.
3127 5454 3324 5532 ilosius
3371 5453 3748 5532 descripserat
3792 5450 4036 5520 εὐπερά-

2455 5523 2633 5586 τατονξ
2688 5530 2870 5594 Quare
2912 5523 3213 5583 Reinesius
3257 5524 3544 5580 annotavit
3591 5526 3645 5576 in
3692 5523 3817 5589 ejus
3858 5536 4035 5590 marg.

2457 5607 2563 5673 rp.
2604 5600 3002 5671 εὐπορώτατον.
3046 5594 3757 5673 ρυοςι-οιιιῐιηοοιιιι-αιίιιιη
3806 5607 4035 5671 sensum

2458 5662 2715 5745 praebeat
2736 5662 2931 5726 eorum
2979 5662 3103 5745 qua;
3153 5666 3319 5722 debet
3368 5665 3552 5745 dicere
3589 5662 4039 5745 auctoruutiet

2460 5733 2562 5799 ins.
2596 5744 2782 5805 lectio,
2809 5749 2973 5811 tanto
2999 5733 3164 5811 pejus
3193 5745 3298 5811 est,
3326 5735 3456 5811 quia
3494 5744 3704 5811 temere
3733 5742 3794 5787 et
3832 5733 4037 5810 frustra

2462 5816 2521 5870 tit
2551 5813 2799 5895 mutatio.
2836 5810 2982 5867 Nihil
3007 5804 3366 5865 'm'utanduml
3405 5806 3617 5863 Sensus
3651 5804 3856 5871 bonus,
3888 5815 3946 5859 ut
3985 5804 4038 5855 in

2462 5902 2527 5941 νε
2534 5900 2735 5941 1⁵810118.

2457 4758 2609 4826 signa
