4146 6436
132 397 276 464 1025

1467 401 1733 462 REGUM
1772 403 1918 461 LIB.
1968 403 2045 462 ΙΙ.

3248 408 3385 472 1026

194 510 304 566 ἾΙν
330 513 387 566 δὲ
420 512 499 583 τῷ
531 514 670 582 γένει
694 513 834 566 κατὰ
865 512 1126 580 συζυγίαν
1175 513 1233 579 ἐξ
1268 514 1568 582 ’Λσςυρίων
1604 516 1698 567 καὶ

1874 517 2003 571 Erat
2026 528 2207 572 autem
2239 519 2402 572 misto
2432 533 2632 587 genere
2654 534 2718 571 ex
2752 519 2988 590 Assyriis
3020 529 3073 575 et
3112 519 3387 577 Armeniis

135 606 439 676 Ἀρμενίων
465 607 727 676 ἁναφυεὶς
755 606 889 676 (56),
918 604 1025 658 τῶν
1059 605 1203 658 ἰδίων
1230 604 1341 672 (57)
1367 606 1708 675 γεννητόρων

122 695 614 760 ὲπεξαναστάντων
648 698 695 727 ³⁸
726 697 924 759 αὐτούς
955 713 1016 748 τε
1062 697 1580 765 μιαιφονησαμένων
1615 700 1710 750 καὶ

120 788 261 855 πρὸς
288 791 403 851 τοῖς
429 788 541 841 τῶν
591 788 898 858 Ἀρμενίων
930 788 1154 858 χωρίοις
1186 788 1297 858 (58)
1345 789 1488 841 κατὰ
1531 805 1709 857 φυγα-

120 878 271 931 δείαν
305 880 793 950 ἐνσκηνωσάντων,
833 880 948 949 (59)
1002 881 1226 932 κάκεῖσε
1283 880 1376 933 τὸν
1431 881 1711 950 ἀνήμερον

121 968 267 1038 θῆρα
318 974 497 1023 τεκεῖν
528 974 606 1004 ²⁷ο
672 971 732 1037 ἐξ
785 965 860 1025 ὢν
915 972 1230 1041 ὲτερογενές
1288 990 1342 1024 τι
1428 974 1711 1043 τεράστιον

121 1062 555 1133 κεχρημάτικεν.
592 1063 915 1132 Ἀρμενίους
934 1062 993 1116 δέ
1019 1078 1185 1133 φασιν
1223 1062 1282 1128 ἐξ
1312 1064 1574 1133 Ἀρμένου
1598 1063 1712 1134 (40)

121 1152 394 1222 κληθῆναι
427 1153 522 1206 τοῦ
553 1154 661 1207 ἀπὸ
711 1154 1003 1226 Ἀρμενίου
1055 1153 1267 1218 πόλεως
1296 1153 1620 1218 Θετταλίας,
1655 1155 1713 1217 ὃς

136 1245 335 1300 Ἰάσονι
363 1248 853 1318 συνεστράτευσεν.
902 1246 1297 1317 Ἐκεκρατήκει
1339 1246 1451 1317 (4|)
1483 1247 1540 1299 δὲ
1563 1248 1712 1299 Λέων

122 1338 223 1405 τῆς
250 1338 535 1408 βασιλείας
563 1339 605 1402 ζ’
634 1339 780 1392 ἔτεσι
808 1337 906 1391 κα)⁸
929 1338 1063 1409 μησὶ
1086 1344 1126 1391 ε’
1154 1337 1297 1393 κατὰ
1320 1337 1457 1392 Θεοῦ
1489 1339 1712 1407 ὑψίστου

122 1429 390 1499 ὲμμανῶς
419 1431 824 1503 αὑχησάμενος.

1811 619 1994 674 natus,
2029 610 2121 678 qui
2161 611 2214 665 iu
2246 614 2501 680 proprios
2533 619 2794 679 parentes
2819 612 3235 666 insurrexerunt
3260 628 3387 667 eos-

1811 720 1919 772 que
1951 704 2344 757 interfecerant
2375 714 2539 772 atque
2571 704 2623 756 in
2654 704 3040 757 Armeniorum
3080 704 3284 761 finibus
3327 706 3383 760 in

1810 796 2007 849 exsilio
2061 794 2465 857 habitaverunt,
2519 795 2612 850 ubi
2662 797 3082 851 immansuetam
3116 798 3259 853 hanc
3289 801 3387 856 be-

1812 886 1974 940 stiam
2003 893 2331 955 genuerunt.
2370 886 2477 955 29
2534 887 2825 941 Armenios
2876 898 3061 943 autem
3116 892 3272 946 aiunt
3320 893 3389 946 ab

1814 980 2054 1033 Aruleno
2113 979 2354 1047 quodam
2416 992 2617 1032 nomen
2685 981 2967 1050 accepisse
3012 997 3079 1035 ex
3130 982 3389 1039 Armenio

1812 1070 2107 1126 Thessaliae
2132 1072 2356 1141 oppido,
2393 1072 2487 1141 qui
2512 1072 2697 1127 Jasoni
2731 1074 2925 1130 luisset
2951 1090 3139 1130 comes
3168 1078 3391 1146 expedi—

1812 1162 2000 1217 tionis.
2052 1164 2254 1217 Tenuit
2298 1174 2481 1218 autem
2514 1164 2624 1219 Leo
2658 1165 2953 1234 imperium
2981 1177 3191 1237 septem
3234 1171 3393 1222 annis

1807 1260 1865 1305 et
1892 1252 2136 1319 quinque
2158 1254 2604 1323 tneusibus,erga
2632 1255 2800 1308 Deum
2830 1256 3155 1311 altissimum
3188 1257 3392 1312 furiose

1810 1343 2075 1396 insolens.

1415 1547 1649 1604 VAlllAﬂ
1690 1548 2092 1606 LECTIONES.

194 1664 241 1693 ³⁵
276 1661 753 1728 ἐπεξανιστάντων
779 1666 841 1720 L.
918 1667 962 1697 "
999 1667 1268 1720 τεκόντων
1297 1666 1356 1723 Β.

1282 1780 1529 1838 STEPII.
1566 1778 1909 1834 BERGLERI
1952 1777 2180 1833 ΝΟΤΛΞ.

185 1891 304 1963 ('56)
359 1892 631 1963 Loquitur
678 1893 865 1965 inepte
910 1904 967 1950 et
1011 1894 1354 1965 imperfecte.
1406 1893 1521 1965 lloc
1562 1892 1702 1965 vult,
1738 1900 1777 1954 Β
1811 1891 1881 1945 bo
1913 1892 2007 1965 lib.
2042 1909 2114 1945 xu.
2147 1892 2252 1947 Sed
2279 1892 2359 1965 ab
2390 1907 2457 1948 eo
2506 1895 2822 1950 Armeniam
2856 1898 3268 1955 denominatam
3303 1903 3389 1958 in-

119 1963 612 2043 heonisparentes
631 1963 985 2043 cum—essent
1017 1963 1219 2043 partim
1254 1963 1466 2036 Assyrii
1502 1963 1703 2033 partim

118 2034 395 2097 Armenii,
426 2051 556 2090 suos
584 2045 839 2105 parentes
866 2034 1229 2101 interfecisse,
1269 2034 1380 2090 etc.

188 2105 304 2168 (57)
337 2108 442 2171 Γρ.
475 2103 740 2174 ἀναφυεὶς
772 2107 893 2159 ἀντὶ
926 2105 1037 2159 τῶν
1076 2106 1218 2158 ἰδίων
1255 2108 1339 2160 vel
1371 2104 1463 2158 ἐπὶ
1492 2103 1601 2156 τῶν
1635 2104 1700 2158 ίδ.

115 2175 433 2230 Βιιιιεειυε.
466 2177 631 2230 Plane
657 2186 716 2231 et
756 2176 1158 2246 intempestivae
1189 2187 1246 2232 et
1284 2176 1484 2246 ineptas
1515 2176 1705 2246 conje-

110 2254 290 2303 ctura:
346 2246 402 2298 in
449 2246 572 2300 loco
618 2262 771 2301 sano.
809 2277 878 2287 —
916 2243 1079 2303 Cont.
1121 2246 1244 2302 init.
1278 2243 1456 2312 libit,
1501 2243 1701 2315 Georg.

114 2332 267 2369 mon.
299 2332 352 2384 p.
382 2315 506 2381 502,
534 2317 658 2371 505.

185 2384 307 2459 (ξε)
337 2387 416 2459 Ita
449 2387 739 2459 scriptum.
771 2387 983 2459 Mallem
1006 2388 1194 2459 ὁρίοις.

352 2457 503 2529 Sym.
536 2455 667 2529 Log.
702 2474 756 2528 p.
792 2458 922 2513 402.

188 2526 309 2597 (40)
335 2526 640 2582 Armenuni
685 2526 978 2598 quemdam
1022 2529 1157 2583 urbe
1206 2528 1485 2583 Thessalia
1509 2526 1700 2581 oriun-

112 2595 250 2651 dum
286 2595 414 2652 cum
443 2598 641 2653 Jasone
670 2595 738 2653 ad
773 2598 1007 2655 Colchos
1034 2601 1321 2670 navigasse
1349 2598 1516 2652 tradit
1544 2598 1697 2653 Stra-

1807 1961 2115 2042 cogitanter
2158 1964 2357 2017 scribit
2386 1974 2619 2042 auctor.
2662 1965 2756 2042 _lta
2796 1978 2975 2042 tamen
3023 1981 3077 2025 et
3112 1974 3225 2042 alii
3250 1989 3393 2042 quos

1809 2042 1940 2086 tunc
1969 2033 2215 2103 nendum
2246 2034 2425 2103 potuit
2451 2034 2747 2091 Reinesius
2784 2038 2991 2092 videre.
3021 2042 3172 2096 Mens
3201 2033 3385 2097 Ch'ru-

1804 2118 1962 2186 nogr.
1998 2101 2220 2186 Graecus
2249 2101 2366 2186 ms.
2395 2121 2567 2186 genus
2594 2106 2804 2186 _Leouis
2832 2112 3053 2163 Armeni
3096 2128 3123 2164 a
3156 2118 3392 2186 posteris

1804 2172 2045 2249 ﬁliorum
2081 2172 2474 2249 Sennacherio.
2514 2177 2625 2249 qui,
2647 2179 2977 2249 interempto
3009 2172 3166 2249 patre
3194 2183 3246 2237 in
3280 2194 3393 2239 ter-

1803 2259 1918 2295 ram
1958 2245 2154 2297 Ararat
2184 2245 2269 2298 vel
2304 2246 2359 2299 in
2418 2246 2715 2309 Har-mini.
2750 2248 2787 2302 i.
2818 2245 2954 2304 efin
2990 2245 3247 2307 montana
3287 2257 3388 2310 Mi-

1802 2313 2018 2390 nyadis,
2047 2314 2423 2385 profugerant,
2450 2320 2520 2390 de
2553 2317 2757 2390 quibus
2795 2320 2858 2374 IV
2891 2322 3025 2390 Reg.
3058 2338 3169 2385 xux,
3200 2325 3290 2379 37.
3323 2357 3393 2367 ~—

1800 2385 1953 2449 (Duze
1992 2394 2086 2438 aut
2135 2395 2246 2440 tres
2297 2402 2460 2441 voces
2493 2388 2708 2443 detrita:
2744 2390 2848 2460 legi
2901 2385 3226 2465 uei'pteunt)
3259 2396 3392 2450 Βει-

1798 2470 1918 2507 Νεε.

1845 2525 1985 2610 ’(41)
2015 2524 2091 2578 lta
2123 2527 2411 2610 scriptum.
2445 2528 2734 2610 Reinesius
2757 2540 2938 2588 tamen
2967 2551 3053 2602 rp.
3092 2536 3386 2608 ἐπικεκρα-

1798 2599 1979 2664 τὴκει,
2018 2604 2216 2665 praeter
2248 2599 2659 2654 necessitatem.

1271 2750 3348 2778 Μ

1400 2862 1819 2948 ΒΛΣΙΛΕῘ
1834 2864 1980 2949 QN
2057 2864 2169 2946 B'.

1156 3048 1311 3101 ΠΕΡΙ
1377 3050 1517 3102 ΤΟΥ
1579 3049 1662 3102 ΕΞ
1722 3048 2359 3103 ΑΜΟΡΙΟΥΜΙΧΛΗΔ.

1228 3297 1633 3384 REGUM
1720 3296 2067 3381 LIBER
2152 3295 2291 3380 Il.

1293 3493 1381 3548 DE
1402 3493 1754 3551 MlCllAELE
1781 3491 2184 3549 AMORIENSI.

198 3732 261 3787 Ὀ
294 3732 353 3785 δὲ
377 3730 597 3801 Μιχαὴλ
624 3731 681 3784 ὲν
709 3730 822 3784 ἔτει
859 3729 1031 3803 ,ς-τκθΙ
1084 3731 1217 3801 (42),
1272 3732 1568 3787 ἱνδικτιῶνι
1617 3732 1699 3796 ιδ’,
1730 3739 1771 3795 c.
1876 3731 1985 3801 30
2026 3730 2200 3785 Porro
2225 3727 2454 3782 Michael
2487 3741 2633 3781 anno
2658 3726 2849 3780 mundi
2888 3725 3066 3781 sexies
3101 3727 3395 3783 millesimo

113 3823 253 3895 παρ’
271 3821 470 3876 ἐλπίδα
494 3821 609 3892 (4'5)
636 3821 696 3886 ἐξ
725 3824 949 3892 εἱρκτῆς
977 3821 1335 3891 αὐτοκράτωρ
1367 3823 1433 3893 (ὦ
1456 3824 1551 3875 τοῦ
1577 3824 1706 3875 Θαύ-

113 3916 323 3983 ματοςε
344 3915 363 3983 )
394 3913 755 3985 ἁνηγόρευτο,
775 3913 853 3984 τῷ
879 3931 935 3967 τε
957 3914 1223 3984 βασιλικῷ
1255 3914 1429 3985 θρόνῳ
1447 3915 1703 3985 καθίδρυ-

108 4024 204 4059 ται
223 4006 310 4059 ἐτι
325 4008 447 4070 ταῖς
465 4005 850 4077 σιδηροπέδαις
868 4007 1164 4077 ὲπιδεσμού
1174 4024 1332 4077 μενος
1346 4024 1360 4039 '
1381 4000 1426 4075 ᾧ
1450 4010 1704 4078 προσίασι

109 4099 324 4162 πάντες
353 4099 403 4152 οἱ
433 4098 745 4167 ἐντυχόντες
773 4098 912 4169 (44),
942 4098 1118 4151 καὶτὸ
1142 4099 1307 4162 σέϐας
1330 4102 1706 4170 προσκυνητὸν

110 4192 519 4263 ἀπονέμουσιν.
576 4191 911 4263 Παμπόλλης
963 4187 1056 4246 οὖν
1106 4191 1255 4257 ὦρας
1285 4194 1702 4264 παρῳχηκυίας,

111 4288 213 4338 καὶ
271 4287 374 4354 τῆς
426 4284 637 4347 κλειδὸς
679 4282 926 4355 ἀπούσης
961 4283 1035 4355 μὴ
1101 4287 1307 4338 τούτων
1362 4285 1706 4351 ἁνεπτυγμέ-

110 4395 246 4439 νων,
304 4376 563 4446 Ἰωάννης
584 4377 611 4428 ό
629 4376 693 4427 ὲκ
710 4375 902 4441 γένους
949 4375 1309 4442 Ἐξαϐουλίων
1335 4378 1427 4428 καὶ
1442 4375 1535 4429 τοῦ
1584 4376 1707 4447 δρό-

114 4486 224 4537 μου
248 4468 365 4538 (45)
397 4468 524 4530 τοὺς
551 4467 745 4535 λόγους
771 4467 1077 4536 τηνικαῦτα
1124 4468 1294 4531 τιθεὶς
1318 4471 1432 4532 τοῖς
1471 4469 1705 4538 παροῦσι

107 4559 328 4629 ταύτην
375 4558 765 4629 ὲμυστολέκτει
818 4560 1209 4629 τεταμιεῦσθαι
1253 4560 1528 4632 ἐσθῆτιτῇ
1560 4561 1704 4613 ἐνδο-

109 4652 271 4704 τάτω
320 4649 417 4703 τοῦ
474 4651 859 4718 φονευθέντος,
913 4651 982 4704 δι’
1020 4646 1086 4722 ἧς
1120 4651 1175 4703 al
1234 4651 1389 4705 πέδαι
1448 4653 1705 4706 ἀποδεδέ-

112 4760 388 4813 σμηνται.
449 4741 718 4814 Ἑϐδόμης
769 4743 827 4798 δὲ
873 4742 1025 4815 ὥρας
1078 4744 1422 4814 δια-τελούσης
1445 4746 1633 4799 ἄπεισι
1660 4748 1704 4778 ³⁸

111 4835 347 4907 Μιχαὴλ
376 4835 631 4905 βασιλεὺς
655 4834 733 4905 τῷ
765 4836 1007 4907 μεγίστῳ
1037 4838 1149 4910 ναῷ
1184 4837 1294 4908 (46)
1332 4839 1427 4891 σὺν
1456 4838 1573 4909 ἅμα
1593 4843 1705 4903 τοῖς

107 4930 410 5002 δεδρακόσι
433 4928 496 4981 τὸ
518 4928 794 4998 τόλμημα,
808 4928 907 4999 τῆς
928 4929 1078 4992 Θείας
1098 4930 1452 5000 τελεταρχίας
1468 4931 1704 5000 ἀξιωθῆο

1813 3823 2203 3877 trecentesimo
2258 3820 2523 3875 vicesimo
2584 3833 2753 3883 nono,
2815 3818 3116 3872 indictione
3179 3817 3394 3874 decima

1810 3924 2024 3986 quarta,
2058 3928 2259 3984 prazter
2289 3930 2445 3983 spem
2474 3928 2542 3967 ex
2582 3926 2805 3967 carcere
2855 3911 3156 3981 imperator
3195 3918 3251 3978 (ο
3278 3927 3392 3965 rem

1810 4008 2139 4076 mirandam)
2186 4008 2496 4077 appellatur
2521 4013 2577 4060 et
2617 4005 2673 4059 in
2722 4003 3080 4073 imperatorio
3111 4004 3252 4058 solio
3284 4006 3394 4057 eol-

1811 4100 2024 4153 locatur
2074 4100 2258 4153 adhuc
2306 4097 2668 4167 compedibus
2702 4097 2943 4151 vinctus.
2985 4095 3065 4149 Ad
3102 4111 3266 4165 quem
3302 4112 3393 4150 ac-

1813 4194 2021 4248 cedunt
2060 4208 2253 4247 omnes
2283 4192 2377 4261 qui
2402 4190 2633 4245 aderant
2658 4198 2715 4244 et
2753 4188 3098 4244 adorationis
3125 4188 3391 4241 honorem

1809 4285 2088 4340 deferunt.
2148 4284 2317 4338 Multo
2371 4292 2557 4337 autem
2609 4280 2787 4351 spatio
2836 4281 3024 4349 elapso
3054 4296 3180 4334 cum
3222 4281 3393 4333 clavis

1809 4394 1916 4432 non
2000 4377 2218 4431 adesset
2291 4384 2347 4430 et
2404 4373 2702 4445 compedes
2762 4388 2873 4426 non
2942 4379 3130 4426 essent
3175 4371 3390 4426 solutus.

1808 4471 2089 4526 Johannes
2141 4469 2209 4523 de
2274 4467 2527 4537 prosapia
2582 4464 3012 4529 Exabuliorum,
3066 4472 3198 4516 tunc
3252 4471 3391 4516 tem-

1810 4564 1961 4634 poris
2017 4577 2217 4618 cursus
2280 4560 2490 4631 publici
2549 4558 2867 4628 logotheta,
2924 4556 2992 4611 iis
3031 4556 3126 4625 qui
3164 4556 3393 4609 aderant

1809 4656 2075 4712 revelavit
2129 4670 2250 4709 eam
2295 4653 2563 4707 asservari
2625 4653 2679 4705 in
2749 4653 2941 4705 intima
3000 4658 3153 4705 veste
3220 4650 3389 4703 inter-

1808 4750 1974 4806 lecti:
2032 4764 2138 4819 qua
2188 4747 2482 4816 compedes
2539 4745 2730 4799 laxata:
2783 4753 2931 4799 sunt.
3019 4742 3156 4798 Cum
3207 4752 3393 4795 autem

1810 4846 2042 4915 septima
2112 4851 2260 4897 esset
2346 4843 2480 4895 hora
2523 4883 2537 4904 ,
2624 4841 2738 4894 abit
2824 4837 3053 4893 Michael
3121 4838 3177 4891 in
3253 4846 3393 4889 tem-

1810 4937 1961 5008 plum
2072 4936 2370 4989 maximum
2474 4948 2597 4987 cum
2700 4930 3079 5001 patratoribus
3179 4928 3390 4983 facino-

110 5039 232 5083 ναι,
268 5020 395 5091 μηδ’
425 5020 563 5083 ὅλως
601 5021 738 5091 μήτε
766 5020 844 5089 τῷ
875 5020 1032 5092 δήμῳ
1059 5022 1420 5093 δειματωθεὶς
1454 5026 1592 5094 μήτε
1624 5026 1703 5096 τῷ
1740 5086 1778 5099 ἢ
1815 5029 1889 5082 ris
1911 5028 2013 5099 31
2052 5039 2111 5080 ut
2147 5027 2389 5080 divinant
2412 5025 2888 5095 iuaugurationcm
2913 5022 3205 5092 acciperet.
3233 5020 3393 5090 plane

115 5116 351 5183 δείματι
381 5114 476 5166 τοῦ
502 5113 639 5167 Θεοῦ
672 5114 1134 5185 κατερυθριὰσας,
1169 5115 1285 5186 (47)
1321 5116 1458 5170 ἀλλὰ
1504 5116 1705 5189 τεθαρ-

116 5206 315 5277 ρηκὼς
346 5206 583 5276 μάλιστα
610 5208 705 5261 ἐπί
734 5224 793 5260 τε
825 5210 939 5271 τοίς
974 5209 1180 5272 λοιποῖς
1209 5210 1590 5279 συναντήμασι
1611 5214 1705 5265 καὶ

1815 5138 1917 5177 nec
1970 5120 2156 5190 populi
2202 5130 2350 5174 metu
2396 5133 2498 5171 nec
2534 5118 2728 5172 timore
2768 5116 2863 5171 Dei
2916 5114 3266 5176 absterritus,
3298 5112 3393 5165 sed

1813 5214 2098 5270 conlidens
2143 5228 2307 5283 quam
2380 5209 2613 5262 maxime
2668 5223 2794 5262 cum
2836 5207 2956 5261 aliis
3000 5206 3291 5261 eventibus
3332 5219 3394 5257 ac

1379 5347 1608 5403 VARIIE
1652 5348 2062 5407 LECTIONES.

196 5439 242 5471 ³⁸
278 5438 436 5495 dum
465 5439 527 5497 L.

1294 5528 1536 5585 STEPll.
1574 5529 1920 5588 BERGIERI

348 5646 667 5737 §ymanog.
700 5663 757 5719 p.
791 5650 895 5705 “3
922 5648 1092 5705 habet
1118 5648 1293 5717 ,ςτιδ’,
1326 5650 1525 5719 Georg.
1556 5662 1706 5708 mon.

129 5719 319 5783 ςτις’,
398 5758 411 5773 .
444 5719 571 5775 510.
626 5719 635 5720 ί

348 5734 571 5872 ξοριίρ.
591 5791 697 5872 lib.
730 5807 767 5846 tt
804 5792 952 5852 init..
973 5791 1138 5872 Cedr.
1182 5808 1236 5862 p.
1262 5793 1388 5850 495.

205 5859 317 5931 (44)
348 5860 549 5917 Debuit
573 5862 757 5919 dicere
785 5859 1210 5936 παρατυχόντες.

1983 5532 2212 5590 NOTAE.

1883 5651 1995 5794 (45)
2024 5651 2064 5707 Ι.
2101 5667 2150 5708 e.
2179 5652 2269 5722 qui
2299 5661 2419 5707 erat
2443 5652 2733 5720 λογοθέτης
2759 5652 2853 5706 τοῦ
2882 5653 3106 5724 δρόμου.

1906 5724 1994 5790 46)
2034 5723 2192 5778 Cont.
2228 5741 2278 5791 p.
2312 5724 2401 5787 Q7,
2432 5724 2596 5779 Cedr.
2629 5740 2681 5793 p.
2710 5725 2815 5779 495
2856 5726 2909 5779 in
2958 5726 3085 5789 line,

1906 5724 1994 5790 46)
2034 5721 2278 5795 Ευιιιίρ.
2312 5724 2401 5787 27,
2432 5724 2596 5779 Cedr.
2629 5740 2681 5793 p.
2710 5725 2815 5779 495
2856 5721 2923 5779 in'
2958 5726 3085 5789 line,
3114 5724 3248 5795 πρὸς
3298 5721 3389 5777 τὸν

1818 5795 1992 5865 μέγαν
2024 5796 2121 5861 τῆς
2154 5794 2336 5858 Ἀγίας
2368 5797 2563 5863 Σοψίας
2595 5796 2743 5848 ναόν.

1889 5865 2000 5936 (47)
2034 5866 2194 5919 Cont.
2235 5880 2288 5934 p.
2324 5867 2414 5932 5t),
2452 5866 2613 5919 Cedr.
2639 5867 2672 5920 Ι.
2704 5882 2752 5920 c.
