4146 6436
128 426 265 489 1029

1463 423 1731 484 REGUM
1778 424 1918 482 LIB.
1966 423 2048 483 ΙΙ.

3265 420 3403 488 1030

125 538 344 611 Μιχαὴλ
368 536 650 609 ἐγκρατῶς
690 533 1020 605 διατίθησιν.
1068 535 1179 605 (05)
1209 535 1394 598 Οὐδεὶς
1415 535 1468 587 δὲ
1496 536 1604 588 τῶν
1652 535 1706 600 ἐξ

1814 534 2232 604 relinquebatur
2257 548 2434 603 neque
2464 548 2530 586 ex
2560 532 3026 595 Occidentalibus,
3068 547 3173 586 non
3202 547 3270 586 ex
3303 535 3396 585 ad-

137 630 433 698 Ἀνατολῆς
456 627 805 699 ὡρμημένων
826 626 1255 696 ἀπελιμπάνετο,
1269 628 1389 680 οὐδὲ
1402 629 1498 697 τῆς
1515 628 1706 681 Ἐσπε-

127 741 227 790 ρας
258 723 453 792 αὐτῆς,
484 721 545 772 οὐ
574 721 683 773 τῶν
717 720 774 786 ἐξ
806 719 980 773 ἐθνῶν
1025 719 1333 788 ἐπηλύδων,
1399 721 1499 774 οὐκ
1545 722 1705 774 αύτο-

126 812 355 881 χθὸνων,
411 812 474 863 οὐ
541 808 947 877 γειτονούντων,
989 810 1048 863 οὐ
1079 809 1177 878 τῆς
1210 809 1467 877 δουλικῆς
1515 810 1707 878 μοίρας

124 907 248 955 ὅσον
282 902 328 933 ⁸⁵
353 903 536 971 παρῆν
564 900 980 969 μισοδέσποτον,
1025 900 1120 969 οὐχ
1176 900 1487 970 ὁλοκλήρων
1511 900 1705 962 ἐθνῶν,

123 996 265 1048 κο.τά
304 994 595 1066 διαφόρους
623 994 851 1061 καιροὺς
878 992 927 1045 οἳ
964 993 1063 1044 οὐκ
1110 992 1261 1061 αὐτῷ
1284 992 1706 1062 προσερρύησαν

125 1090 218 1139 καὶ
253 1085 595 1150 συνείποντο,
627 1085 678 1137 οί
710 1084 809 1154 μὲν
834 1084 977 1138 κατά
1003 1084 1128 1153 γῆν,
1157 1084 1205 1135 οἱ
1231 1083 1287 1137 δὲ
1311 1084 1452 1135 κατὰ
1504 1083 1706 1136 θάλασ-

126 1194 243 1238 σαν,
288 1177 397 1245 νέῳ
438 1175 613 1245 Ξέρξῃ
668 1177 773 1227 κάν
826 1174 1148 1243 ὁμοπίστοις
1201 1174 1568 1243 ἀναφανέντι,
1632 1175 1705 1235 ὡς

124 1267 381 1322 ἐντεῦθεν
410 1267 504 1321 καὶ
533 1266 713 1320 πάντα
746 1265 815 1319 τὰ
847 1265 1063 1336 θέματα
1112 1266 1211 1320 σὺν
1235 1268 1348 1326 τοῖς
1378 1270 1706 1337 στρατηγ-πίς

124 1358 449 1411 σπένδεσθαι
479 1358 655 1426 τούτῳ
686 1356 1020 1422 συνέϐαινεν,
1051 1357 1164 1428 (64)
1202 1356 1482 1410 Ὀλϐιανοῦ
1520 1359 1704 1426 μόνου,

123 1451 213 1504 τοῦ
250 1451 366 1503 τῶν
400 1450 778 1520 ’Δρμενιακῶν
809 1449 1269 1521 στρατηγοῦντος,
1295 1449 1522 1513 τούτους
1553 1467 1617 1501 πε
1629 1467 1708 1520 ρι-

123 1545 294 1604 νοὶαις
349 1542 659 1603 ἐπιπειθεῑς
718 1540 975 1609 ἄγοντος,
1030 1543 1125 1596 καὶ
1185 1542 1487 1597 Κατάκυλα
1514 1544 1558 1575 ³⁸
1614 1542 1707 1595 τοῦ

135 1633 379 1701 Ὀῴικίου
411 1632 488 1702 τῷ
525 1633 735 1701 βασιλεῖ
760 1633 980 1702 Μιχαὴλ
1008 1651 1070 1701 γε
1108 1637 1550 1705 προσκειμένων,
1600 1638 1707 1688 Καὶ

122 1726 379 1778 τοσοῦτον
409 1725 848 1788 ἐτ.ολυπλασίαζε
888 1725 949 1778 τὸ
984 1727 1189 1795 πλῆθος
1232 1729 1370 1781 κατά
1419 1729 1528 1781 τῶν
1582 1732 1708 1799 ὀμο-

123 1818 330 1887 φᾶλων,
384 1817 524 1870 ὥστε
556 1818 665 1887 (ϋῦ)
718 1818 812 1869 καὶ
844 1818 971 1878 τοὺς
1016 1818 1368 1888 Σαρακηνοὺς
1418 1821 1503 1872 ἐπ’
1522 1820 1706 1886 ἀδείας

123 1910 388 1963 λαϐέσθαι
424 1910 519 1962 καὶ
556 1909 735 1971 πάσας
770 1909 966 1979 νήσους
1003 1911 1097 1962 καὶ
1150 1909 1334 1980 χώρας
1378 1913 1703 1978 καταληῖζε-

124 2000 271 2062 σθαι,
315 2000 409 2051 καὶ
468 1997 716 2065 καθέξειν
753 2000 889 2061 ὅλως
940 1998 1135 2063 αὑτὰς,
1176 2000 1224 2051 εί
1256 2000 1331 2071 μὴ
1354 2000 1400 2030 ³⁸
1428 2000 1540 2069 (06)
1572 2002 1708 2070 μετὰ

122 2092 302 2144 ταῦτα
327 2091 541 2152 τούτοις
568 2091 656 2143 διὰ
698 2090 898 2159 πολλῆς
928 2091 1118 2160 φήμης
1174 2091 1647 2159 ἀνανταγώνιστος
1681 2096 1706 2146 ὁ

122 2184 330 2252 θωμᾶς
378 2181 697 2234 ἀνεδέδεχτο
729 2182 795 2233 ⁸⁷.
829 2182 907 2232 Δι’
946 2180 974 2232 ὃ
1025 2182 1119 2234 καὶ
1148 2184 1405 2252 πειρᾶται
1436 2184 1572 2253 πρὸς
1608 2184 1704 2237 αύο

119 2277 248 2337 τοὺς
305 2272 710 2344 κηρυκεύεσθαι
750 2273 938 2343 τρόπῳ
991 2272 1204 2344 τοιῷδε,
1243 2274 1353 2345 (67)
1379 2275 1707 2345 πανούργως

123 2366 446 2428 ἐνδελεέωας
489 2366 626 2436 ὅπερ
683 2366 869 2428 αὐτοῖς
951 2362 1212 2435 βουλητὸν
1273 2368 1598 2435 ἠσμενίζετο
1641 2371 1704 2439 τῇ

121 2460 338 2512 ἐκείνου
368 2458 693 2528 παμπληθεῖ
720 2460 952 2529 δυνάμει
986 2460 1438 2529 καταπλαγεῖσιν.
1464 2462 1707 2532 Διαπέμ-

122 2568 287 2603 πεται
303 2550 396 2603 οὖν
417 2551 555 2621 πρὸς
575 2551 774 2613 αὐτοὺς
801 2551 1025 2622 εἰρήνην
1047 2552 1509 2623 ἀνακαλούμενος,
1528 2554 1708 2625 πολλῷ

121 2643 175 2693 δὲ
210 2643 415 2712 μᾶλλον
448 2643 821 2712 συνασπισμὸν
857 2642 993 2713 (68),
1021 2647 1120 2713 τῆς
1166 2643 1455 2715 βασιλικῆς
1491 2646 1709 2709 ἀνθέξε-

124 2735 248 2787 σθαι
312 2734 714 2797 ἀποπτῶσεως.
763 2736 1008 2788 Ποιεῖται
1058 2738 1239 2789 τοίνυν
1295 2738 1527 2802 σπονδὰς
1590 2739 1707 2809 μετ’

134 2826 481 2896 ’Δγαρηνῶν,
542 2825 748 2894 εἰδήσει
785 2826 878 2879 τοῦ
939 2826 1119 2879 αὐτῶν
1174 2828 1444 2899 ἀρχηγοῦ,
1497 2832 1705 2883 ἀναδεῖ-

122 2935 211 2969 ται
238 2915 355 2986 (69)
380 2918 572 2985 στέφος
608 2918 879 2987 βασίλειον
933 2921 1083 2989 παρὰ
1118 2921 1214 2972 τοῦ
1240 2921 1542 2992 ἀρχιερέως
1587 2924 1709 2974 Ἀν-

122 3010 363 3078 τιοχείας
431 3008 575 3073 Ἰὼϐ,
638 3005 757 3063 εἶτα
813 3010 930 3079 μετ’
982 3011 1300 3083 Ἀγαρηνῶν
1328 3013 1468 3082 (70),
1515 3014 1705 3077 Ἰνδῶν,

121 3101 460 3167 Αἰγυπτίων,
497 3100 816 3170 Ἀσσυρίων,
854 3103 1072 3170 Μήδων,
1144 3102 1433 3165 Ἀϐασίων,
1482 3105 1702 3175 Ζηχῶν,

1810 628 1967 682 venis
2015 626 2329 695 quisquam,
2374 641 2481 679 non
2519 641 2585 679 ex
2615 624 2906 693 indigenis,
2944 640 3054 677 non
3079 640 3146 678 ex
3181 625 3396 687 vicinis,

1810 734 1921 772 non
1968 734 2035 772 ex
2085 718 2151 772 iis
2189 717 2282 786 qui
2329 718 2549 772 servilis
2592 714 2950 777 conditionis,
2985 715 3030 768 si
3082 714 3175 786 qui
3222 728 3407 770 essent

1809 811 2049 865 dominis
2087 810 2311 874 infensi,
2353 810 2485 879 quin
2516 808 2754 863 diversis
2798 805 3143 876 temporibus
3177 808 3242 861 ad
3276 824 3402 862 eum

1810 902 2156 957 confluerent
2210 916 2449 970 eumque
2511 909 2879 970 sequerentur
2926 907 3070 953 terra
3134 902 3400 968 marique,

1811 1011 2013 1048 novum
2063 995 2297 1048 Xerxem
2334 994 2476 1046 inter
2517 1008 2648 1046 suos
2678 992 2968 1055 habitum;
3007 1001 3067 1044 ut
3112 1002 3401 1060 propterea

1811 1089 1997 1142 omnia
2043 1089 2286 1142 themata
2341 1094 2396 1140 et
2447 1099 2641 1139 eorum
2688 1086 2857 1139 duces
2887 1100 3013 1139 cum
3063 1099 3130 1138 co
3158 1084 3404 1153 pacisce—

1811 1193 2026 1246 rentur,
2064 1181 2299 1236 Olbiano
2355 1181 2493 1243 solo,
2530 1181 2623 1250 qui
2676 1190 2795 1233 erat
2837 1178 3221 1232 Armeniorum
3271 1178 3402 1243 dua,

1812 1276 1898 1328 his
1922 1289 2020 1328 sua
2073 1274 2180 1345 33
2223 1274 2446 1327 solertia
2480 1272 2767 1341 morigeris
2797 1278 3007 1332 utente,
3034 1282 3137 1324 nec
3166 1285 3274 1323 non
3306 1268 3408 1324 Ca-

1813 1368 1986 1435 tacyla
2025 1364 2230 1434 Opsicii
2266 1364 2523 1432 prtefecto
2561 1364 2695 1427 snis,
2733 1370 2791 1416 ut
2819 1378 2942 1417 cum
2991 1360 3255 1415 Michaele
3298 1361 3403 1415 im-

1810 1464 2064 1524 peratore
2120 1462 2426 1508 manerent.
2458 1454 2534 1506 Ac
2563 1461 2712 1507 tanta
2752 1453 3090 1506 incrementa
3116 1451 3265 1519 capit
3307 1467 3403 1521 ap-

1810 1558 2033 1616 paratus
2078 1546 2208 1601 belli
2252 1547 2452 1605 civilis.
2506 1555 2565 1598 ut
2614 1543 2786 1599 etiam
2830 1543 3086 1598 Saraceni
3141 1543 3406 1597 auderent

1813 1638 2019 1694 insulas
2051 1653 2243 1693 omnes
2289 1647 2346 1691 et
2393 1638 2650 1706 regiones
2700 1636 2953 1706 populari
3006 1645 3063 1688 et
3110 1649 3403 1704 occupare,

1811 1742 1866 1787 et
1892 1734 2119 1787 omnino
2146 1747 2239 1786 eas
2264 1730 2508 1785 habituri
2532 1729 2783 1793 fuissent,
2814 1729 2917 1783 nisi
2946 1737 3134 1798 postea
3159 1726 3402 1781 Thomas

1814 1825 1903 1879 his
1974 1833 2204 1895 propter
2256 1839 2507 1893 magnam
2568 1821 2767 1876 famam
2815 1823 2991 1892 major
3053 1821 3204 1875 visus
3257 1826 3405 1873 esstt

1808 1934 1972 1988 quam
2008 1927 2067 1971 ut
2092 1922 2141 1971 ei
2180 1934 2239 1971 se
2292 1931 2575 1985 opponere
2619 1923 2864 1984 possent.
2898 1913 3058 1979 Quod
3108 1914 3223 1983 ipse
3278 1928 3405 1966 sen-

1809 2010 1952 2062 tiens
1996 2018 2229 2063 conatur
2262 2024 2385 2061 cum
2422 2008 2503 2062 eis
2526 2023 2626 2076 per
2652 2008 2858 2077 legatos
2884 2022 3071 2079 agere,
3111 2007 3203 2060 tali
3237 2006 3401 2060 modo

1808 2112 1989 2157 astute
2024 2119 2122 2157 eos
2152 2103 2407 2157 inescans
2438 2111 2498 2157 ut
2530 2109 2865 2171 preponeret
2895 2099 3041 2170 quod
3072 2099 3173 2169 ipsi
3202 2101 3405 2153 vellent

1807 2203 1861 2248 et
1919 2203 2206 2264 cuperent,
2265 2193 2583 2263 ingentibus
2642 2193 2763 2262 ejus
2821 2191 2997 2260 copiis
3049 2201 3104 2246 et
3161 2188 3406 2260 potentia

1807 2286 2169 2341 consternati.
2214 2285 2379 2340 Mittit
2432 2286 2601 2356 igitur
2651 2284 2718 2338 ad
2773 2299 2873 2339 eos
2918 2300 3111 2353 pacem
3174 2291 3401 2352 petens-

1810 2376 1977 2429 immo
2001 2377 2187 2445 potius
2208 2376 2552 2435 societatem,
2587 2385 2646 2429 ut
2673 2374 3075 2427 auxiliarentur
3107 2373 3407 2427 rebellibus

1810 2468 2180 2538 imperatoris.
2218 2468 2410 2536 Itaque
2439 2466 2618 2523 fmdus
2650 2467 2801 2535 pacis
2832 2467 2935 2520 init
2964 2482 3089 2520 cum
3118 2466 3402 2535 Agarenis’

1808 2561 2018 2616 sciente
2043 2560 2183 2615 duce
2216 2561 2461 2622 illorum,
2486 2569 2787 2615 coronatur
2811 2576 2839 2613 a
2865 2560 3184 2629 patriarcha
3217 2560 3408 2613 Antio-

1810 2651 1948 2706 Chiae
1977 2651 2139 2714 Jobo,
2175 2651 2374 2706 deinde
2400 2666 2525 2705 cum
2572 2650 2840 2719 Agarenis
2866 2691 2878 2708 .
2910 2649 3078 2711 Indis,
3110 2649 3402 2720 Egyptiis,

1811 2744 2072 2816 Assyriis,
2112 2743 2307 2807 Medis,
2355 2743 2607 2805 Abasiis,
2644 2742 2874 2805 Zechis,
2917 2740 3122 2804 lberis,
3168 2740 3403 2801 Cabiris,

1812 2838 2042 2902 Sclavis,
2078 2835 2310 2900 llunnis,
2344 2835 2624 2899 Vandalis,
2659 2834 2834 2895 Getis,
2866 2848 2918 2889 et
2957 2834 3217 2887 omnibus
3243 2842 3406 2903 quot-

1809 2942 1947 3002 quot
1971 2931 2039 2985 de
2094 2929 2367 2985 Manentis
2407 2928 2775 2983 abominabili
2832 2936 2979 2983 secta
3020 2934 3198 2991 erant,
3250 2926 3407 2980 Lazis

1813 3021 1943 3075 item
1985 3028 2041 3073 et
2068 3019 2277 3081 Alanis.
2314 3033 2417 3073 nec
2439 3034 2548 3072 non
2580 3016 2806 3072 Chaldis
2831 3026 2888 3072 et
2927 3016 3225 3081 Armeniis,
3252 3016 3402 3071 aliis~

1811 3125 1918 3180 que
1947 3108 2131 3162 omnis
2152 3108 2375 3177 generis
2399 3108 2736 3170 nationibus,
2762 3108 3062 3161 multarum
3094 3107 3403 3176 linguarum

136 3193 390 3262 Ἰϐήρων,
437 3192 727 3261 Καϐείρων
744 3194 805 3255 ³⁸,
835 3193 1113 3259 Σκλὰΰωιο,
1143 3194 1380 3259 Οὖννων,
1406 3198 1706 3267 Βανδήλων¹

1813 3203 2056 3257 exercitu
2088 3202 2343 3263 collecto,
2387 3217 2607 3254 onmem
2643 3199 2923 3254 Orientem
2965 3198 3020 3252 in
3059 3212 3212 3250 suam
3253 3209 3409 3265 pote-

122 3286 331 3348 Γετῶν,
366 3286 460 3337 καὶ
517 3286 634 3337 ὅσοι
662 3286 758 3354 τῆς
797 3286 1077 3350 Μάνεντος
1117 3288 1403 3359 βδελυρίας
1432 3294 1705 3361 μετεῖχον,

121 3378 322 3441 Λαζῶν
350 3393 410 3429 τε
430 3377 526 3429 καὶ
543 3377 805 3443 Ἀλανῶν,
836 3378 1060 3432 Χὰλδων
1077 3396 1134 3433 τε
1159 3381 1253 3433 καὶ
1270 3382 1592 3452 Ἀρμενίων,
1614 3385 1709 3437 καὶ

122 3470 335 3540 ἐτέρων
379 3468 650 3522 παντοίων
704 3469 873 3523 ἐθνῶν
926 3471 1365 3545 πολυθρύλλητον
1426 3492 1708 3545 πανστρα-

122 3563 244 3613 τιᾶν
324 3560 958 3629 στρατοπεδευσάμενος,
1008 3563 1224 3633 ἀπάσης
1268 3568 1366 3634 τῆς
1424 3566 1708 3635 ’Λνατολῆς

124 3655 483 3723 ἐκυρίευσεν,
514 3653 628 3723 (71)
663 3654 974 3707 τελευταῖον
1002 3657 1191 3726 μέρεσι
1237 3660 1348 3721 τοῖς
1384 3660 1525 3712 κατά
1566 3660 1710 3731 Θρᾴο

121 3765 225 3811 κην
284 3744 751 3816 προσεμπελάσας
808 3746 922 3815 (72)
968 3745 1243 3799 ἐλεπολεῖν
1310 3750 1368 3801 τὸ
1413 3750 1709 3813 Βυζάντιον

122 3837 450 3901 ἐκϐιάζεται
501 3835 760 3888 ἱππεῦσιν
809 3836 1060 3900 εύόπλοις
1106 3840 1198 3890 καὶ
1261 3841 1708 3910 πετροϐολισταῖς

119 3927 235 3986 τοῖς
269 3922 378 3976 ὑπὸ
404 3924 448 3955 ³⁸
475 3926 633 3994 χεῖρα
672 3923 784 3993 (75)
822 3922 1031 3988 πεζοῖς,
1072 3925 1186 3993 (74)
1242 3926 1322 3979 ἔτι
1354 3930 1447 3981 καὶ
1482 3931 1705 3998 σφενδο-

119 4017 339 4078 νισταῖς
373 4031 437 4084 γε
474 4016 569 4067 καὶ
597 4012 927 4077 πελτασταῖς
956 4016 1219 4086 ἀμέτροις
1243 4019 1705 4091 ἐπιρωννύμενος,

120 4106 360 4176 προσέτι
389 4106 497 4177 μὴν
529 4106 625 4158 καὶ
653 4105 1092 4177 πολιορκητικοῇ
1125 4108 1227 4161 οὐκ
1267 4110 1473 4178 ὀλίγοις
1525 4116 1709 4183 τεχνα-

121 4216 301 4269 σμασι
355 4200 785 4269 κρατυνόμενος.
846 4198 983 4252 Μεθ’
1010 4192 1086 4253 ὧν
1139 4200 1398 4265 πολλάκις
1420 4206 1534 4266 τοῖς
1588 4204 1706 4257 κατ’

118 4294 360 4361 ῆπειρον
378 4290 586 4360 τείχεσι
665 4289 995 4361 προσϐαλὼν
1057 4291 1338 4363 ἄπρακτος
1407 4294 1710 4365 ἀποκρούε-

1811 3303 2008 3351 statem
2033 3293 2276 3363 redegit;
2312 3300 2611 3361 postremo,
2637 3302 2925 3360 postquam
2958 3288 3209 3358 partibus
3235 3287 3408 3340 Tura--

1809 3388 1907 3441 cite
1942 3385 2456 3456 appropinquasset,
2485 3381 2806 3454 Byzantium
2844 3395 3115 3448 occupare
3148 3378 3197 3431 vi
3230 3393 3399 3431 cona-

1812 3486 1919 3540 tur,
1952 3476 2234 3547 equitibus
2283 3476 2424 3529 bene
2471 3474 2701 3528 armatis
2732 3483 2786 3526 et
2819 3470 3063 3541 lapidum
3097 3469 3404 3540 jactorilius

1810 3570 2182 3641 pedestribus.
2210 3568 2590 3623 funditoribus
2614 3567 2745 3620 item
2779 3575 2837 3619 et
2878 3562 3115 3618 scutatis
3145 3562 3403 3615 innume—

1810 3661 1887 3715 ris
1936 3661 2094 3715 valde
2136 3661 2454 3722 roboratus,
2504 3659 2732 3726 insuper
2780 3664 2836 3708 et
2884 3652 3155 3707 machinis
3194 3650 3408 3705 bellicis

1807 3754 2249 3808 obsidionalibus
2313 3751 2423 3823 34,
2477 3766 2587 3805 non
2638 3748 2832 3819 paucis
2889 3747 3216 3801 instructus.
3265 3742 3402 3797 Cum

1808 3846 2009 3914 quibus
2056 3845 2258 3900 moenia
2307 3843 2463 3897 urbis
2513 3857 2707 3896 versus
2749 3836 3024 3894 orientem
3075 3850 3401 3905 aggressus,

1810 3952 1870 3991 re
1925 3936 2129 3991 infecta
2184 3936 2495 4005 repellitur,
2539 3933 2888 4003 imperatoris
2932 3930 3045 3983 filio
3093 3926 3405 3996 TheOphilo

1812 4026 1864 4080 in
1893 4042 1989 4081 eos
2022 4028 2287 4096 impetum
2337 4025 2573 4080 faciente
2617 4031 2673 4077 et
2717 4036 2881 4092 quam
2935 4019 3172 4074 maxime
3226 4018 3405 4085 depu-

1809 4129 2032 4188 gnante,
2057 4134 2181 4173 cum
2204 4117 2442 4173 subinde
2469 4126 2525 4172 et
2550 4125 2707 4186 pater
2732 4116 2855 4184 ejus
2894 4111 3124 4168 Michael
3151 4125 3407 4181 egressus

1812 4210 2096 4264 invaderet
2141 4208 2489 4263 adversarios
2529 4206 2758 4277 proprio
2807 4204 3000 4258 Marte.
3028 4200 3185 4259 Unde
3231 4202 3285 4255 in
3313 4216 3407 4254 an-

1812 4303 1988 4372 gustia
2019 4301 2376 4365 constitutus,
2404 4301 2470 4354 ad
2508 4300 2699 4354 navale
2748 4296 2998 4367 praelium
3032 4293 3406 4364 progreditur,

117 4402 235 4449 ται,
295 4383 410 4457 (75)
475 4384 569 4437 τοῦ
622 4382 905 4454 βασιλικοῦ
962 4384 1153 4448 παιδὸς
1208 4384 1472 4454 Θεοφίλου
1528 4389 1706 4453 αὐτοῖς

1814 4394 2086 4462 ingentem
2161 4391 2509 4461 navigiorum
2574 4404 2869 4444 numerum
2923 4401 3113 4441 secum
3173 4385 3403 4439 ducens.

119 4475 377 4540 ἐπιόντος
400 4475 499 4530 καὶ
529 4475 993 4547 διαγωνιζομένου
1024 4478 1093 4530 τὰ
1143 4478 1402 4547 μάλιστα,
1429 4479 1544 4552 (76)
1573 4481 1706 4535 ἀλλά

1816 4485 1989 4553 Atque
2026 4484 2101 4537 ibi
2133 4483 2325 4538 itidem
2359 4484 2501 4537 male
2534 4496 2647 4536 rem
2681 4480 2862 4551 gerit:
2897 4478 2990 4532 illa
3036 4476 3183 4531 enim
3219 4475 3405 4529 omnia

120 4569 237 4637 μὴν
272 4568 372 4621 καὶ
399 4568 496 4621 τοῦ
523 4568 731 4639 πατρὸς
755 4568 975 4638 Μιχαὴλ
1005 4568 1118 4621 ἔσθ’
1153 4570 1242 4621 ὅτε
1279 4570 1592 4638 ὑπεξιόντος
1614 4578 1706 4629 καὶ

1816 4576 2013 4631 bellico
2063 4576 2189 4645 igne
2230 4584 2552 4646 consumpta
2583 4576 2755 4628 fuere.
2784 4572 2957 4642 Cujus
3012 4570 3234 4640 quidem
3262 4568 3402 4637 ignis

115 4663 235 4723 τοῖς
268 4661 619 4723 ὑπεναντίοις
641 4659 1023 4730 ἐπιτιθεμένου
1044 4661 1379 4733 αὐτόχειρος.
1413 4664 1706 4734 (77),”Οθεν

1817 4669 2140 4723 conficiendi
2198 4667 2595 4738 prepemodum
2653 4666 2763 4733 jam
2822 4661 3053 4719 scientia
3118 4657 3403 4729 deperdita

116 4752 435 4824 ἀμηχανῶν
465 4753 494 4805 ὁ
525 4752 730 4823 Θωμᾶς
755 4752 851 4807 καὶ
876 4754 969 4806 ἐπὶ
999 4754 1311 4823 ναυμαχίαν
1349 4757 1701 4827 προέρχεται,

1816 4760 2015 4824 fuerat,
2069 4770 2202 4815 tunc
2238 4771 2419 4815 autem
2469 4760 2547 4814 sic
2593 4758 2775 4812 denuo
2821 4762 3037 4825 reperta
3066 4770 3081 4807 :
3108 4751 3405 4807 Callinicus

1433 4873 1665 4930 VARUE
1722 4876 2132 4933 LECTIONES.

1792 4993 1835 5023 ³⁷
1860 4993 2176 5046 ἁνεδέδοκτο
2203 4993 2265 5049 L.
2345 4994 2389 5026 ³⁸
2422 4988 2734 5062 Καϐείρων]
2772 4988 3035 5056 Σαϐήρων
3058 4984 3118 5039 L.
3193 4985 3236 5016 ”
3299 4984 3403 5037 ὑπὸ

180 4992 230 5023 ³⁵
247 4991 377 5061 ὅσον
407 5005 508 5059 περ
529 4983 597 5061 ἦν
628 4987 692 5041 Β.

793 4988 837 5020 ³⁸
877 4986 1241 5040 κατακύλαι.
1307 4988 1354 5020 ³⁸
1388 4988 1487 5061 μὴ]
1504 4991 1596 5044 καὶ
1636 4990 1678 5044 L

119 5063 182 5125 Β,
214 5062 329 5115 ἀπὸ
356 5058 417 5113 Ιι.

1238 5147 1480 5203 STEPH.
1542 5147 1888 5206 BERGLERI
1970 5151 2198 5207 NOTAS.

195 5247 313 5317 (σε)
343 5245 505 5317 com.
550 5260 604 5313 ρ.
635 5243 727 5317 εν.
762 5242 927 5317 ρεστ.
963 5259 1017 5312 ρ.
1050 5241 1175 5317 50.9-
1218 5312 1252 5317 _
1889 5245 2002 5317 tm
2031 5244 2196 5317 ςράττ
2232 5260 2287 5314 ρ.
2339 5243 2462 5317 50!:

197 5311 317 5382 (66)
354 5316 517 5371 Cont.
553 5311 610 5384 p.
649 5314 738 5376 σι,
770 5312 933 5384 Gedr.
976 5330 1031 5382 p.
1066 5311 1193 5384 500,
1218 5312 1353 5384 Zon.
1397 5326 1451 5384 ι).
1481 5312 1615 5384 157ἐ
1891 5311 2002 5384 (79.)
2038 5311 2260 5369 Contin‘.
2305 5331 2357 5383 p.
2405 5315 2473 5368 56
2514 5322 2567 5369 et
2611 5312 2680 5367 57
2712 5312 2878 5384 plene
2913 5321 2967 5365 et
3006 5311 3248 5384 copiose.

197 5318 317 5382 (66)
354 5317 517 5371 Cont.
553 5330 610 5384 p.
649 5317 738 5376 54,
770 5317 933 5369 Cedr.
976 5330 1031 5382 p.
1066 5317 1188 5375 500,
1218 5317 1353 5366 Ζοῐι.
1397 5317 1607 5380 p.137.
1891 5317 1981 5379 (79..
2038 5317 2260 5369 Coutin.
2305 5331 2357 5383 p.
2405 5317 2473 5368 56
2514 5322 2567 5369 et
2611 5317 2679 5367 57
2712 5317 2878 5381 plene
2913 5321 2967 5365 et
3006 5317 3248 5381 copiose.

122 5385 524 5529 νίῗξέϐοηῐ.
582 5400 636 5454 p.
682 5384 771 5449 55,
811 5382 973 5439 Cedr.
1032 5399 1094 5453 p.
1139 5382 1242 5440 500
1295 5382 1352 5436 in
1397 5381 1527 5444 line.
1580 5382 1716 5439 Zou.
1819 5317 2261 5529 “39.3).(3105n7tin.
2290 5401 2412 5456 pag.
2451 5386 2515 5438 57
2548 5392 2605 5438 et
2634 5385 2733 5449 58;
2764 5381 3001 5437 Cedreu.
3034 5400 3083 5452 p.
3116 5381 3255 5447 503;
3292 5381 3400 5437 Zo-

1894 5522 2003 5590 (74)
2036 5525 2197 5580 Cont.
2226 5542 2281 5594 p.
2326 5528 2414 5586 58,
2439 5524 2603 5580 Cedr.
2638 5539 2692 5593 p.
2719 5522 2839 5575 502.

2042 5597 2204 5652 Cout.
2232 5592 2311 5665 Vp.
2357 5598 2443 5662 58,
2485 5592 2652 5651 Cedr.
2701 5611 2754 5663 p.
2815 5593 2920 5649 505
2968 5603 3022 5649 et
3069 5593 3211 5656 505;
3262 5592 3398 5649 Zon.

1824 5683 1878 5736 p.
1910 5669 2029 5720 158.

1896 5739 2004 5801 (76)
2037 5738 2197 5791 Cont.
2231 5755 2281 5807 ιι.
2310 5738 2398 5791 ‘23.

1890 5809 2001 5876 (77)
2029 5808 2163 5860 Zon.
2204 5826 2256 5878 ι).
2293 5809 2407 5862 137.

204 5527 324 5597 (66)
367 5526 638 5597 Loquitur
670 5540 954 5597 perverse.

202 5599 319 5667 (67)
348 5597 510 5653 Cedr.
540 5614 594 5667 p.
625 5597 750 5651 50f.

195 5665 316 5739 (68)
346 5667 509 5739 Qont.
533 5665 608 5736 εἰ).
641 5668 731 5739 55,
765 5665 1101 5739 συμμαχίαν.

196 5734 512 5812 (δῷ-ϐοαί.
549 5734 617 5812 ip:
645 5738 766 5812 _55._
815 5734 910 5792 ubi
963 5734 1161 5812 ’ἰσικῶϐ
1198 5751 1322 5812 pro
1349 5734 1514 5812 _‘lo')6,
1551 5734 1719 5790 Cedr.

121 5805 364 5870 95501,
408 5809 502 5863 ubi
546 5805 687 5861 Ἰὼϐ.
731 5809 866 5863 Zon.
896 5825 952 5877 p.
999 5807 1124 5865 156.
1157 5805 1251 5860 ubi
1291 5805 1429 5859 Ἰώϐ.

197 5880 318 5955 (70)
350 5878 509 5937 Cont.
539 5894 592 5948 p.
623 5880 712 5945 55,
742 5880 907 5934 Cedr.
939 5895 991 5947 p.
1020 5877 1142 5932 501.
