4146 6436
744 404 879 468 1035
2007 402 2319 461 JOSEPIll

2430 400 2673 463 ENESII
3634 472 3644 482 ν
3875 402 4007 465 1036

728 516 925 589 jubet:
967 514 1082 584 ipse
1125 521 1309 567 autem
1355 527 1479 566 eum
1522 512 1833 566 innumeris
1885 512 2061 578 copiis
2095 519 2326 580 occupat

2433 511 2617 582 μένειν
2636 509 2801 564 αὐτόν
2996 510 3025 562 ὁ
3055 507 3110 563 δὲ
3174 508 3290 578 ἅμα
3344 510 3521 579 μυρίῳ
3558 510 3622 579 δή
3657 527 3765 564 τινι
3798 515 4007 583 πρατῷ

728 618 928 664 tretum
970 606 1116 660 inter
1148 604 1369 660 Sestum
1394 613 1451 659 et
1480 603 1753 675 Abydum.
1793 603 2042 673 Cumque
2073 603 2321 658 Pseudo-

2430 601 2847 673 καταλαμϐάνει
2907 602 3000 654 τὸν
3056 602 3261 672 μεταξὺ
3314 601 3523 673 Σηστοῦ
3555 604 3598 634 ⁸⁸
3634 604 3729 655 καὶ
3787 604 4008 658 Ἀεύδοδ

726 700 1122 765 constantium,
1173 714 1339 768 quem
1397 698 1757 769 adoptaverat
1823 698 1879 751 in
1938 698 2134 761 lilium,
2195 712 2324 753 cum

2430 695 2700 768 πορθμὸν,
2732 694 2877 749 κατὰ
2898 694 3070 749 νώτου
3112 696 3171 748 δὲ
3206 695 3380 749 λιπὼν
3418 697 3615 749 ἐαυτοῦ
3641 697 3717 767 (6)
3763 698 3857 750 τὸν
3879 698 4005 765 ψευ-

722 794 963 850 maxima
1016 791 1375 847 multitudine
1425 806 1456 845 a
1502 800 1658 861 tergo
1714 788 2050 860 reliquisset,
2097 805 2162 844 ea
2202 804 2326 859 qua:

2430 789 2854 844 δοκωνστάντιον
2902 788 2999 842 καὶ
3073 789 3372 859 ποιηθέντα
3428 790 3546 842 υἱὸν
3604 788 3723 857 ἅμα
3782 792 4010 862 μεγίστη

722 890 842 959 ipse
878 885 1124 941 nondum
1165 891 1493 954 occupasset
1528 890 1587 938 et
1616 882 1830 954 reliqua
1859 892 2045 939 essent
2075 898 2326 953 pergras-

2430 882 2726 955 δυναστείᾳ
2776 881 2886 936 τῶν
2937 882 3507 954 προκατειλημμένων
3544 883 3696 953 αύτῷ
3729 882 3799 936 τὰ
3852 883 4010 936 λοιπὰ

723 979 832 1033 sari
860 978 1038 1049 jubet.
1082 978 1190 1033 Iste
1218 990 1388 1046 porro
1417 975 1732 1031 daemonum
1786 975 2013 1031 monitis
2045 984 2102 1030 et
2134 975 2332 1030 vatici-

2429 974 2801 1046 καταδραμεῖν
2822 974 3131 1046 ἐπιτρέπει.
3154 974 3437 1043 Δαιμόνων
3459 973 3517 1026 δὲ
3549 974 3626 1044 (Ἰ)
3656 977 4010 1045 εἰσηγήσεσιν

722 1071 834 1125 niis
879 1070 1153 1141 impulsus
1200 1077 1423 1139 tempus
1460 1077 1518 1125 et
1580 1069 1729 1124 diem
1779 1068 2032 1140 praedicit
2082 1067 2326 1124 convivis

2430 1060 2588 1129 οὗτος
2622 1067 2718 1119 καὶ
2749 1064 3032 1137 μαντείαις
3087 1065 3334 1135 ἠγμένος
3384 1065 3578 1135 χρόνου
3633 1068 3857 1136 ἡμέραν
3909 1070 4009 1130 τοῖς

722 1164 842 1218 suis
882 1177 995 1233 quo
1038 1162 1455 1232 imperatoriam
1515 1161 1717 1217 urbem
1767 1170 1920 1217 esset
1980 1160 2332 1232 ingressurus

732 1268 857 1308 cum
886 1252 1063 1324 gloria
1088 1251 1329 1323 quadam
1364 1250 1656 1306 ineffabili.
1686 1252 1919 1323 Jamque
1950 1252 2193 1307 instante
2217 1262 2332 1307 sta-

723 1355 850 1403 tuto
890 1347 986 1402 illo
1018 1346 1132 1411 die,
1171 1346 1229 1400 in
1271 1344 1494 1400 Olbiani
1536 1344 1848 1400 exercitum
1894 1344 2122 1409 incidit;
2172 1345 2333 1416 cujus

719 1440 985 1508 impetum
1007 1451 1134 1491 cum
1162 1435 1232 1491 ad
1253 1438 1416 1492 breve
1445 1444 1659 1492 tantum
1691 1431 1914 1505 tempus
1938 1436 2329 1494 sustinuisset.

717 1531 901 1601 fugam
961 1527 1161 1599 arripit
1218 1527 1521 1598 statimque
1580 1528 1818 1597 capitur.
1860 1528 2105 1599 Ejusque
2164 1535 2332 1598 caput

684 1620 975 1694 egregius
1022 1621 1115 1676 ille
1169 1619 1442 1676 Olbianus
1489 1629 1835 1691 amputatum
1873 1620 2045 1675 mittit
2091 1619 2333 1689 impera-

720 1716 826 1771 tori
894 1713 1189 1770 Michaeli:
1225 1712 1333 1769 iste
1383 1721 1579 1768 autem
1641 1712 1835 1767 rebelli
1883 1719 1941 1767 et
2003 1710 2145 1781 patri
2210 1703 2334 1764 falsi

716 1809 961 1865 nominis
994 1806 1340 1862 transmittit.
1386 1805 1497 1862 Sed
1520 1807 1568 1860 is
1604 1804 1745 1859 nihil
1784 1820 1815 1859 a
1852 1802 2137 1859 dementia
2163 1802 2330 1858 remi-

2433 1157 2741 1228 συμπόταις
2762 1158 3025 1229 προλέγει
3061 1157 3185 1211 καθ’
3223 1157 3367 1229 ὃντῇ
3415 1157 3773 1227 βασιλευούσῃ
3834 1161 4013 1228 προέλ-

2432 1247 2514 1301 θοι
2546 1248 2701 1301 πόλει
2748 1249 2805 1302 ἐν
2832 1248 3063 1320 ἀρρήτῳ
3096 1248 3225 1319 δόξῃ
3256 1247 3395 1301 τινίο
3449 1248 3548 1319 ἧδη
3609 1248 3667 1302 δὲ
3696 1248 3798 1318 τῆς
3825 1250 4015 1318 κυρίας

2435 1339 2701 1409 ἐνστάσης
2749 1338 2921 1408 αὐτῆς
2969 1339 3046 1410 τῷ
3088 1340 3197 1393 ὑπὸ
3239 1340 3332 1392 τὸν
3375 1339 3652 1392 ὐλὸιανὸν
3696 1342 4015 1410 περιπίπτει

2436 1429 2673 1503 στρατῷ,
2735 1425 2798 1484 οὗ
2848 1430 2983 1504 πρὸς
3042 1431 3216 1502 βραχὺ
3253 1431 3329 1502 μὴ
3379 1431 3620 1499 ἐνεγκὼν
3674 1432 3778 1502 τὴν
3845 1435 4017 1502 ὁρμὴ-ι

2435 1523 2633 1593 φεύγει
2661 1540 2722 1578 τε
2752 1524 2848 1579 καὶ
2869 1523 3070 1587 εὐθέως
3121 1523 3423 1578 ἁλίσκεται.
3457 1525 3567 1579 Καὶ
3620 1525 3721 1595 τὴν
3775 1525 4018 1594 κεφαλὴν

2432 1616 2598 1671 αὐτοῦ
2651 1618 2681 1670 ὁ
2732 1620 2978 1686 γενναῖος
3038 1617 3332 1680 Ὀλὸιανδς
3385 1617 3635 1689 ἐκτεμὼν
3688 1618 3909 1689 πέμπει
3948 1618 4019 1688 τῷ

2437 1709 2652 1780 βασιλεῖ
2676 1711 2897 1783 Μιχαήλ
2919 1728 2932 1742 ο
2968 1713 2996 1764 ό
3026 1712 3082 1765 δέ
3109 1712 3187 1785 τῷ
3228 1710 3505 1784 στασιώτῃ
3530 1712 3738 1781 ταύτην
3764 1715 3863 1766 καὶ
3893 1713 4021 1780 ψευ-

2437 1805 2671 1876 δωνύμῳ
2699 1806 2777 1877 (8)
2808 1806 3134 1860 ἀποστέλλει
3161 1807 3354 1877 πατρί.
3403 1805 3541 1859 Ἀλλ’
3572 1800 3728 1868 οὗτος
3752 1807 3856 1875 μὲν
3873 1806 4023 1858 οὐδέν

716 1900 811 1965 sit,
856 1914 1050 1954 verum
1098 1913 1210 1952 una
1258 1913 1387 1952 cum
1427 1897 1606 1953 classe
1649 1912 1681 1951 a
1733 1895 1916 1952 Lesbo
1962 1894 2242 1960 veniente,
2273 1901 2326 1949 et

2431 1916 2486 1953 τι
2513 1863 2614 1968 τῆς
2642 1863 2908 1963 άπονοίας
2936 1899 3151 1968 ἠφίετο,
3193 1863 3310 1951 ἀλλ’
3339 1899 3456 1969 ἅμα
3509 1898 3583 1969 τῷ
3614 1863 3777 1969 νηῖτη
3814 1897 4021 1952 Λέσϐοο

717 1993 834 2061 ipse
865 1989 1262 2063 liippaginibus
1313 1996 1499 2055 utens,
1547 1996 1713 2044 nocte
1752 1989 2050 2044 observata
2089 1987 2269 2049 illuni,
2296 2002 2329 2042 a

717 2081 998 2137 maritimo
1036 2080 1276 2153 quodam
1304 2082 1510 2152 oppido
1538 2081 1688 2151 quod
1726 2080 1797 2136 ab
1835 2080 1985 2135 illius
2011 2080 2121 2136 loci
2151 2078 2330 2134 homi-

723 2174 892 2230 nibus
961 2181 1192 2230 vocatur
1258 2172 1630 2237 Horcosium,
1672 2175 1728 2230 in
1786 2173 2023 2230 diversis
2083 2173 2330 2230 Thraciae.

720 2269 859 2338 locis
908 2268 1052 2325 clam
1097 2267 1317 2339 appulit
1379 2267 1704 2337 invenitque
1754 2265 2002 2322 Thraces
2037 2267 2330 2322 universos

732 2362 843 2416 sibi
872 2360 1159 2427 addictos;
1211 2357 1466 2431 quamvis
1493 2356 1821 2427 imperator,
1851 2372 1978 2411 cum
2009 2355 2154 2411 fama
2184 2371 2330 2416 nun-

717 2454 881 2507 tiaret
942 2449 1209 2506 rebellem
1265 2448 1508 2504 navibus
1576 2447 1837 2520 trajicere
1913 2446 2115 2503 fretum
2180 2446 2327 2518 apud

717 2543 991 2615 Abydum,
1059 2538 1369 2598 exercitum
1439 2538 1727 2610 quendam
1787 2539 1901 2611 38
1963 2540 2326 2612 perexiguum

715 2636 1001 2691 eduxisset
1052 2642 1245 2689 contra
1308 2648 1437 2689 eum
1489 2640 1546 2688 et
1583 2648 1650 2687 ex
1705 2633 1966 2687 omnibus
2008 2633 2328 2690 civitatibus

717 2725 1006 2783 Tliracicis
1036 2724 1202 2779 ﬁdem
1233 2723 1426 2779 auxilii
1468 2722 1768 2793 prastandi
1818 2732 1877 2777 et
1914 2723 2197 2779 societatis
2235 2740 2327 2779 ac-

717 2817 977 2887 cepisset.
1023 2813 1133 2870 Sed
1180 2814 1303 2870 istis
1342 2828 1465 2868 eam
1523 2810 1953 2884 negligentibus,
1996 2829 2193 2884 magna
2242 2814 2326 2870 in-

717 2916 1002 2965 crementa
1025 2907 1174 2978 capit
1213 2912 1503 2979 tyrannus,
1541 2904 1633 2960 bis
1685 2904 1855 2960 etiam
1902 2905 1970 2960 ad
2018 2921 2144 2961 eum
2196 2922 2327 2961 con-

717 3002 1045 3059 ﬂuentibus.
1089 3001 1290 3057 Statim
1337 3000 1507 3071 igitur
1552 3000 1860 3071 imperator
1917 3000 1973 3054 in
2005 3000 2201 3055 urbem
2240 3017 2325 3055 re-

717 3096 976 3162 vertitur,
1032 3103 1200 3165 atque
1250 3100 1314 3149 ut
1361 3092 1571 3149 licebat
1613 3108 1678 3149 ea
1731 3092 1971 3159 ﬁrmata,
2031 3103 2325 3149 terrestres

718 3187 884 3244 simul
929 3196 988 3242 et
1032 3186 1258 3241 navales
1287 3185 1515 3256 collegit
1570 3184 1762 3255 copias
1812 3199 1879 3238 ex
1922 3184 2323 3250 Orientalibus,

718 3278 815 3348 qui
866 3285 990 3348 post
1044 3276 1355 3332 discessum
1409 3276 1715 3332 desertoris
1760 3278 1873 3348 jam
1928 3276 2327 3347 aliquantisper

720 3367 1013 3441 tyrannide
1044 3367 1264 3423 liberati
1308 3379 1487 3422 erant.
1522 3368 1757 3424 Immisit
1795 3378 1982 3423 autem
2031 3354 2331 3439 imperator

716 3466 884 3521 etiam
929 3464 1112 3535 ignem
1164 3463 1428 3519 bellicum
1476 3464 1738 3529 navibus,
1772 3474 1939 3536 atque
1974 3465 2210 3521 ferream
2239 3481 2329 3520 ca-

721 3567 908 3616 tenam
964 3556 1034 3611 ab
1080 3572 1209 3611 arce
1242 3571 1419 3627 usque
1450 3557 1509 3611 in
1554 3558 1843 3613 castellum
1875 3573 1941 3612 ex
1976 3558 2206 3613 adverso
2235 3574 2330 3613 ex-

721 3649 923 3714 tendit,
957 3665 1027 3703 ne
1072 3649 1229 3703 urbis
1262 3649 1432 3704 Keras
1471 3649 1620 3719 quod
1652 3658 1888 3705 vocatur
1933 3650 1994 3715 (i.
2028 3667 2079 3705 e.
2114 3650 2324 3719 Cornu)

719 3747 789 3801 ab
847 3744 1040 3799 hostili
1087 3744 1264 3798 classe
1320 3742 1705 3798 infestaretur.
1753 3744 1929 3798 Porro
1974 3743 2324 3813 Gregorium,

720 3836 814 3905 qui
846 3836 977 3890 olim
1011 3834 1238 3905 quidem
1266 3832 1448 3888 fuerat
1481 3832 1593 3887 dux
1625 3833 1903 3898 militaris,
1930 3833 2026 3888 sed
2064 3833 2118 3888 in
2144 3832 2327 3889 oﬁ‘en-

720 3930 936 3983 sionem
973 3926 1325 3996 imperatoris
1360 3935 1588 3981 venerat
1618 3934 1785 3995 atque
1815 3925 1887 3980 ob
1913 3924 1968 3979 id
1997 3924 2051 3979 in
2088 3924 2323 3995 Scyrum

720 4036 887 4077 unam
921 4036 991 4075 ex
1031 4018 1363 4090 Cycladibus
1398 4019 1595 4074 insulis
1630 4018 1905 4091 relegatus
1936 4018 2139 4082 fuerat,
2178 4018 2326 4074 hunc

719 4105 949 4185 inquam
988 4124 1186 4169 nactus
1213 4113 1490 4177 desertor,
1532 4119 1728 4183 utpote
1759 4112 1829 4168 ad
1872 4112 2055 4183 ipsum
2098 4127 2157 4168 se
2188 4127 2325 4167 con-

716 4207 1012 4271 ferentem,
1044 4205 1273 4276 praelicit
1300 4204 1571 4260 exercitui
1618 4203 1814 4259 decem
1864 4203 2015 4259 mille
2050 4206 2321 4271 virorum,

718 4309 887 4368 atque
928 4299 1080 4353 hunc
1108 4312 1513 4368 praecursorem
1564 4312 1727 4351 suum
1772 4296 2044 4352 adversus
2084 4297 2325 4367 impera-

721 4390 919 4445 toriam
980 4390 1176 4444 urbem
1240 4389 1450 4453 mittit,
1502 4389 1668 4443 simul
1725 4398 1911 4445 autem
1975 4398 2032 4445 et
2090 4390 2323 4445 classem

716 4481 1118 4551 nauticumque
1173 4481 1502 4547 exercitum,
1552 4490 1613 4535 ut
1643 4481 1807 4537 ambo
1847 4482 2043 4537 eodem
2075 4490 2321 4551 tempore

2433 1990 2527 2045 θεν
2577 1992 2769 2062 ἥκοντι
2807 1992 3023 2063 στόλῳ,
3087 1991 3183 2045 καὶ
3206 1990 3370 2054 αὐτὸς
3414 1992 3607 2044 ναυσὶν
3667 1993 4024 2059 ἱππαγωγοῖς

2430 2084 2802 2154 κεχρημένος,
2830 2083 3003 2137 νύκτα
3020 2084 3398 2155 διασκοπήσας
3418 2083 3703 2153 ἀσέληνον,
3731 2084 3797 2135 ἐκ
3841 2083 4021 2153 παρά-

2430 2175 2524 2229 λου
2554 2177 2746 2229 τοπίου
2798 2176 2943 2239 τινὸς
2970 2176 2999 2229 ὃ
3027 2176 3094 2246 δὴ
3142 2176 3281 2244 πρὸς
3301 2175 3409 2229 τῶν
3437 2174 3726 2247 ἐγχωρίων
3764 2175 4021 2229 καλεῖται

2460 2270 2746 2339 υρκόσιον,
2776 2268 3048 2338 πολλαχοῦ
3080 2267 3405 2339 περαιοῦται
3428 2268 3529 2338 τῆς
3560 2268 3788 2339 Θρᾴκης
3817 2267 4017 2329 λαθὼν,

2430 2360 2610 2431 εὑρὼν
2639 2363 2689 2393 ⁵⁸
2712 2362 2778 2430 δὴ
2817 2360 3027 2422 πάντας
3061 2360 3283 2432 Θρᾷκας
3310 2360 3619 2431 κατηκόους
3648 2358 3824 2429 αὐτῷ,
3845 2360 4019 2414 καίτοι

2429 2452 2524 2505 τοῦ
2556 2451 2824 2521 βασιλέως
2852 2453 2950 2525 (9),
3012 2454 3101 2506 ὅτε
3148 2453 3212 2524 δὴ
3270 2454 3432 2527 φήμῃ
3467 2453 3806 2523 περιηγγέλη
3839 2456 3883 2486 ⁸³
3947 2454 4017 2516 ὡς

2428 2544 2697 2598 διαϐαίνει
2719 2546 2911 2598 ναυσὶν
2940 2546 2968 2598 ό
2996 2545 3313 2615 ἀποστάτης
3364 2545 3457 2597 τὸν
3486 2545 3628 2598 κατὰ
3648 2547 3751 2612 τὴν
3786 2545 4019 2598 ’Δὸυδον

2429 2637 2531 2707 τῆς
2586 2637 2864 2709 θαλάττης
2916 2637 3188 2709 πορθμὸν,
3246 2638 3745 2710 ἐνστρατεύσαντός
3793 2656 3857 2692 τε
3903 2657 4003 2692 κατ

2437 2729 2604 2785 αὑτοῦ
2648 2730 2910 2801 ὀλιγίστῳ
2982 2729 3201 2801 στρατῷ
3247 2731 3347 2785 καὶ
3422 2731 3489 2785 ἐκ
3558 2732 3751 2785 πασῶν
3813 2732 4020 2784 πόλεων

2431 2823 2722 2895 Θρᾳκικῶν
2761 2824 2837 2887 ὡς
2869 2824 3291 2894 συμμαχήσουσι
3332 2823 3542 2894 βασιλεῖ
3588 2824 3809 2887 πίστεις
3838 2826 4023 2878 λαϐὼν

2426 2932 2553 2979 τοςο
2611 2917 2763 2983 ὅμως
2814 2915 3022 2978 ταύτας
3078 2915 3299 2980 ἁπάσας
3356 2918 3489 2987 παρ’
3550 2916 3706 2969 οὐδὲν
3775 2915 4020 2985 θεμένων

2428 3009 2608 3063 αὐτῶν
2634 3009 2772 3079 (10),
2801 3010 2971 3073 πολὺς
3000 3011 3029 3063 ὁ
3051 3009 3323 3079 τύραννος
3363 3010 3629 3079 ἐγεγόνει,
3671 3011 3769 3063 καὶ
3813 3012 4020 3065 τούτων

2434 3102 2824 3173 προσρυέντων
2873 3101 3046 3174 αὐτῷ.
3101 3105 3459 3175 Παραχρῆμα
3503 3105 3532 3156 ό
3587 3103 3851 3172 βασιλεὺς
3886 3105 4019 3174 πρὸς

2429 3194 2529 3261 τὴν
2579 3195 2735 3248 πόλιν
2788 3196 3078 3250 ὑπονοστεῖ
3119 3197 3257 3267 (11),
3298 3197 3393 3248 καὶ
3452 3196 3528 3260 ὡς
3600 3197 3730 3266 ἐνῆν
3781 3198 3853 3250 τὰ
3905 3196 4019 3249 κατ’

2435 3286 2609 3354 αὐτὴν
2639 3289 3031 3356 ἀσφαλέστατα
3047 3289 3276 3356 διαθεὶς,
3301 3289 3467 3353 πεζὸν
3513 3290 3631 3360 ἅμα
3684 3290 3784 3343 καὶ
3834 3307 4019 3343 ναυτι-

2433 3378 2528 3431 κὸν
2550 3380 2596 3412 ⁸³
2656 3381 3000 3450 συναθροίζει
3049 3382 3279 3451 στρατὸν
3332 3384 3396 3435 ἐκ
3458 3383 3566 3436 τῶν
3596 3383 3719 3437 κατ’
3750 3384 4017 3452 ἀνατολὴν

2432 3472 2533 3543 ἤδη
2565 3472 2661 3526 τοῦ
2707 3473 3018 3528 άποστάτου
3047 3476 3508 3545 ὑποχωρήσαντος
3529 3477 3665 3545 πρός
3694 3493 3762 3543 γε
3812 3477 4017 3546 βραχὺν

2432 3564 2624 3635 χρόνον
2638 3564 2686 3596 ⁸³
2705 3564 2819 3633 (12)
2854 3565 2954 3634 τῆς
2985 3564 3302 3635 τυραννίδος
3325 3565 3791 3636 ἀπηλλαγμένων.
3812 3567 4014 3636 Ἐνίησι

2429 3657 2488 3711 δὲ
2516 3656 2771 3728 βασιλεὺς
2802 3658 2895 3710 καὶ
2921 3656 3032 3728 πῦρ
3057 3658 3487 3728 πολεμιστήριον
3521 3661 3644 3721 ταῖς
3687 3660 3855 3711 ναυσὶ
3881 3662 4009 3727 (15),

2432 3751 2531 3804 κα),
2556 3750 2653 3819 τὴν
2675 3750 2901 3820 σιδηρᾶν
2938 3752 3150 3820 σχοῖνον
3174 3751 3271 3805 ἀπ’
3321 3751 3677 3820 ἀκροπόλεως
3726 3752 3895 3821 μέχρι
3922 3753 4011 3805 τοῦ

2428 3843 2668 3913 πέραθεν
2689 3844 2955 3914 φρουρίου
2989 3844 3246 3897 διέτεινεν
3274 3844 3411 3915 (14),
3449 3845 3523 3907 ὡς
3547 3845 3613 3898 ἂν
3642 3845 3704 3897 τὸ
3737 3848 3883 3899 κατὰ
3917 3849 4009 3915 τὴν

2429 3936 2587 3989 πόλιν
2643 3936 2983 4007 καλούμενον
3022 3937 3210 4008 Κέρας
3266 3937 3342 4008 μὴ
3391 3940 3457 3990 ἐκ
3482 3937 3598 3991 ’τοῦ
3653 3940 3851 3991 στόλου
3908 3941 4011 3992 τῶν

2426 4027 2739 4081 ἀντιπάλων
2756 4029 3109 4097 πημαίνοιτο.
3134 4026 3437 4099 Γρηγὸριον
3469 4029 3581 4099 (15)
3603 4029 3685 4095 δέ,
3725 4030 3895 4084 πάλαι
3917 4032 4012 4099 μὲν

2427 4120 2847 4192 χρηματίσαντα
2904 4121 3256 4193 στρατηγὸν,
3319 4122 3388 4175 δι’
3450 4122 3629 4185 αἰτίας
3691 4122 3751 4175 δὲ
3804 4122 4012 4192 βασιλξῖ

2425 4214 2689 4285 γεγονότα
2739 4214 2835 4268 καὶ
2891 4213 2981 4267 διὰ
3044 4215 3205 4267 τοῦτο
3257 4215 3339 4277 εἰς
3401 4213 3655 4282 Σκῦρον,
3718 4216 3850 4284 μίαν
3906 4217 4011 4267 τῶν

2426 4307 2727 4362 Κυκλάδων
2754 4307 2956 4377 νήσων,
2974 4306 3405 4375 φυγαδευθέντα,
3424 4306 3606 4359 λαϐὼν
3623 4307 3651 4359 ὁ
3675 4308 4009 4377 ἀποστάτῃ-κ

2424 4394 2520 4449 ἅτε
2551 4395 2615 4464 δὴ
2644 4396 3122 4466 προσχωρήσαντα
3139 4394 3309 4465 αὐτῷ,
3333 4399 3635 4467 χειροτονεί
3662 4399 4012 4467 στρατεύμα·

2423 4503 2516 4550 τος
2542 4486 2790 4558 ἡγεμόνα
2822 4487 3037 4559 μυρίων
3085 4488 3318 4559 ἀνδρῶν,
3376 4490 3472 4542 καὶ
3524 4489 3720 4543 τοῦτον
3784 4491 4007 4561 πρόδρο-

716 4572 1239 4642 Constantinopolin
1266 4573 1641 4643 pervenirent.
1678 4573 1738 4628 ld
1771 4573 1920 4643 quod
1971 4574 2083 4629 cito
2121 4574 2314 4629 admo—

2430 4596 2527 4648 μον
2555 4578 2670 4649 (16)
2694 4578 2860 4631 αὑτοῦ
2906 4578 3052 4633 κατὰ
3080 4579 3181 4649 τῆς
3216 4578 3609 4650 βασιλευούσης
3663 4582 4007 4650 προπέμπ;ι,

718 4667 852 4721 dum
900 4665 1104 4720 factum
1139 4665 1266 4731 fuit,
1294 4682 1422 4721 cum
1469 4668 1861 4722 convenissent
1897 4676 2038 4722 terra
2065 4669 2316 4738 marique

719 4757 794 4812 ad
828 4757 1056 4828 Barbysi
1107 4757 1259 4812 ﬂuvii
1315 4759 1478 4821 ostia,
1544 4774 1723 4829 neque
1766 4758 1943 4813 ferrea
1996 4758 2087 4813 illa
2122 4772 2317 4814 catena

722 4852 985 4907 valuisset
1004 4850 1303 4920 prohibere
1321 4850 1619 4905 adventum
1640 4852 1860 4906 navium
1880 4851 2183 4907 hostilium.
2206 4852 2316 4908 Nec

2424 4670 2564 4724 ἀλλὰ
2592 4669 2658 4741 δὴ
2686 4671 2781 4725 καὶ
2811 4670 2998 4723 στόλον
3030 4670 3300 4725 ναυτίλων
3349 4671 3583 4743 ἀνδρῶν,
3624 4672 3716 4727 ἶνα
3748 4672 3811 4741 δὴ
3844 4674 4010 4743 ἄμφω

2425 4760 2568 4813 κατά
2598 4760 2796 4814 ταυτὸν
2822 4762 2869 4794 ⁸³
2902 4762 2960 4814 ἐν
2981 4763 3049 4832 τῇ
3090 4762 3505 4817 Κωνσταντίνου
3545 4764 3793 4831 γένοιντο
3833 4766 4009 4819 πόλει.

2424 4854 2536 4907 Καὶ
2568 4852 2633 4924 δὴ
2676 4854 2870 4922 γέγονε
2921 4853 3082 4907 τοῦτο
3132 4854 3345 4924 ταχέως
3374 4856 3440 4922 ⁵³,
3504 4856 3865 4919 συνελθόντες
3898 4855 4006 4925 (17)

2003 4990 2047 5043 ν
2060 4989 2244 5045 ARl/E
2285 4988 2703 5047 LECTIONES.

826 5081 871 5113 δ’
895 5080 1105 5134 σειστοῦ
1132 5080 1192 5135 L.
1348 5082 1392 5112 '°
1433 5080 1609 5151 εὑρὼν
1634 5082 1692 5135 δέ
1733 5081 1794 5135 ι..

1910 5083 1954 5153 Ῠ¹
1995 5084 2154 5152 φήμη
2186 5084 2542 5153 περιηγγέλει
2571 5084 2634 5137 L.

2746 5086 2791 5117 "
2823 5086 3005 5158 πεζῷν
3045 5104 3074 5138 ο
3101 5102 3267 5157 supra
3321 5088 3493 5157 script
3544 5090 3663 5158 ἅμα
3695 5090 3793 5142 καὶ
3823 5106 4013 5145 ναυτι-

724 5153 840 5207 κῶν
866 5170 895 5206 ο
925 5168 1096 5224 supra
1131 5155 1326 5224 script.
1408 5154 1453 5185 ⁵³
1479 5153 1655 5223 βραχὺ
1689 5154 1882 5222 χρόνον
1911 5152 1972 5209 L.
2039 5155 2085 5185 “
2117 5154 2240 5206 κατ’
2268 5152 2435 5207 αὑτὸν
2452 5156 2513 5209 L.
2595 5156 2643 5186 ”
2666 5158 2908 5226 ταχαίως
2945 5157 3003 5211 ι..

1984 5295 2228 5357 STEPH.
2267 5298 2614 5356 BERGLERI
2658 5300 2891 5356 NOTE.

795 5394 873 5465 (5)
909 5394 1073 5449 Cedr.
1112 5411 1165 5465 p.
1204 5394 1328 5450 501.
1378 5393 1497 5449 Non
1527 5404 1756 5467 apparet
1786 5410 1897 5465 quo
1926 5396 2187 5465 respiciat
2211 5396 2309 5449 αύ-

720 5466 832 5520 τόν.
866 5466 1026 5520 Cont.
1066 5482 1123 5520 ι).
1146 5466 1232 5519 56.

797 5485 832 5521 θ.
866 5482 1026 5520 honr.
1066 5482 1123 5535 p.
1146 5482 1232 5519 ου.

798 5535 873 5605 (6)
899 5534 1060 5590 Cont.
1098 5553 1151 5606 p.
1185 5537 1273 5601 56,
1313 5536 1476 5592 Cedr.
1523 5555 1579 5609 p.
1618 5537 1744 5592 501.

797 5606 871 5677 (7)
900 5606 1059 5661 Cont.
1105 5623 1158 5675 p.
1192 5608 1280 5668 56.
1316 5607 1477 5663 Cedr.
1506 5624 1559 5677 p.
1595 5608 1721 5663 50L

792 5607 871 5748 (7)
900 5607 1059 5661 Cont.
1105 5623 1158 5675 p.
1192 5608 1280 5668 56.
1316 5607 1477 5663 Cedr.
1506 5607 1559 5677 p.
1595 5608 1721 5663 50L

820 5677 873 5746 8)
907 5678 973 5761 Et
998 5679 1087 5731 hic
1115 5679 1455 5761 contrarium
1480 5684 1600 5761 ejus
1628 5679 2092 5761 qupdivultdicit
2125 5697 2139 5734 :
2184 5697 2308 5736 nam

721 5761 842 5823 mn;
865 5757 1040 5823 pater,
1067 5749 1159 5801 sed
1206 5749 1672 5823 tiliusadoptivus
1692 5750 1807 5823 fuit
1828 5751 2201 5823 ψευδώνυμος.

793 5820 871 5887 (9)
911 5818 1073 5889 Com.
1120 5834 1173 5887 p.
1210 5819 1298 5879 56,
1330 5818 1501 5873 Cedr.
1530 5836 1585 5889 p.
1613 5820 1737 5873 502.

793 5889 906 5960 (ίο)
940 5888 1102 5944 Cont.
1141 5905 1195 5959 p.
1230 5890 1317 5957 56,
1359 5888 1545 5946 (ἱριίτξ
1574 5908 1627 5960 p.
1661 5890 1783 5945 502.

2488 5400 2600 5467 (11)
2631 5399 2792 5456 Com.
2828 5415 2885 5469 p.
2914 5399 3005 5461 56,
3028 5400 3192 5454 Cedr.
3230 5414 3285 5469 p.
3315 5398 3437 5454 502.

2488 5471 2598 5534 (12)
2638 5471 2718 5525 lta
2744 5468 2892 5526 recte
2916 5487 3042 5534 ms.,
3074 5468 3263 5543 nescio
3294 5480 3477 5524 tamen
3514 5468 3639 5536 quis
3674 5469 3730 5523 in
3761 5474 4011 5543 margine

2413 5543 2631 5596 Basiani
2662 5558 2850 5613 apogr.
2874 5542 3172 5613 annotavit
3192 5543 3313 5613 leg.
3346 5544 3575 5611 χρόνων.

2493 5614 2607 5679 (15)
2632 5612 2830 5667 Alieno
2870 5612 2988 5666 haec
3020 5613 3144 5667 loco
3174 5612 3242 5667 de
3281 5614 3424 5683 igne.

2483 5684 2596 5750 (M)
2626 5683 2789 5737 Cont.
2818 5700 2873 5753 p.
2908 5684 2997 5745 56,
3023 5684 3127 5749 57;
3157 5682 3321 5738 Cedr.
3350 5698 3405 5752 p.
3439 5682 3580 5747 502;
3612 5682 3754 5739 Zon.
3794 5701 3850 5753 p.
3886 5686 4007 5741 157.

2486 5755 2596 5823 (15)
2632 5755 2792 5808 Cont.
2829 5772 2881 5824 p.
2931 5757 3020 5814 57,
3059 5755 3220 5809 Οθιίτ.
3252 5771 3306 5824 p.
3339 5754 3463 5808 502.

2485 5827 2596 5890 (Hi)
2625 5825 2785 5879 Cont.
2832 5842 2885 5892 p.
2928 5826 3017 5887 57,
3043 5825 3208 5879 Cedr.
3256 5843 3310 5895 ι).
3338 5826 3459 5878 502.

2486 5896 2595 5962 (17)
2626 5896 2763 5951 Ibid.
2804 5898 2888 5950 l9.
2920 5897 3319 5966 chuireretur
3352 5896 3740 5951 συνελθόντων·
3776 5898 3874 5953 δαί
3908 5912 4008 5967 pro
