4146 6436
706 416 847 481 1039

1972 409 2292 472 JOSEPHI
2350 408 2624 471 GENESI
2640 411 2665 470 Ι

3846 421 3984 488 101.0

695 534 979 592 machinas
1012 548 1139 588 cum
1165 530 1450 603 quaternis
1473 530 1732 587 crucibus
1767 529 2088 595 fabricatus,
2121 534 2281 597 atque

2390 528 2449 581 τὸ
2484 528 2647 599 μέρος
2694 529 2805 599 (52)
2847 528 2875 582 δ
2914 531 2978 599 δὴ
3028 529 3210 603 Κέρας
3257 532 3317 585 τὸ
3363 532 3550 603 σχῆμα
3591 535 3863 603 καλεῖται,
3892 556 3981 591 τε-

694 627 879 683 missis
910 641 1009 697 per
1037 640 1132 681 eas
1170 623 1447 693 lapidibus
1491 640 1523 680 e
1572 622 1806 678 navibus
1840 637 2029 678 muros
2058 637 2115 676 se
2147 636 2282 675 con-

694 732 989 773 cessurum
1016 724 1235 785 putans.
1262 713 1535 769 Caeterum
1568 713 1870 783 imperator
1893 728 2017 768 cum
2052 711 2285 782 quibus-

694 811 820 865 dam
851 824 916 862 ex
946 806 1199 861 hostibus
1224 803 1293 859 de
1333 820 1493 858 muro
1525 804 1836 860 collocutus
1865 804 2201 859 oblivionem
2228 816 2285 860 et

701 903 909 957 veniam
940 907 1308 970 patratorum,
1344 897 1387 951 si
1430 897 1813 967 pcenitentiam
1853 912 1965 967 pra:
1990 911 2050 953 se
2073 897 2280 962 ferant,

694 991 969 1063 promisit,
998 991 1094 1047 sed
1117 1005 1227 1044 non
1257 990 1558 1059 persuasit.
1594 989 1784 1059 Itaque
1811 998 2099 1060 postquam
2126 1006 2285 1045 exer-

692 1085 866 1140 citum
889 1083 1247 1153 perexiguum
1278 1091 1566 1144 armasset,
1623 1080 1810 1135 subito
1830 1097 1897 1135 ex
1929 1082 2066 1136 urbe
2094 1098 2283 1137 erum-

692 1177 775 1246 pit
803 1186 859 1230 et
889 1182 1251 1229 occurrentes
1277 1174 1380 1227 sibi
1408 1188 1603 1242 magna
1632 1180 1813 1243 strage
1845 1174 2051 1241 vincit;
2076 1175 2282 1245 pariter

690 1275 748 1321 et
772 1267 829 1321 in
859 1266 1022 1329 mari,
1056 1274 1116 1320 ut
1149 1265 1382 1319 navibus
1410 1264 1478 1318 ad
1507 1274 1709 1319 terram
1742 1266 1881 1319 actis
1903 1276 1960 1321 et
1989 1268 2279 1337 colligatis,

692 1359 759 1413 ad
788 1374 886 1413 eos
916 1359 1009 1428 qui
1037 1358 1093 1413 in
1124 1357 1445 1411 continente
1468 1356 1786 1426 pugnabant
1817 1356 2199 1428 confugerent,
2226 1361 2282 1414 in

693 1450 831 1504 mari
869 1464 1112 1521 pugnare
1155 1448 1303 1503 haud
1345 1449 1707 1515 sustinentes,
1758 1450 2028 1521 multique
2068 1468 2135 1507 ex
2177 1454 2282 1506 bo-

692 1543 868 1596 stibus
899 1540 968 1595 ad
998 1540 1685 1606 Michaelemdeﬂcerent;
1726 1543 1871 1597 inter
1893 1559 2034 1613 quos
2059 1554 2114 1599 et
2144 1546 2282 1601 Gre-

689 1634 900 1703 gorius,
928 1633 1258 1689 abstrahens
1280 1648 1466 1687 secum
1491 1643 1704 1703 partem
1726 1637 2002 1704 quandam
2028 1639 2281 1707 exiguam

690 1727 987 1790 exercitus,
1020 1734 1189 1796 atque
1221 1733 1385 1780 nocte
1412 1726 1647 1796 quadam
1675 1735 1872 1783 nactus
1898 1730 2284 1799 opportunita-

691 1829 824 1883 tem,
844 1833 1151 1889 properans
1176 1833 1234 1872 se
1263 1819 1479 1873 confert
1508 1819 1563 1873 in
1581 1818 1877 1874 Thraciam
1908 1830 1964 1875 et
1987 1838 2017 1877 a
2040 1832 2193 1894 tergo
2224 1823 2283 1879 lit

646 1949 651 1953 .
690 1920 945 1982 tyranno.
974 1910 1078 1981 41
1109 1910 1216 1964 Sed
1243 1910 1567 1965 rebellionis
1603 1911 1884 1981 princeps,
1917 1915 2082 1969 simul
2118 1925 2281 1985 atque

690 2004 747 2058 id
776 2003 1067 2066 intellexit,
1102 2016 1231 2057 cum
1274 2001 1498 2057 militari
1530 2017 1698 2057 manu
1724 2003 2043 2073 aggreditur
2068 2003 2281 2072 Grego-

690 2094 836 2149 rium
886 2103 1220 2165 captumque
1255 2093 1537 2159 interﬁcit,
1583 2110 1949 2165 reversusque
1978 2094 2046 2149 ad
2087 2095 2280 2149 urbem

689 2186 1041 2242 obsidionem
1075 2186 1384 2250 continuat,
1416 2186 1727 2256 litterisque
1756 2186 1920 2253 ﬁctis,
1951 2187 2108 2257 quasi
2134 2197 2280 2242 terra

692 2278 945 2347 marique
977 2278 1226 2343 vicisset,
1248 2277 1551 2348 decipiens,
1577 2292 1747 2333 naves
1769 2292 1801 2333 e
1823 2277 2030 2334 Graecia
2059 2279 2283 2333 insulis-

688 2387 797 2441 que
820 2370 1099 2426 universis
1136 2369 1542 2442 subvehijubet
1573 2369 1639 2424 ad
1674 2371 1931 2440 prmlium
1958 2386 2083 2426 cum
2110 2372 2284 2442 impe-

688 2452 874 2518 ratOre
941 2462 1420 2519 committendum.
1504 2463 1693 2532 Itaque
1749 2463 1983 2518 navibus
2029 2463 2281 2520 vehendo

690 2557 970 2612 frumento
1011 2557 1336 2626 bellicisque
1375 2555 1662 2612 instructis
1704 2558 2042 2613 unanimiter
2085 2573 2281 2629 prove-

691 2655 905 2708 buntur
971 2653 1365 2725 appelluntque
1415 2653 1471 2707 in
1524 2654 1713 2709 littore
1775 2653 2083 2726 Byridensi,
2130 2654 2279 2711 haud

688 2747 908 2802 minore
942 2761 1177 2802 numero
1198 2760 1362 2817 quam
1393 2745 1610 2814 priores
1635 2762 1652 2812 ;
1688 2760 1816 2800 nam
1847 2745 1917 2800 ad
1942 2761 2068 2801 acet.
2086 2761 2281 2802 earum

690 2848 1011 2896 excreverat
1042 2852 1328 2893 numerus.
1363 2838 1697 2891 Eratautem
1724 2842 1781 2891 et
1809 2836 1880 2891 ab
1904 2837 2130 2891 australi
2160 2847 2217 2893 et
2249 2853 2279 2893 a

693 2931 903 2986 boreali
962 2940 1119 2999 parte
1188 2929 1385 2983 urbem
1445 2928 1682 2983 navibus
1730 2943 2112 2999 aggressurus.
2171 2929 2278 2984 Sed

2392 622 2712 689 τρασκελεῖς
2782 621 3059 685 ἑλεπόλεις
3117 624 3542 687 κατασκευάσας
3599 629 3693 680 καὶ
3756 628 3822 679 ἐκ
3875 630 3982 682 τῶν

2394 712 2767 781 πεμπομένων
2804 710 2871 765 δι’
2922 711 3105 765 αὐτῶν
3150 714 3257 766 ἀπὸ
3305 715 3415 767 τῶν
3446 713 3585 768 νεῶν
3614 717 3780 770 λίθων
3811 736 3981 771 κατα-

2393 805 2561 859 σείειν
2591 806 2654 859 τδ
2700 806 2881 875 τεῖχος
2939 806 3206 874 οἰόμενος.
3250 808 3309 860 '0
3352 809 3410 861 δέ
3447 825 3511 876 γε
3554 809 3813 879 βασιλεὺς
3870 814 3983 865 τισὶ

2390 900 2500 952 τῶν
2560 899 2821 954 ἐναντίων
2865 901 2952 954 διὰ
2996 900 3091 954 τοῦ
3149 901 3364 970 τείχους
3418 904 3500 964 εἰς
3562 904 3758 969 λόγους
3817 900 3981 975 ἦλθεν

2390 989 2697 1058 ἀμνηστίαν
2752 989 2860 1043 τῶν
2915 992 3298 1060 εἰργασμένων
3352 992 3537 1055 αὐτοῖς
3582 993 3727 1057 ἕξειν
3760 994 3903 1065 (33),
3936 998 3982 1048 εἰ

2395 1084 2849 1152 μεταμεληθεὶεν,
2881 1084 3218 1152 παρεγγυῶν
3240 1102 3251 1114 ·
3303 1085 3364 1137 ού
3398 1084 3577 1138 πείθει
3610 1086 3723 1157 (54)
3747 1087 3805 1140 δέ
3860 1090 3985 1141 τού-

2390 1188 2544 1234 τους,
2614 1173 2751 1227 ἀλλὰ
2802 1176 3034 1245 στρατόν
3096 1192 3218 1227 τινα
3283 1177 3621 1239 καθοπλίσας
3680 1179 3981 1247 ὀλίγιστον,

2390 1262 2589 1333 ἀθρόον
2615 1265 2657 1296 ⁸³
2690 1265 2789 1334 τῆς
2825 1267 3033 1329 πόλεως
3076 1264 3244 1329 ἔξεισι
3275 1267 3369 1318 καὶ
3406 1267 3531 1329 τοὺς
3558 1267 3984 1336 ύπαντήσαντας

2390 1358 2541 1427 αύτῷ
2571 1356 2713 1410 κατὰ
2748 1358 2950 1426 κράτος
2977 1360 3122 1428 νικᾷ,
3152 1360 3244 1411 καὶ
3284 1358 3425 1411 κατά
3468 1357 3741 1412 θάλατταν
3777 1360 3893 1431 (55)
3928 1362 3981 1413 δὲ

2390 1451 2645 1505 τοσοῦτον
2682 1450 2822 1503 ὥστε
2874 1451 2943 1504 τά
2996 1451 3160 1503 πλοῖα
3199 1453 3335 1521 πρὸς
3381 1453 3484 1521 γῆν
3534 1452 3914 1517 διοκείλαντας
3940 1456 3984 1485 ⁶¹

2392 1543 2752 1611 συνδεδεμένα
2792 1543 2929 1613 πρὸς
2977 1544 3104 1605 τοὺς
3137 1543 3201 1596 ἐκ
3249 1545 3350 1611 τῆς
3384 1544 3584 1614 χέρσου
3632 1546 3984 1614 μαχομένους

2388 1634 2692 1702 ἀναφυγεῖν
2718 1635 2831 1704 (56)
2854 1636 2948 1689 καὶ
2973 1636 3066 1688 τὸν
3097 1637 3161 1689 ἐκ
3186 1635 3461 1706 θαλάττης
3492 1636 3983 1707 ἀπαγορεύσασθαι

2389 1726 2650 1796 πόλεμον,
2709 1726 2821 1797 (57)
2879 1729 3108 1791 ἑκόντας
3158 1746 3217 1782 τε
3267 1728 3497 1792 πολλοὺς
3540 1729 3651 1781 τῶν
3698 1731 3981 1800 πολεμίων

2391 1821 2789 1892 προσχωρῆσαι
2815 1819 2894 1891 τῷ
2923 1818 3153 1890 βασιλεῖ.
3189 1821 3280 1875 Ἐν
3301 1815 3384 1884 οἷς
3412 1821 3506 1874 καὶ
3537 1820 3847 1893 Γρηγόριος
3868 1822 3979 1892 (58)

2314 1894 2357 1952 Β
2390 1911 2723 1975 συνελκύσας
2763 1911 2943 1982 ἐαυτῷ
2972 1912 3066 1964 καί
3112 1928 3235 1965 τινα
3273 1914 3471 1982 μοῖραν
3512 1911 3776 1983 βραχεῖαν
3810 1930 3982 1983 στρα-

2387 2003 2482 2057 τοῦ
2530 2006 2627 2057 καὶ
2680 2004 2824 2057 κατὰ
2875 2003 3049 2057 νύκτα
3106 2004 3229 2056 τινὰ
3292 2003 3596 2074 λαϐόμενος
3661 2006 3981 2075 εὐκαιρίας,

2389 2095 2583 2165 φεύγει
2613 2097 2753 2167 πρὸς
2784 2096 2884 2166 τὴν
2912 2097 3138 2167 Θρᾴκην
3160 2097 3255 2149 καὶ
3294 2097 3434 2149 κατὰ
3461 2096 3632 2149 νώτου
3660 2098 3705 2128 ⁸³
3740 2098 3861 2166 (59)
3895 2100 3981 2162 γί-

2388 2207 2540 2245 νεται
2566 2188 2663 2243 τοῦ
2695 2190 2982 2259 τυράννου.
3025 2188 3165 2241 Ἀλλ’
3190 2191 3283 2257 ὅγε
3318 2191 3656 2261 στασιάρχης
3689 2192 3811 2260 ἅμα
3837 2192 3917 2260 τῷ
3939 2193 3986 2223 ⁸⁵

2387 2285 2550 2341 τοῦτο
2589 2285 2780 2357 μαθεῖν
2811 2284 3098 2356 στρατεύει
3129 2285 3271 2338 κατὰ
3301 2285 3628 2355 Γρηγορίου,
3662 2286 3763 2337 καὶ
3790 2286 3985 2338 τοῦτον

2388 2378 2715 2433 καταλαϐὼν
2747 2380 2985 2448 ἀναιρεῖ,
3014 2379 3110 2432 κα).
3143 2377 3307 2433 πάλιν
3346 2380 3426 2440 είς
3463 2377 3563 2447 τὴν
3603 2377 3764 2431 πόλιν
3809 2377 3984 2429 ἐλθὼν

2388 2473 2487 2543 τῆς
2539 2473 2600 2538 ἐξ
2647 2471 2824 2543 ἀρχῆς
2879 2470 3064 2542 ἔχεται
3117 2472 3501 2542 προσεδρείας,
3564 2473 3867 2541 γράμμασί
3922 2489 3983 2524 τε

2388 2565 2797 2635 πεπλασμένοις
2838 2563 2975 2633 (40),
3018 2564 3094 2626 ὼς
3140 2563 3284 2618 κατά
3310 2580 3370 2616 τε
3413 2564 3517 2632 γῆν
3570 2564 3664 2616 καὶ
3694 2562 3984 2615 Θάλασσαν

2389 2659 2474 2728 εἴη
2512 2656 2835 2728 νενικηκὼς,
2882 2656 2963 2726 τῷ
3011 2657 3153 2711 κατά
3197 2672 3257 2708 τε
3304 2656 3403 2726 τὴν
3447 2656 3674 2709 Ἐλλάδα
3720 2656 3838 2724 (41)
3890 2658 3985 2707 καὶ

2386 2752 2486 2815 τὰς
2512 2751 2706 2821 νήσους
2741 2749 2961 2811 ἁπάσας
2994 2746 3235 2819 ναυτικῷ
3266 2748 3620 2818 ἐξαπατήσας
3666 2748 3982 2817 ἀναχθῆναι

2388 2844 2602 2899 κελεύει
2628 2842 2726 2897 καὶ
2776 2842 2853 2912 τῷ
2898 2841 3110 2911 βασιλεῖ
3160 2841 3525 2911 διαμάχεσθαι
3554 2840 3690 2909 (Β).
3729 2841 3845 2892 Καὶ
3885 2840 3979 2909 δῆ-

2387 2936 2517 2989 τα⁶⁸
2546 2933 2657 3005 (45)
2694 2933 2854 2986 πλοῖα
2888 2933 3168 3000 σιταγωγὰ
3185 2934 3295 2995 τοῖς
3329 2932 3778 3002 πολεμιστηρίοις
3810 2948 3984 3002 προσ·

691 3024 995 3092 imperator
1042 3019 1388 3091 praeveniens
1442 3018 1592 3073 misit
1632 3018 1894 3089 igniferas
1932 3034 2120 3084 naves,
2158 3036 2281 3089 qua:

2388 3026 2820 3087 καθοπλίσαντες
2878 3023 3229 3092 πανθυμαδὸν
3262 3024 3617 3089 ἀναπλέουσι,
3667 3025 3984 3093 προσορμί-

689 3115 922 3171 hostiles
940 3129 1110 3169 naves
1131 3113 1185 3168 in
1216 3114 1338 3168 loco
1368 3112 1631 3182 praedicto
1660 3111 1867 3166 adortae
1898 3112 2096 3181 partim
2125 3128 2280 3167 com-

2386 3117 2569 3182 ζονταί
2616 3132 2672 3168 τε
2718 3119 2782 3185 τῇ
2824 3114 2931 3168 τῶν
2984 3115 3336 3184 καλουμένων
3372 3115 3611 3185 Βυρὶδων
3659 3103 3777 3183 (44)
3810 3119 3978 3184 ἀκτῇ,

687 3208 902 3264 burunt
960 3208 1245 3278 integras,
1295 3205 1497 3275 partim
1563 3204 1927 3275 dispergunt,
1983 3205 2278 3276 plerasque

2385 3209 2495 3263 τῶν
2548 3206 2831 3277 προτέρων
2877 3207 2979 3261 οὐκ
3016 3208 3273 3270 ἐλάττους
3305 3206 3465 3259 οὖσαι
3514 3206 3577 3259 τὸ
3606 3206 3851 3277 πλῆθος·
3888 3208 3982 3259 καὶ

688 3310 876 3355 autem
920 3300 1151 3370 capiunt
1190 3312 1299 3352 una
1335 3312 1461 3352 cum
1498 3297 1816 3353 hominibus
1864 3307 1921 3354 et
1958 3298 2279 3368 imperatori

2388 3302 2498 3373 γὰρ
2554 3302 2632 3363 εἰς
2674 3307 2715 3353 ν’
2750 3299 2844 3353 καὶ
2881 3305 2927 3351 τ’
2970 3300 2999 3352 ό
3047 3298 3253 3352 τούτων
3311 3299 3514 3368 ηὔξητο
3564 3300 3804 3369 ἀριθμός
3844 3300 3977 3369 (45).

688 3392 995 3448 adducunt.
2388 3393 2623 3465 Ἔμελλε
2664 3392 2721 3445 δὲ
2761 3392 2871 3461 ἄρα
2911 3391 2975 3445 ἐκ
3022 3408 3081 3445 τε
3120 3392 3299 3444 νοτίου
3356 3392 3558 3462 μέρους
3604 3392 3697 3444 καὶ
3759 3391 3977 3463 βορείου

685 3492 787 3562 τῆς
812 3490 1019 3553 πόλεως
1065 3489 1205 3559 αὐτῇ
1253 3488 1580 3560 προσϐαλεῖν
1616 3491 1662 3527 ⁸⁸
1688 3492 1807 3553 ταῖς
1856 3489 2071 3544 ναυσίν.
2112 3491 2376 3561 Βασιλεὺς
2408 3496 2467 3549 δὲ
2530 3490 2856 3563 προφθάσας
2893 3488 3217 3543 ἀποστέλλει
3272 3489 3587 3559 πυρφόρους
3629 3488 3767 3551 ναῦς
3839 3488 3955 3560 (46)

688 3584 842 3656 αἳεδη
880 3586 1000 3647 ταῖς
1044 3584 1155 3637 τῶν
1188 3583 1447 3637 ἐναντίων
1472 3585 1633 3637 ναυσὶ
1665 3583 1809 3637 κατὰ
1843 3584 1933 3638 τὸν
1982 3586 2274 3657 εἰρημένον
2319 3587 2646 3656 ἐπιθέμεναι
2672 3586 2873 3655 χῶρον,
2906 3584 2973 3645 ἃς
3005 3582 3106 3652 μὲν
3138 3582 3523 3635 ὁλοκαυτοῦσιν
3592 3582 3708 3652 (47)
3768 3583 3973 3636 αὐτῶν⁹

687 3679 756 3739 ἃς
786 3676 841 3728 δὲ
885 3675 1323 3741 σκεδαννύουσιν,
1364 3676 1463 3739 τὰς
1509 3674 1731 3738 πλείους
1790 3676 1847 3728 δέ
1899 3675 2106 3729 τούτων
2172 3678 2351 3732 αὐτῶν
2388 3676 2860 3747 συλλαμϐάνουσιν
2912 3673 3173 3745 ἀνδράσιν
3235 3672 3423 3735 αὐτοῖς
3480 3673 3576 3726 καὶ
3626 3672 3707 3741 τῷ
3761 3664 3978 3745 βασιλεξ

688 3770 1080 3840 προσάγουσιν.

761 3864 897 3917 Cum
931 3870 1117 3915 autem
1149 3859 1455 3915 audivisset
1478 3858 1759 3930 lllortagon
1799 3858 2069 3931 Bulgariae
2102 3860 2280 3916 domi-

2469 3858 2748 3930 Ἀκηκοὼς
2773 3859 2830 3912 δὲ
2864 3856 3173 3929 Μορτάγων
3207 3857 3321 3928 (48)
3354 3861 3382 3911 ὁ
3406 3856 3593 3929 κύριος
3626 3859 3973 3933 Βουλγαρίας

689 3966 795 4008 nus
817 3967 941 4022 qua
976 3959 1294 4022 quantaque
1340 3949 1712 4020 imperatoriae
1758 3950 1881 4005 urbi
1922 3949 2274 4016 accidissent,

2384 3953 2483 4005 ὅσα
2507 3969 2567 4003 τε
2602 3951 2696 4003 καὶ
2736 3944 2825 4003 οἶα
2860 3951 3001 4003 κατά
3046 3948 3146 4020 τὴν
3189 3949 3437 4019 βασιλίδα
3468 3949 3622 4002 πόλιν
3660 3952 3971 4023 συνηνέχθη

689 4058 790 4113 per
833 4042 1163 4112 legationem
1198 4041 1310 4111 agit
1336 4055 1459 4096 cum
1503 4041 1837 4110 imperatore
1861 4083 1873 4107 ,
1919 4041 2277 4111 deposcitque

2384 4041 2657 4110 γενέσθαι,
2708 4039 3163 4111 διαπρεσϐεύεται
3194 4039 3355 4109 [πρὸς
3402 4039 3635 4109 βασιλέα
3674 4043 3775 4094 καὶ
3834 4061 3971 4112 συμ-

688 4134 798 4190 sibi
837 4133 1158 4189 societatem
1202 4133 1356 4188 belli.
1390 4132 1523 4187 Nam
1566 4132 1748 4188 fmdus
1795 4133 1929 4187 illud
1972 4133 2276 4188 tricennale

2387 4136 2579 4204 μαχεῖν
2611 4134 2842 4186 αίτεῖται
2869 4133 3018 4201 αύτῷ
3042 4150 3056 4164 ·
3104 4134 3160 4185 αι
3198 4133 3309 4203 γὰρ
3339 4133 3444 4185 ὑπὸ
3474 4132 3711 4197 Λέοντος
3746 4134 3844 4187 τοῦ
3879 4136 3972 4204 βα-

691 4224 797 4279 sub
829 4224 1014 4280 Leone
1048 4224 1383 4295 imperatore
1419 4238 1543 4277 cum
1588 4224 1721 4295 ipsis
1764 4224 1968 4278 factum
2002 4224 2114 4296 jam
2158 4226 2275 4281 fere

2385 4225 2577 4288 σιλίως
2639 4225 2750 4293 (49)
2806 4224 2945 4296 πρὸς
3001 4225 3201 4289 αὐτοὺς
3249 4225 3685 4296 τριακοντούτεις
3746 4228 3970 4281 σπονδαι

2027 4416 2263 4472 νΑιιιΑε
2302 4406 2715 4474 LECTiO‘NES.

761 4539 802 4571 ⁶¹
830 4538 1043 4610 άθρῶον
1082 4539 1143 4593 ι..
1221 4538 1266 4568 "
1289 4538 1627 4591 διοκείλαντα
1659 4537 1719 4592 L.
1827 4539 1871 4570 ”
1900 4538 2069 4594 νῶτον
2088 4536 2150 4595 L.
2229 4538 2272 4570 “
2298 4539 2375 4611 τῷ
2408 4556 2518 4595 om.
2550 4541 2611 4594 L.
2690 4540 2733 4571 ⁸⁸
2766 4539 2860 4593 καὶ
2887 4539 2951 4611 δὴ
2980 4541 3048 4594 τὰ
3078 4538 3140 4595 ι..
3216 4537 3265 4577 ⁸⁸
3294 4536 3653 4609 προσϐαλλεῖν
3686 4534 3754 4591 ι..

1865 4696 2109 4753 STEPH.
2163 4697 2508 4754 BERGLERI
2550 4697 2784 4755 ΝΟΤᾹΞ.

764 4815 876 4886 (3‘2)
911 4814 1073 4886 ant.
1104 4831 1161 4883 p.
1196 4814 1287 4886 39,
1316 4813 1437 4867 κατ’
1483 4812 1659 4886 ἐκεῖνο
1673 4807 1840 4886 .-γοῦν
1898 4807 2183 4886 πάλιν-ᾔει
2212 4808 2273 4861 τδ

2420 4810 2717 4886 -(41)Ζοη.
2746 4809 2947 4886 p.139,
2972 4809 3115 4886 καὶτὰ
3139 4811 3241 4886 τᾲς
3272 4810 3524 4881 Βυρίδας.
3567 4809 3735 4886 Cedr.
3766 4829 3828 4886 p.
3864 4814 3964 4869 504

1022 4878 1121 4938 καῖ
1160 4885 1447 4954 πρότερον,
1496 4882 1588 4936 τὸν
1621 4880 1824 4935 κόλπον
1882 4878 1991 4931 τῶν
2027 4878 2266 4949 Βλαχερ-
2377 4880 2576 4961 “huc;
2616 4881 2997 4961 priqinttb‘i
3032 4882 3264 4961 Βηρίδου
3281 4878 3963 4961 Λπροσορμίζεταιίεοηι.

689 4951 817 5011 ὗῶἰ
968 4951 995 4959 ··
1206 4951 1217 4954 -
1682 5021 1693 5024 _
2379 4967 2432 5021 p.
2459 4952 2549 5024 40,
2570 4952 2647 5020 τῷ
2679 4951 2785 5024 τῷν
2818 4951 3075 5024 ,Βυρίδων
3098 4952 3240 5004 κατὰ
3276 4951 3497 5024 βρᾲκην
3544 4953 3729 5021 λιμένι
3791 4973 3962 5024 προσ-

786 5025 876 5092 55)
911 5024 1074 5079 Cont.
1106 5040 1163 5095 p.
1197 5024 1289 5087 39,
1316 5023 1481 5095 Cedr.
1511 5040 1567 5095 p.
1598 5020 1702 5095 504

2376 5020 2716 5091 ορμίζονται.
2736 5020 2909 5075 Debet
2939 5030 3122 5074 autem
3148 5021 3289 5090 apud
3317 5020 3574 5076 Nestrum
3600 5020 3967 5080 Subaudiriai

908 5095 1068 5149 Cont.
1189 5094 1277 5155 59,
1312 5094 1478 5150 Cedr.
1592 5092 1716 5159 504,
1747 5089 1883 5145 Zon.
1916 5104 1970 5159 p.
2011 5087 2134 5143 157.

784 5168 878 5233 55)
903 5166 1138 5221 Cedren.
1162 5180 1217 5233 p.
1244 5166 1365 5219 157.
1500 5222 1503 5223 ν

2384 5087 2511 5154 ναῦς
2536 5105 2631 5147 aut
2658 5094 2807 5159 νῆες,
2839 5108 2938 5161 per
2980 5087 3359 5162 synonjmiam
3389 5107 3419 5146 a
3448 5094 3743 5163 superiore
3780 5098 3967 5163 πλοῖα,

2384 5174 2607 5231 pr0pter
2642 5162 2834 5219 αὗται·
2863 5163 3000 5216 alias
3021 5170 3105 5233 est
3133 5164 3495 5217 solascismus.
3560 5232 3569 5233 ί

2384 5174 2607 5231 pr0pter
2642 5162 2834 5219 αὗται·
2863 5163 3000 5216 alias
3021 5170 3105 5215 est
3133 5164 3495 5217 solascismus.

788 5232 877 5302 36)
908 5236 1069 5290 Cont.
1094 5232 1251 5304 p.739
1278 5238 1332 5290 in
1360 5236 1490 5291 ﬁne.

2454 5233 2564 5304 (l3)
2595 5234 2753 5289 Cont.
2779 5250 2831 5302 ιι.
2865 5233 2934 5285 40
2960 5241 3016 5286 et
3047 5232 3213 5287 Cedr.
3240 5248 3295 5303 p.
3322 5233 3447 5297 504,
3470 5234 3525 5287 in
3546 5232 3676 5289 ﬁne.

786 5308 855 5360 57
912 5305 1074 5361 Cont.
1102 5322 1157 5375 p.
1190 5306 1279 5370 59,
1302 5308 1467 5361 Cedr.
1501 5304 1697 5378 p.504.

786 5308 875 5447 38)
908 5376 1071 5433 Cont.
1103 5392 1158 5445 p.
1186 5376 1275 5447 40,
1306 5378 1470 5447 Cedr.
1497 5395 1552 5447 p.
1579 5375 1697 5447 504.

2452 5303 2564 5369 (46)
2599 5304 2760 5373 Cont.
2796 5319 2849 5373 p.
2878 5304 2967 5358 40.

786 5310 855 5360 57
912 5310 1074 5361 Cont.
1102 5322 1157 5375 p.
1190 5310 1279 5370 59,
1302 5310 1467 5361 Cedr.
1501 5310 1697 5378 p.504.

760 5310 875 5450 (38)
907 5376 1071 5450 gout.
1103 5392 1158 5445 p.
1182 5376 1275 5450 40,
1301 5378 1470 5450 pedr.
1497 5375 1702 5450 p.304.

783 5446 872 5518 59)
895 5447 1057 5518 Cont.
1082 5463 1139 5512 p.
1168 5446 1258 5511 40,
1288 5446 1447 5503 Cedr.
1469 5446 1525 5518 p'.
1548 5446 1671 5518 504.

783 5452 872 5518 59)
895 5452 1057 5501 Cont.
1082 5463 1139 5512 p.
1168 5452 1258 5511 40,
1288 5452 1447 5503 Cedr.
1469 5464 1525 5518 p.
1548 5452 1671 5503 504.

760 5452 875 5591 ($0)
908 5517 1039 5573 Scil.
1092 5518 1464 5585 ἐπιστέλλων,
1517 5529 1577 5574 ut
1597 5517 1758 5573 Cont.
1798 5530 1853 5586 p.
1901 5511 1970 5568 40
2001 5521 2055 5569 et
2104 5513 2269 5571 Cedr.

688 5607 743 5661 p.
775 5607 895 5645 sua.

760 5661 871 5728 (41)
908 5660 1041 5731 Zon.
1080 5659 1288 5731 p.138.

756 5732 869 5801 (42)
890 5730 1051 5785 Cont.
1082 5730 1140 5800 p.
1165 5731 1252 5794 40,
1289 5730 1453 5787 Cedr.
1478 5746 1531 5800 p.
1572 5732 1640 5785 50
1656 5732 1695 5785 ι.

754 5804 865 5872 (45)
902 5802 975 5855 lta
1006 5805 1295 5869 scriptum,
1342 5817 1467 5855 cum
1514 5810 1797 5870 oporteret
1849 5803 1918 5859 τὰ
1980 5802 2262 5872 σιταγωγὰ

685 5874 851 5926 πλοῖα
881 5880 974 5927 aut
999 5873 1067 5926 τὰ
1102 5874 1259 5925 πλοῖα
1285 5876 1350 5924 τὰ
1387 5877 1691 5941 σιταγωγά.

2454 5368 2569 5446 (47)
2604 5368 2736 5430 Seil.
2768 5368 2843 5441 τῷ
2882 5372 3169 5446 σκευαστῷ
3205 5372 3357 5444 πυρί,
3386 5372 3551 5430 Cedr.
3596 5391 3652 5446 p.
3682 5377 3813 5442 505,
3848 5380 3966 5435 sive

2383 5445 2537 5514 ύγρῴ
2558 5448 2690 5513 πυρὶ
2722 5446 2855 5499 Ζοιι.
2878 5460 2930 5513 p.
2976 5445 3089 5498 158.

2455 5514 2566 5587 (48)
2590 5514 2747 5570 Com.
2775 5531 2826 5584 p.
2869 5516 2961 5577 41,
2996 5513 3164 5587 ϐοᾶς.
3190 5530 3244 5587 p.
3275 5516 3400 5582 505,
3433 5517 3570 5572 Zon.
3600 5532 3658 5587 p.
3697 5518 3821 5574 158.
3863 5521 3965 5574 So-

2380 5584 2470 5641 lus
2499 5584 2699 5661 Georg.
2726 5587 3086 5661 mon.__ipsu_m
3120 5584 3436 5641 Michaelem
3461 5584 3665 5643 auxilia
3697 5589 3965 5661 Bulgaro-

2370 5673 2494 5710 rum
2532 5658 2754 5726 petiisse
2777 5672 2829 5726 p.
2858 5656 2981 5711 515.
3014 5657 3275 5730 Pet-verse
3310 5674 3458 5713 nunc
3479 5661 3649 5715 etiam
3686 5656 3962 5730 loqn'itur.

2370 5730 2945 5808 aitaitateuppaxsiv
2978 5729 3159 5808 αὐτῷ,
3182 5730 3308 5797 petit
3331 5740 3393 5808 _ut
3425 5733 3471 5783 εἰ
3502 5729 3794 5808 {auxiliaris
3836 5734 3961 5799 ﬁat.

2368 5798 2527 5881 Illum
2568 5797 2705 5881 dicit
2736 5797 3108 5881 petii_s_set,‘qui
3150 5801 3437 5881 ἱρείη-ξαρ
3463 5801 3759 5856 oﬂ'erebat.

2438 5868 2734 5940 (49)(1υιιι.
2765 5886 2815 5939 p.
2852 5868 3122 5935 41,(;‹ιι1ι·.
3160 5886 3209 5939 p.
3243 5872 3365 5934 £305,
3401 5872 3532 5926 Zon.
3564 5888 3613 5943 p.
3654 5876 3778 5930 l38.
