4146 6436
142 400 276 466 1019

1490 417 1757 478 REGUM
1797 420 1941 478 LIB.
1983 421 2061 479 ll.

3257 430 3392 498 1050

138 520 243 573 τῶι.
277 520 581 589 οἰκητόρων
612 521 780 589 αὐτῆς
826 522 922 574 σὺν
966 522 1246 594 ἐλευθερία
1285 528 1457 579 ποιεῖν
1480 527 1547 580 τὰ
1584 529 1720 598 Χρι-

1826 532 2202 600 Agarenorum
2260 533 2595 588 incursionis
2625 541 2681 588 et
2718 539 3138 606 erpugnationis
3172 542 3390 599 urbium

140 610 370 664 στιανῶν
400 610 705 679 εἰθισμένα.
732 605 829 663 Ὧν
864 613 975 681 (12)
1007 616 1103 682 τῆς
1138 616 1438 686 ἐπιδρομῆς
1459 619 1486 670 ὁ
1510 619 1713 689 Θωμᾶς

137 702 232 753 καὶ
264 701 519 764 ἁλώσεως
544 702 738 766 αἴτιος,
782 702 1078 772 Ἀπόχαψις
1102 706 1148 736 ⁸⁷
1197 707 1253 759 δὲ
1296 707 1433 773 (15).
1486 702 1547 760 οῦ
1586 713 1713 773 παῖς

140 792 238 860 μὲν
276 793 486 863 Σαῖπης
520 794 805 863 ἐτύγχανε,
842 795 1047 847 Σαϊπου
1077 797 1133 849 δὲ
1168 798 1389 862 Βάὸδελ,
1423 799 1480 863 ὃς
1519 803 1578 852 ὲν
1609 804 1714 854 Πε-

137 885 456 955 λοποννήσῳ
472 886 517 917 ⁸⁸
544 887 688 939 κατά
718 905 771 939 τι
804 887 1080 957 θαλάσσης
1108 891 1402 944 κλυδώνιον
1433 893 1569 964 πρὸς
1610 895 1713 964 γῆν

138 978 236 1028 σὺν
268 975 358 1045 νηῒ
386 980 451 1045 τῇ
488 978 684 1030 ἑαυτοῦ
716 980 1079 1049 προσπαρεὶς,
1125 984 1183 1033 ἐν
1214 983 1450 1052 ἡμέραις
1481 985 1571 1037 τοῦ
1607 1005 1713 1055 μαο

135 1068 365 1137 καρίτου
393 1069 620 1130 Λέοντος
645 1070 928 1139 βασιλέως,
960 1073 1327 1140 τηνικαῦταδὲ
1351 1078 1716 1147 στρατηγοῦν-

134 1177 227 1221 τος
259 1161 669 1213 Κωνσταντίνου
701 1162 796 1214 τοῦ
830 1164 1241 1232 συνετόφρονος,
1283 1170 1638 1237 ὲκεκράτητο,
1672 1163 1716 1238 ᾧ

136 1253 730 1321 τεσσαρακοντάπηχυς
776 1254 822 1284 ⁸⁸
873 1254 986 1323 (Μ)
1048 1255 1107 1307 τὸ
1144 1257 1462 1327 ἐπώνυμον·
1511 1254 1717 1324 οῦτινος

136 1343 346 1394 Βαὸδελ
387 1343 558 1395 ὲτέλει
582 1343 608 1394 ὀ
632 1345 942 1413 Ζερκουνῆς
971 1345 1252 1412 σύγγονος,
1289 1350 1318 1400 ὁ
1361 1349 1466 1417 πρὸ
1499 1349 1593 1402 τοῦ
1623 1351 1717 1403 νῦν

133 1433 385 1503 ἀρχηγοῦ
410 1434 512 1501 τῆς
546 1433 772 1502 Κρήτης
802 1436 1279 1506 καθηγησάμενος.

224 1524 314 1576 Ἐν
332 1525 505 1596 ταύτῃ
536 1524 648 1594 (IS)
682 1525 739 1576 δὲ
772 1529 839 1595 τῇ
864 1528 1012 1596 νήσῳ
1049 1529 1314 1596 Κύριλλος
1337 1533 1365 1582 ὁ
1397 1531 1716 1600 Θαυμάσιος,

135 1620 167 1669 ὁ
195 1617 470 1688 Γορτύνης
487 1620 531 1649 ’°
564 1620 945 1688 ἐπισκοπήσας
987 1622 1086 1688 τῆς
1130 1624 1361 1687 πόλεως,
1412 1626 1551 1697 ὑπὲρ
1581 1630 1715 1698 Χρι-

136 1710 271 1762 στοῦ
317 1710 393 1772 ὡς
447 1712 642 1780 ἱερεῖον
676 1711 909 1779 ἄμωμον
952 1713 1307 1781 ἐσφαγίαστο.
1343 1710 1417 1769 Οῦ
1451 1718 1511 1769 τὸ
1537 1720 1721 1787 τίμιον

137 1796 286 1870 αἷμα
321 1801 481 1871 μέχρι
520 1802 617 1872 τῆς
640 1802 801 1873 δεῦρο
830 1805 973 1857 κατά
994 1822 1115 1857 τινα
1145 1806 1340 1876 χῶρον,
1371 1808 1552 1871 καθώς
1579 1811 1720 1874 τινές

138 1909 333 1960 φασιν,
374 1893 761 1956 ἀνεξάλειπτον
791 1898 1183 1966 συντετήρηται
1210 1912 1223 1924 ·
1256 1898 1378 1950 καθ’
1404 1900 1463 1951 ὃν
1491 1902 1538 1952 οἰ
1563 1901 1717 1954 εύσε-
1752 1879 1791 1932 Β

137 1987 260 2047 δεῖς
290 1985 585 2053 φοιτῶντες
632 1985 729 2039 καὶ
774 1986 934 2039 τοῦτο
976 1990 1203 2059 σπόγγῳ
1256 1992 1721 2061 ὲναπομάττοντες

134 2078 207 2129 δι’
237 2076 404 2129 αὐτοῦ
444 2094 507 2144 γε
535 2078 680 2133 θεῖον
730 2078 901 2151 μύρον
929 2080 1244 2149 ὑδρεύονται
1285 2084 1380 2136 καὶ
1418 2085 1536 2137 κατ’
1567 2074 1721 2137 οὐδὲν

137 2167 420 2221 ἀλλοιοῦσι
445 2169 506 2221 τὸ
540 2169 741 2239 χρῶμα
767 2170 863 2222 τοῦ
896 2170 1150 2239 αἵματος.
1191 2174 1310 2227 Ἔτι
1337 2175 1394 2227 δὲ
1424 2177 1518 2228 καὶ
1555 2177 1588 2245 ἡ
1614 2178 1720 2229 τῶν

133 2260 430 2329 τροφίμων
483 2260 762 2315 σεϐαστῶν
818 2263 1027 2316 παίδων
1084 2264 1255 2333 αὐτῆς
1310 2265 1544 2334 ἑϐδομὰς
1608 2268 1721 2340 (16)

139 2353 289 2422 μετὰ
333 2351 540 2405 πολλῶν
566 2352 745 2407 ἄλλων
778 2356 923 2427 ταφῇ
956 2356 1277 2424 ἀφιέρωται,
1324 2357 1721 2426 ἀναιρεθέντων

134 2446 289 2515 ὑπὲρ
334 2444 436 2513 τῆς
489 2445 570 2508 εἰς
619 2446 856 2517 Χριστὸν
891 2446 1218 2501 ἀδιστάκτου
1264 2450 1356 2502 καὶ
1400 2450 1723 2521 εἰλικρινοῦς

138 2556 180 2590 π
191 2553 408 2598 ιστεως.

211 2632 327 2685 Καὶ
358 2632 422 2701 δὴ
447 2632 556 2699 (17)
582 2631 769 2686 ἔκτοτε
803 2632 1283 2703 κατακεκρᾶτηντο
1305 2633 1371 2687 ἂν
1399 2634 1530 2703 παρ’
1563 2635 1724 2700 Ἀγα-

139 2722 331 2791 ρηνῶν
374 2723 428 2775 αἰ
461 2724 634 2792 νῆσοι,
667 2723 716 2774 εἰ
748 2722 821 2792 μὴ
854 2721 1107 2791 βασιλεὺς
1146 2722 1366 2793 Μιχαὴλ
1395 2724 1423 2775 ὀ
1453 2723 1514 2786 ἐξ
1557 2723 1719 2792 Ἀμοσ

137 2816 266 2883 ρίου
302 2814 428 2884 ἔσχε
474 2814 905 2883 φιλονεικότερον
943 2814 1352 2885 ὲλευθεριάσειν
1377 2816 1581 2878 αὐτάς·
1627 2815 1724 2867 καὶ

134 2904 208 2973 δὴ
238 2904 604 2973 πολυωρήσας
633 2902 927 2973 ἐνδελεχῶς
969 2904 1239 2974 Κρατερῷ
1274 2904 1353 2973 τῷ
1378 2904 1725 2975 πρατηγέτῃ

136 2995 524 3066 Κυϐερεωτῶν
561 2995 674 3065 (18)
718 2995 1024 3048 ἐνετείλατο
1060 2998 1239 3059 πάσας
1284 2996 1381 3058 τὰς
1426 2996 1517 3047 ὑπ’
1562 2995 1724 3047 αὑτὸν

138 3086 281 3150 ναῦς
314 3088 822 3158 παρετοιμάσασθαι
862 3088 957 3140 καὶ
995 3088 1206 3158 ἀπᾶραι
1238 3090 1318 3150 εἰς
1364 3088 1593 3157 Κρήτην
1631 3088 1725 3139 καὶ

1816 619 2054 675 Thomas
2080 633 2199 676 erat
2229 639 2413 678 causa.
2464 622 2736 679 Cieterum
2786 627 3185 699 Apochapsidis
3241 632 3389 689 filius

1813 717 1932 762 erat
1969 708 2183 779 Saipes,
2215 711 2325 782 48
2350 713 2526 782 Saipze
2548 724 2730 768 autem
2768 715 2993 780 Babdel,
3023 721 3115 788 qui
3148 722 3203 776 in
3229 724 3389 780 Pelo-

1814 816 2057 869 ponneso
2086 790 2411 870 tempestate
2437 806 2673 874 quadam
2706 808 2873 862 maris
2903 810 2971 863 ad
3002 820 3205 866 terram
3255 830 3381 871 eum

1815 907 1950 945 nave
1968 908 2062 947 sua
2090 894 2300 959 allisus,
2339 898 2680 965 temporibus
2714 899 2860 953 beati
2897 900 3095 957 Leonis
3148 904 3388 974 impera-

1818 984 1972 1047 toris,
2005 986 2142 1039 duce
2165 986 2524 1041 Constantino
2553 989 2649 1043 illo
2676 989 2974 1059 prudente,
3017 1003 3210 1062 captus
3261 996 3387 1062 fuit,

1815 1077 1903 1128 cui
1941 1091 2242 1146 cognomen
2296 1082 2893 1149 τεσσαρακοντάπηχυς
2949 1081 2967 1147 (
2988 1081 3025 1135 i.
3062 1097 3113 1135 c.
3153 1085 3391 1151 quadra-

1817 1168 1966 1239 ginta
1990 1169 2301 1222 cubitorum
2327 1169 2365 1238 ).
2401 1169 2577 1239 Hujus
2605 1182 2787 1223 autem
2816 1171 3016 1226 Babdel
3042 1182 3155 1227 erat
3181 1173 3387 1228 Zercu-

1817 1274 1916 1314 nes
1947 1258 2137 1321 frater,
2181 1260 2275 1328 qui
2309 1268 2437 1313 ante
2490 1262 2655 1314 istum
2717 1261 2811 1330 qui
2854 1277 3002 1317 nune
3055 1272 3139 1317 est
3191 1265 3388 1320 ducem

1815 1350 1993 1405 Cretae
2011 1351 2248 1420 praefuit.

1889 1528 2058 1582 Porro
2085 1528 2141 1581 in
2181 1528 2283 1581 hac
2313 1528 2489 1582 insula
2516 1528 2752 1599 Cyrillus
2780 1530 2869 1585 ille
2900 1532 3274 1596 admirandus,
3298 1532 3393 1603 qui

1819 1620 1923 1673 fuit
1959 1619 2212 1689 Gortynae
2239 1620 2393 1673 urbis
2447 1621 2762 1689 episcopus,
2812 1636 2913 1690 pro
2961 1622 3183 1678 Christo
3239 1626 3395 1680 velut

1822 1710 2169 1764 immaculata
2203 1709 2384 1763 hostia
2416 1710 2520 1762 fuit
2546 1710 2884 1765 immolatus.
2917 1710 3089 1781 Cujus
3118 1714 3396 1780 pretiosus

1822 1803 2043 1871 sanguis
2068 1816 2243 1871 usque
2274 1800 2342 1854 ad
2398 1801 2545 1855 hunc
2594 1802 2744 1856 diem
2798 1802 3037 1871 quodam
3071 1803 3126 1857 in
3156 1803 3302 1866 loco,
3334 1812 3396 1859 ut

1821 1894 2050 1964 quidam
2070 1894 2242 1957 aiunt,
2263 1893 2575 1948 indelebilis
2601 1903 2995 1949 conservatur:
3024 1909 3189 1963 quem
3211 1895 3395 1950 locum

1821 1987 1896 2055 pii
1953 1986 2213 2040 homines
2287 1984 2703 2054 frcquentantes
2754 1985 3019 2055 illumque
3073 1987 3395 2056 sanguinem

1821 2078 2067 2147 spongiis
2096 2076 2419 2131 ail‘ricantes
2470 2093 2570 2145 per
2603 2093 2729 2131 eum
2763 2077 3013 2132 divinum
3055 2087 3396 2148 unguentum

1822 2170 2163 2223 hauriuntct
2201 2169 2518 2222 nullatenus
2567 2170 2811 2223 colorem
2862 2170 3145 2240 sanguinis
3194 2171 3399 2226 immu-

1822 2269 1960 2315 tant.
1995 2261 2266 2315 Praeterea
2298 2261 2463 2314 etiam
2497 2261 2847 2315 alumnarum
2900 2262 3302 2326 venerabilium
3340 2270 3399 2318 et

1822 2353 2059 2406 filiorum
2087 2352 2208 2421 ejus
2244 2351 2437 2405 insulae
2468 2351 2834 2421 septenarius,
2876 2369 3001 2407 eum
3030 2354 3218 2408 multis
3249 2353 3396 2419 aliis,

1823 2445 2105 2513 sepultura
2129 2453 2486 2498 consecratus
2517 2453 2623 2507 est,
2654 2445 2748 2514 qui
2808 2445 3083 2501 interfecti
3144 2454 3271 2501 sunt
3300 2462 3401 2517 pro

1823 2537 1930 2591 fide
1956 2537 2010 2589 in
2042 2536 2323 2591 Christum
2355 2537 2662 2591 indubitata
2698 2546 2755 2591 et
2777 2553 2915 2607 pura

1896 2623 1963 2676 Et
1988 2638 2118 2677 sane
2149 2623 2339 2677 abillo
2371 2632 2617 2693 tempore
2665 2624 2998 2679 mansissent
3024 2624 3078 2678 in
3126 2632 3401 2693 potestate

1824 2715 2199 2785 Agarenorum
2230 2716 2445 2779 insulae,
2479 2715 2584 2770 nisi
2635 2715 2939 2785 imperator
2974 2715 3205 2771 Michael
3235 2717 3400 2769 Amo-

1826 2809 2024 2864 musis
2052 2818 2342 2877 tantopere
2403 2807 2712 2863 studuisset
2756 2823 2851 2862 eas
2898 2808 3155 2863 liberare.
3213 2808 3403 2877 Itaque

1826 2916 1951 2955 cum
1986 2908 2133 2955 esset
2157 2900 2380 2955 assidue
2411 2900 2702 2963 sollicitus,
2739 2899 2969 2955 Cratero
3016 2898 3272 2969 prasfecto
3297 2898 3406 2969 Cy-

1826 2994 2182 3047 bereotarum
2204 2992 2467 3062 praecepit
2497 3000 2556 3045 ut
2573 3007 2767 3047 omnes
2792 3007 2929 3061 quas
2960 2991 3063 3046 sub
3086 3005 3145 3045 se
3164 2990 3403 3045 haberet

1827 3102 1996 3142 naves
2015 3087 2317 3142 instrueret
2344 3096 2399 3141 et
2431 3088 2486 3139 iu
2515 3084 2734 3141 Cretam
2764 3087 3207 3155 proﬁcisceretur
3236 3093 3407 3155 atque

140 3180 359 3249 σπουδῇ
411 3180 563 3252 πάσῃ
611 3181 739 3242 τοὺς
784 3179 989 3248 ταύτης
1042 3181 1334 3248 οἰκήτορας
1375 3180 1724 3248 Σαρακηνοὺς

1826 3181 1975 3234 omni
2000 3180 2183 3234 studio
2214 3178 2519 3233 Saracenos
2566 3193 2687 3233 eam
2719 3178 3094 3233 inhabitantes
3147 3178 3408 3231 extemi-

139 3272 474 3342 ὀλοθρεῦσαι
507 3272 642 3341 (19).
674 3272 771 3333 Ὃς
800 3273 983 3323 ἐκεῖσε
1005 3272 1446 3341 παραγενόμενος
1474 3272 1571 3324 σὺν
1598 3287 1727 3322 ναυ-

144 3368 237 3419 σὶν
266 3365 313 3418 o'
339 3366 459 3417 κατ’
487 3364 668 3417 αὐτῶν
709 3364 946 3433 πόλεμον
990 3358 1125 3433 ἦρεν
1165 3363 1226 3428 ἐξ
1273 3361 1538 3429 ἀνατολῆς
1578 3362 1729 3433 ήλίου

146 3458 321 3527 μέχρι
352 3456 454 3525 τῆς
482 3455 690 3517 δύσεως
722 3455 859 3524 (20),
906 3456 1058 3509 καὶ⁹¹
1090 3454 1231 3507 κατά
1269 3454 1522 3507 τοσοῦτον
1550 3455 1732 3507 αὐτῶν

141 3548 475 3617 ἐκυρίευσεν
530 3546 670 3601 ὥστε
723 3549 933 3610 πάντας
994 3550 1090 3601 καὶ
1164 3549 1484 3616 ἀναιρήσειν
1545 3548 1734 3615 βεϐού-

142 3640 288 3710 λητο
326 3638 464 3707 (21).
507 3638 666 3692 ’Δλλά
708 3638 872 3691 κακοὶ
911 3639 1146 3707 ἀρχηγοὶ
1177 3638 1425 3700 συνόντες
1464 3638 1610 3706 αὐτῷ
1636 3640 1736 3691 οὐκ

147 3729 434 3792 εύσούλως
464 3729 781 3782 ἀνέστειλαν
811 3730 1124 3798 εἰρηκότες·
1162 3748 1181 3781 ι
1225 3730 1414 3798 Ἡμεῖς
1444 3745 1507 3796 γε
1527 3730 1737 3791 πάντας

148 3822 557 3885 ὑποστιέσαντες
582 3821 717 3890 (2‘2),
751 3822 851 3874 οὐκ
875 3821 954 3873 ἔτι
987 3822 1203 3884 πάντως
1232 3813 1376 3875 οῦτοι
1408 3822 1736 3891 τολμήσειαν

144 3915 253 3971 τοῦ
282 3914 472 3969 λοιποῦ
503 3917 640 3986 πρὸς
668 3916 813 3985 ἡμᾶς
847 3914 1263 3979 ἀντιτάξασθαι.
1304 3914 1454 3983 Ἤδη
1486 3917 1600 3980 νὺξ
1645 3933 1736 3969 τε-

146 4007 346 4071 ⁸ζείιθει,
387 4008 527 4060 κατὰ
572 4007 664 4060 τὸν
693 4008 959 4077 ποιητὴν,
1022 4007 1251 4076 ἀγαθὸν
1296 4008 1392 4061 καί
1434 4010 1606 4062 νυκτί
1638 4025 1734 4062 πι-

149 4096 374 4151 θέσθαι
396 4097 442 4129 ⁹¹
478 4096 613 4164 (23).
645 4098 1038 4166 Δυσπεφόρηκε
1085 4098 1191 4167 γὰρ
1222 4098 1250 4148 ὀ
1294 4096 1442 4160 λαός.
1477 4100 1732 4168 ’Ἄγωμεν

152 4191 243 4248 εἰς
270 4186 372 4249 τὰς
396 4188 670 4257 ἡμετέρας
706 4188 930 4256 σκηνὰς,
957 4188 1050 4239 καὶ
1076 4190 1292 4255 πρωῖας
1318 4189 1735 4258 ὲπιλαμπούσης

151 4278 488 4348 ἀρξώμεθα
530 4280 625 4331 καὶ
658 4278 1019 4347 κατάσχωμεν
1053 4276 1267 4340 αὐτούς.
1305 4297 1323 4330 ι
1369 4280 1480 4332 Καὶ
1526 4278 1589 4347 δὴ
1623 4282 1736 4343 τοῖς

1825 3281 2004 3326 naret.
2039 3269 2271 3342 49ουί
2307 3279 2597 3339 postquam
2636 3284 2703 3323 eo
2726 3270 3068 3338 pervenisset
3110 3283 3235 3322 eum
3284 3282 3409 3338 sep-

1827 3364 2072 3429 tuaginta
2101 3363 2356 3425 navibus,
2388 3378 2513 3416 eum
2542 3362 2650 3415 illis
2679 3361 2822 3415 bello
2853 3360 3103 3415 conﬂixit
3145 3360 3215 3414 ab
3265 3368 3392 3413 ortu

1828 3457 1959 3511 solis
1988 3456 2053 3509 ad
2085 3467 2361 3517 occasum,
2396 3455 2793 3524 superavitque
2823 3453 2962 3507 adeo
2993 3462 3052 3507 ut
3088 3468 3284 3507 omnes
3316 3453 3405 3505 in-

1834 3550 2084 3602 terficere
2112 3548 2393 3617 cogitaret.
2454 3546 2562 3603 Sed
2624 3546 2806 3616 ignavi
2856 3545 3046 3609 duces,
3106 3545 3202 3614 qui
3249 3550 3410 3600 erant

1834 3640 1979 3709 apud
2013 3640 2217 3710 ipsum,
2250 3641 2493 3710 pessimo
2540 3640 2774 3695 consilio
2818 3650 3207 3709 represserunt
3255 3653 3408 3701 eum,

1835 3732 2084 3787 dicentes
2114 3750 2129 3786 :
2166 3752 2183 3784 ‹
2220 3732 2357 3789 Cum
2386 3748 2488 3788 nos
2529 3734 2820 3788 universos
2848 3733 2989 3787 illos
3025 3732 3160 3787 satis
3202 3730 3409 3785 afﬂixe-

1832 3825 2027 3889 rimus,
2057 3826 2199 3879 haud
2227 3827 2463 3895 amplius
2500 3826 2780 3880 audebunt
2806 3825 3074 3893 deinceps
3122 3824 3242 3878 acie
3273 3837 3409 3877 eon-

1838 3916 1995 3986 gredi
2022 3934 2036 3971 :
2068 3917 2133 3970 Et
2155 3918 2274 3998 jam
2303 3933 2404 3969 nos:
2439 3917 2653 3970 humida
2679 3916 2809 3970 emta
2836 3915 3166 3983 Pracipitat,
3207 3928 3411 3966 secun-

1838 4008 1966 4061 dum
2000 4018 2237 4076 poetam,
2290 4010 2612 4078 suadentque
2660 4009 2904 4062 cadentia
2967 4007 3146 4061 sidera
3173 4022 3410 4058 somnos.

1841 4101 2166 4171 Indignatur
2210 4102 2355 4155 enim
2409 4102 2665 4171 populus.
2721 4102 2926 4155 Eamus
2951 4100 3004 4154 in
3058 4097 3414 4153 tabernacula

1843 4204 2052 4258 nostra,
2079 4203 2135 4249 et
2160 4211 2318 4249 mane
2353 4195 2705 4249 illucescente
2743 4192 3031 4248 veniamus
3083 4207 3290 4261 eosque
3315 4206 3415 4259 op-

1844 4288 2167 4354 primamus.
2203 4307 2220 4339 ι
2249 4289 2427 4359 Atque
2459 4288 2544 4342 his
2569 4289 2756 4343 verbis
2787 4288 3052 4357 deceptus
3083 4287 3137 4341 iu
3164 4286 3417 4339 taberna-

1455 4418 1692 4474 VARUE
1739 4421 2146 4484 LECTIONES.

232 4517 281 4549 "
313 4518 421 4570 imo
462 4504 844 4584 ’ἈπόχαιῐιᾼτιΔ
891 4511 936 4542 ⁸³
965 4510 1316 4579 πελοπονήσω
1342 4510 1403 4564 L.
1478 4510 1522 4543 ⁸⁹
1552 4510 2131 4584 ὅτεσαρακοντάπηχυς
2163 4516 2225 4570 L.

155 4604 277 4642 om.
305 4587 365 4641 L.
441 4587 487 4618 "
512 4572 795 4641 πείθεσθαι
825 4582 886 4636 L.

2318 4516 2365 4549 ⁹⁹
2389 4516 2446 4581 ὃς
2475 4516 2739 4585 γορτύνης
2767 4515 2827 4569 L.
2903 4516 2945 4548 "
2988 4516 3083 4567 καὶ
3112 4524 3239 4569 ante
3275 4510 3418 4565 κατά

1314 4693 1558 4750 STEPH.
1589 4695 1935 4754 BERGLERI
1972 4700 2197 4754 NOTAE.

154 4813 274 4867 que
310 4793 666 4867 divinandum
688 4790 971 4867 fuitquod
998 4789 1256 4867 volnerit.
1291 4791 1495 4867 Nempe
1539 4791 1735 4867 viden-
1772 4797 1814 4850 ι)
1846 4794 1969 4846 στοῦ
1996 4795 2114 4867 τότε
2142 4791 2610 4867 μαρτνρησὲντων
2754 4788 2861 4841 τῶν
2876 4788 3009 4841 δέκα
3044 4787 3412 4867 περιωνύμιιξν

161 4859 258 4921 ιίιι·
283 4882 345 4921 se
370 4874 564 4934 sponte
597 4859 924 4934 dedisse,:ea
946 4859 1263 4934 conditione
1290 4868 1349 4912 ut
1373 4859 1613 4915 liberum
1644 4862 1739 4916 ha-

158 4939 337 4993 beant
356 4932 681 4989 eiercitium
713 4932 1014 5001 religionis.

238 5006 357 5075 (ίὲ)
387 5005 426 5058 l.
455 5020 505 5059 e.
536 5021 780 5075 quorum,
805 5000 927 5071 qua:
958 5008 1044 5075 est
1087 5000 1341 5075 transitio
1365 5010 1422 5055 et
1443 5002 1734 5075 connerio,

160 5071 365 5147 quales
407 5071 569 5130 istius
621 5074 862 5147 hominis
897 5071 1077 5147 solent
1096 5071 1542 5147 esse,_ob_scura.
1586 5071 1733 5147 _ll:ec

161 5139 359 5202 autem
390 5154 618 5199 monent
667 5143 851 5198 caeteri
877 5141 1159 5195 ordientes
1195 5139 1551 5195 rebellionem
1586 5140 1734 5193 Tho-

164 5233 295 5275 nne.
325 5231 465 5284 quos
493 5215 569 5269 ibi
596 5214 874 5267 annotavi.

242 5280 357 5357 (15)
381 5286 455 5339 De
484 5286 569 5357 his
592 5280 1016 5357 Aposchapsidjs
1039 5280 1271 5357 posteris
1295 5289 1351 5333 et
1387 5281 1605 5357 iis_qu:e
1642 5280 1738 5357 _di_-_

165 5349 261 5411 (-it'
304 5349 479 5423 usque
499 5355 564 5409 ad
588 5349 919 5408 mentionem
946 5350 1134 5421 Cyrilli
1162 5349 1416 5420 Cortynze
1448 5351 1546 5419 Ep.
1600 5350 1739 5402 nihil

164 5428 358 5483 adhuc
382 5426 583 5479 inveni.

246 5496 361 5567 (H)
393 5496 468 5567 lta
500 5495 785 5565 scriptum,
818 5493 958 5547 forte
989 5504 1091 5557 pro
1125 5492 1566 5560 τεσσαράπηχυς,
1597 5506 1735 5559 qua-

172 5579 312 5623 tuor
347 5566 684 5619 cubitorum.

246 5637 363 5703 (I5)
400 5636 558 5689 Cant.
585 5635 640 5704 p.
670 5637 759 5693 48,
788 5634 935 5705 Sym.
972 5635 1102 5704 Lng.
1139 5650 1193 5703 p.
1219 5631 1342 5693 «114,
1370 5630 1503 5684 Zon.
1542 5645 1597 5698 p.
1643 5630 1742 5683 159

169 5709 230 5762 in
271 5706 592 5767 line,-Ccdr.
625 5723 677 5776 p.
707 5707 829 5768 510,
862 5706 1070 5774 paucis.

254 5778 368 5845 (lli)
397 5776 556 5831 (lout.
594 5772 647 5846 ρ’.
676 5778 765 5839 48,
795 5772 1012 5844 προσέτι
1055 5775 1161 5844 μὴν
1206 5772 1389 5826 αὐτόθι
1451 5772 1599 5878 depol.

254 5864 337 5878 ηιμ
374 5848 731 5878 ρὶιιςνάυρΑ-ηι
768 5847 936 5878 ἕὶἸιηι.
976 5863 1033 5878 ηε.
1070 5841 1403 5878 πήὶῖιῖμιφιτμι
1442 5842 1582 5878 εἰσ-’.η

174 5842 341 5914 τάφοι
372 5842 735 5916 ἀνεγήγέρται
766 5842 936 5903 ἄλλων
976 5863 1033 5898 τε
1058 5842 1274 5898 πολλῶν
1296 5842 1403 5895 τῶν
1442 5842 1582 5908 ὑπὲρ

1649 5770 1740 5822 καὶ

1610 5842 1739 5909 Χρι-

1851 4858 2161 4933 μαρτύρων.
2201 4858 2423 4933 Alii—dc
2466 4862 2553 4915 his
2608 4860 2765 4925 nihil,
2825 4874 2966 4928 quos
3011 4858 3265 4914 viderint.
3317 4859 3421 4912 Αύ-

1844 4932 1941 5002 τῆς
1976 4934 2153 4988 refero
2182 4933 2250 4986 ad
2269 4932 2527 5002 insulani.

1887 4997 2030 5085 ((17)
2079 5003 2227 5074 Sym-
2265 5001 2638 5072 Los.tp.u.t
2670 5000 2849 5065 initio,
2902 4997 3095 5054 iisdem
3142 4997 3255 5052 fere
3290 5014 3418 5052 ver-

1844 5074 2023 5211 1ωξίδ)
2050 5142 2181 5196 Ζοη.
2209 5159 2262 5210 p.
2295 5143 2417 5204 HO,
2449 5142 2599 5212 Sym.
2636 5141 2769 5205 Log.
2809 5140 2845 5193 l.
2874 5155 2963 5212 ς..
3000 5139 3109 5212 μω
3152 5138 3277 5212 τῶν
3320 5138 3419 5189 Κι-

1844 5208 2309 5285 ϐυρῤαιωτῶνζῐια
2341 5208 2504 5266 etiam
2533 5210 3051 5279 Cont.Theophanis
3071 5208 3421 5277 Κιϐυρῥαιω-

1847 5284 1952 5335 τῶν
1984 5299 2038 5335 ι).
2073 5283 2162 5335 49.
2192 5282 2354 5335 Cedr.
2383 5299 2437 5335 n.
2462 5283 2586 5335 5H.
2621 5281 3036 5335 Κιόυοαιωτῶν.

1847 5282 2038 5406 τῶνξ.
2073 5283 2162 5336 49.
2192 5282 2354 5364 Cedr.
2383 5299 2437 5351 p.
2462 5283 2586 5344 5H,
2621 5282 3036 5349 Κιῦυραιωτῶν.
3186 5348 3196 5359 .

1920 5355 1963 5417 [l
2013 5364 2027 5421 )
2080 5353 2156 5406 Ita
2196 5362 2459 5422 scriptum
2495 5367 2593 5422 per
2639 5350 2949 5405 o.-—Cout.
3005 5365 3057 5419 p.
3092 5347 3158 5402 49
3186 5366 3240 5401 ιη
3277 5345 3404 5404 fiuc.

1845 5422 2006 5478 Cedr.
2043 5438 2094 5491 p.
2133 5423 2256 5481 5H.

1920 5493 2030 5558 (ἳο)
2068 5492 2229 5547 Cont.
2262 5509 2314 5561 p.
2345 5490 2435 5553 50,
2464 5490 2626 5546 Cedr.
2657 5507 2713 5560 p.
2745 5490 2870 5545 511.

1920 5563 2031 5632 (9.1)
2058 5563 2193 5616 Zon.
2228 5580 2283 5631 p.
2322 5563 2443 5616 HO.

1942 5628 2030 5697 ΕΗ)
2070 5628 2402 5687 Nominativi
2433 5647 2530 5701 pro
2558 5631 2814 5702 genitivis
2844 5628 3132 5702 absolutis.

1942 5635 2030 5697 ΕΗ)
2070 5635 2402 5687 Nominativi
2433 5647 2530 5701 pro
2558 5635 2814 5702 genitivis
2844 5635 3132 5685 absolutis.

1920 5635 2032 5770 (τιὸ)
2067 5704 2340 5772 Scriptum
2375 5711 2530 5757 antea
2564 5702 2698 5757 vitio
2728 5702 2947 5771 gemino
2977 5698 3279 5753 πειθὲσοαι.
3320 5698 3420 5755 Est

1849 5786 2029 5830 autem
2064 5789 2256 5830 versus
2282 5774 2525 5830 Homeri.
