4146 6436
136 394 269 461 1057

1458 398 1604 457 REG
1620 398 1725 456 ΠΜ
1773 398 1918 457 LIB.
1964 397 2077 459 III.

3251 404 3386 469 1058

128 512 318 576 γένους
370 509 668 577 συνάφειαν
708 508 995 577 πολλαχῶς
1030 509 1109 571 εἰς
1139 506 1436 578 πρεσϐεὲαν
1466 510 1699 577 ἡκόντων

1811 507 1997 569 batur,
2052 507 2304 576 quamvis
2363 523 2471 560 non
2513 523 2577 560 ex
2636 507 2895 579 legitimis
2948 510 3175 579 nuptiis,
3206 510 3388 584 legato

126 599 543 651 Κωνσταντὶνου
600 601 666 667 τῇ
704 597 878 659 πόλει,
932 587 1301 664 ἑκεῖσὲ”γε’¹¹
1351 597 1463 667 (66)
1494 598 1583 648 τὸν
1626 598 1705 658 εἰς

124 689 356 759 ζήτησιν
377 690 692 760 εὑρηκέναι,
718 692 767 743 εἰ
792 691 884 743 καὶ
910 690 986 761 μὴ
1008 692 1073 743 ἐκ
1089 692 1335 761 νομίμων
1354 690 1548 758 γάμων
1568 690 1703 762 (67),

121 782 242 835 ἀλλ’
273 783 423 852 ὅμως
450 782 783 853 γεννηθέντα
804 783 899 836 τοῦ
939 783 1241 852 πρέσϐεως.
1283 783 1446 835 Ὅθεν
1474 799 1706 854 παρεισο

118 873 329 929 δύντων
354 876 489 947 αὐτῇ
522 876 630 929 τῶν
661 876 789 946 περὶ
817 875 1009 928 τούτου
1038 875 1479 944 διατεταγμένων
1517 875 1702 945 κρύφα

120 966 662 1037 καταστοχασασθαι,
694 969 790 1022 καὶ
830 968 1319 1037 ἀναγνωρισάντων
1349 966 1439 1019 τὸν
1485 966 1703 1020 νεανίαν

120 1058 492 1128 (συγκατῴκει
552 1059 661 1127 γάρ
724 1061 791 1130 τῇ
851 1059 1085 1131 τεκούσῃ
1146 1062 1204 1112 ὲν
1263 1062 1381 1121 ταῖς,
1434 1059 1572 1111 κατά
1604 1060 1702 1131 τὴν

131 1150 347 1214 Ὀξεῖαν
374 1151 488 1217 (68)
518 1150 822 1221 διατριϐαῖς
842 1191 857 1214 ,
922 1151 976 1202 αἳ
1024 1150 1116 1203 τοῦ
1148 1150 1454 1221 Βοοσπόρου
1483 1150 1574 1203 καὶ
1605 1151 1699 1203 τοῦ

117 1242 320 1310 Κέρως
344 1240 525 1311 Βύζης
551 1240 820 1310 θυγατρὸς
843 1242 952 1310 (69)
973 1241 1244 1304 Βύζαντος
1263 1244 1488 1311 ἀντικρὺ
1508 1228 1699 1296 τούτου

118 1335 219 1387 καὶ
249 1334 457 1389 ἀνωθεν
485 1334 941 1404 καθεστήκασιν),
977 1337 1076 1389 οὐκ
1112 1339 1176 1389 ὲκ
1214 1337 1322 1389 τῶν
1361 1338 1516 1397 ἐκτὸς
1540 1337 1701 1407 μόνον

117 1425 268 1477 κατά
299 1424 643 1495 συμϐεϐηκὸς
676 1426 1043 1494 εἰκασμάτων,
1072 1426 1206 1479 ἀλλά
1252 1427 1357 1497 μὴν
1387 1430 1479 1478 καὶ
1508 1427 1567 1491 ἐξ
1605 1427 1702 1481 αύ-

116 1517 232 1569 τῶν
282 1517 393 1568 τῶν
449 1516 792 1569 ἐπουσιωδῶν
829 1516 1166 1586 ἰνδαλμάτων
1216 1520 1308 1569 καὶ
1365 1519 1575 1587 φρενῶν
1608 1517 1701 1570 καὶ

114 1608 302 1676 ψυχῆς
333 1604 500 1670 ἒξεώς
542 1623 601 1659 τε
633 1606 729 1659 καὶ
775 1608 1164 1669 καταστάσεως
1195 1606 1331 1673 (70),
1368 1609 1427 1657 τὸ
1460 1607 1581 1659 κατ’
1615 1608 1702 1659 εὐ-

114 1700 342 1765 γένειαν
374 1697 652 1767 βασιλικόν
675 1700 851 1751 τεσκαὶ
883 1698 1157 1769 εὐπρεπὲς
1181 1698 1390 1767 συνῳδὰ
1419 1699 1529 1768 (71)
1560 1716 1700 1767 παρ-

117 1790 422 1853 ιστώντων,
486 1791 581 1842 καὶ
610 1790 710 1859 τῆς
746 1789 888 1842 κατά
917 1789 1189 1857 γειτονίαν
1217 1789 1699 1860 ὲπιμαρτυρούσης

1811 608 1996 652 tamen
2035 610 2385 667 prognatum.
2413 599 2651 653 Proinde
2681 615 2805 654 cum
2855 602 2993 655 clam
3038 603 3388 672 irrepsisseut

1807 687 1862 740 in
1894 703 2016 742 eam
2048 687 2115 740 ad
2150 688 2589 758 investigandum
2613 697 2669 743 et
2693 690 3384 758 agnovisseutadolesecn-

1805 788 1914 834 tem
1957 780 2263 850 (habitabat
2290 782 2437 834 enim
2472 797 2596 835 cum
2622 781 2888 853 genitriee
2912 782 2965 835 in
2998 781 3105 853 54
3127 783 3234 837 illis
3262 799 3385 853 qua:

1803 882 1932 927 sunt
1962 874 2029 927 ad
2061 873 2252 928 Oxiam
2278 875 2678 942 mansionibus,
2708 890 2831 946 qua:
2851 875 3093 944 Bosporo
3118 885 3174 932 et
3199 876 3386 934 Cornu

1803 965 1955 1036 Bysa:
1990 965 2116 1021 lilia:
2158 966 2416 1038 Byzontis
2471 982 2502 1021 e
2552 967 2775 1037 regione
2825 976 2956 1023 sunt
2999 967 3138 1037 sitae)
3171 984 3279 1022 non
3314 983 3385 1024 ex

1802 1059 2046 1112 externis
2086 1059 2263 1113 solum
2297 1067 2353 1112 et
2385 1058 2819 1113 accidentalibus
2863 1059 3036 1121 notis,
3072 1058 3170 1113 sed
3211 1059 3380 1114 etiam

1801 1165 1867 1204 ex
1899 1149 2008 1204 illis
2042 1151 2434 1205 essentialibus
2477 1149 2699 1204 indiciis
2728 1151 2933 1205 mentis
2967 1161 3023 1207 et
3064 1153 3232 1206 animi
3284 1153 3383 1206 ba-

1803 1242 2061 1312 bitusque
2097 1252 2154 1297 et
2179 1243 2513 1308 aﬂ'eetionis,
2544 1243 2848 1298 notabilem
2890 1243 3109 1313 generis
3143 1243 3385 1313 regium-

1801 1349 1908 1403 que
1933 1334 2188 1389 decorem
2214 1344 2584 1403 congruenter
2606 1334 3150 1404 repraasentantibus,
3166 1336 3382 1390 viciniae

1800 1427 1968 1479 etiam
2028 1426 2447 1480 conversatione
2519 1426 2847 1480 testificante
2910 1426 2989 1479 rei
3059 1426 3377 1489 veritatem,

1801 1530 2039 1585 cumque
2081 1515 2147 1569 de
2179 1530 2246 1569 eo
2275 1514 2417 1569 fama
2448 1514 2640 1572 statim
2685 1514 2849 1567 etiam
2881 1514 2948 1568 ad
3002 1514 3382 1583 imperatorias

1802 1623 1964 1661 aures
1988 1607 2350 1677 pervenisset,
2387 1607 2566 1661 visum
2597 1615 2682 1660 est
2711 1606 2793 1659 eis
2830 1616 3055 1674 prepter
3078 1607 3218 1663 hanc
3251 1623 3383 1661 cau-

1802 1712 1917 1751 sam
1952 1696 2029 1768 [et
2054 1706 2115 1750 ut
2144 1695 2573 1767 subjicercnturj
2607 1705 2668 1749 ttt
2695 1712 2820 1751 cum
2867 1696 3131 1751 Romanis
3165 1712 3263 1767 per
3298 1700 3380 1751 le-

1801 1787 2077 1857 gationem
2104 1802 2237 1857 gens
2252 1787 2470 1841 Persica
2496 1796 2705 1855 ageret,
2734 1796 2792 1841 et
2821 1795 2883 1839 ut
2919 1786 3004 1839 bis
3039 1786 3383 1858 subiiceren-

111 1883 179 1935 τὸ
208 1882 407 1952 ἀληθὲς
436 1882 674 1951 ὁμιλίας,
702 1882 891 1951 ἐπειδὴ
926 1882 1038 1951 (72)
1070 1882 1136 1935 τά
1164 1881 1282 1935 κατ’
1312 1882 1474 1933 αὐτὸν
1498 1880 1698 1943 εύθὲως

1803 1888 1893 1933 tur
1927 1879 1995 1933 ad
2038 1878 2246 1934 hedera
2296 1879 2449 1948 pacis
2484 1878 2674 1934 solida:
2708 1888 3000 1932 venerunt.
3033 1878 3246 1946 Quibus
3284 1896 3381 1934 au-

113 1974 216 2027 καὶ
255 1974 415 2043 μέχρι
441 1973 551 2024 τῶν
598 1972 936 2025 δεσποτικιῖη
964 1972 1143 2025 ἀκοῶν
1172 1971 1441 2043 ἐληλύθει,
1472 1972 1697 2043 εὐδόκη-

114 2066 220 2118 σάν
248 2081 307 2115 τε
344 2065 386 2093 ’³
416 2065 576 2133 χάριν
596 2065 695 2134 τῆς
716 2061 974 2131 τοιαύτης
994 2080 1057 2129 γε
1087 2063 1339 2135 σκήψεως
1366 2063 1481 2135 [καὶ
1508 2064 1697 2117 ὑποτε-

112 2158 321 2225 τάχθαι
353 2157 546 2219 αὐτοὺς
576 2155 713 2227 (75))
742 2158 850 2219 τοῖς
877 2154 1171 2225 Ῥωμαίοις
1203 2155 1698 2226 ἐπικηρυκεύεσθαι

109 2249 271 2312 ἔθνος
307 2250 366 2301 τδ
395 2248 661 2318 Περσικὸν
687 2248 1025 2316 ἀναγκαίως,
1069 2248 1167 2299 καὶ
1200 2247 1566 2317 ὑποτετάχθαι
1603 2247 1699 2299 αύ-

107 2342 230 2401 τοῖς
286 2342 366 2401 εἰς
420 2338 653 2400 σπονδὰς
682 2334 817 2407 ἦκον
845 2334 1129 2406 εἰρηνικῆς
1178 2335 1517 2406 τελειότητος
1565 2336 1698 2405 (76).

110 2424 333 2498 Ὧνπερ
367 2429 775 2497 ἡκουτισμένων
804 2430 919 2489 τοῖς
945 2430 1003 2481 ὲν
1038 2427 1257 2496 Περσίδι
1286 2426 1351 2481 ἐκ
1380 2445 1439 2480 τε
1480 2428 1588 2479 τῶν
1620 2429 1700 2490 εἰς

107 2520 423 2590 ἀποστολὴν
478 2521 866 2591 προσηκόντων
915 2519 1145 2572 καὶτῶν
1188 2518 1277 2572 διὰ
1304 2519 1396 2570 τὸν
1428 2518 1700 2585 Θεόφοϐον

106 2611 283 2680 δῆθεν
304 2611 516 2680 βασιλεί
538 2628 601 2679 γε
633 2610 1027 2675 συναξιούντων
1054 2609 1096 2640 ’³
1124 2607 1551 2680 (75),ἀσπαστὸν
1581 2606 1700 2659 ἐλο-

108 2704 347 2770 γίσαντο
373 2703 474 2770 τῆς
496 2700 703 2764 οἰκείας
734 2702 915 2772 χώρας
942 2700 1355 2755 ἀπαναστεῦσαι
1405 2699 1500 2752 καὶ
1524 2715 1692 2769 προσ-

107 2795 394 2864 χωρήσειν
428 2792 471 2823 ¹⁸
504 2793 619 2862 (76)
655 2796 720 2863 τῇ
768 2793 1049 2863 Ῥωμαῖδι,
1101 2792 1250 2855 ὅπως
1304 2791 1401 2846 τοῦ
1438 2792 1582 2845 κατὰ
1606 2790 1699 2859 γέ-

108 2898 208 2944 νος
242 2882 288 2912 “
320 2882 567 2951 ἀρχηγοῦ
623 2882 993 2946 ὲπιτεύξοιντο
1039 2881 1175 2951 (77),
1212 2881 1309 2936 καὶ
1349 2881 1582 2952 μάλιστα
1615 2882 1698 2934 ὅτι

106 2974 213 3026 καὶ
246 2975 276 3026 6
309 2975 532 3045 Περσῶν
561 2976 801 3045 ἀρχηγὸς
827 2974 1009 3028 Βάϐεκ
1036 2974 1338 3027 ἀποστάσει
1359 2975 1427 3045 τῇ
1453 2973 1591 3045 πρὸς
1608 2972 1699 3025 τὸν

120 3064 553 3135 ’Δμερσμνουνῆ
567 3068 660 3118 ἐπὶ
680 3065 718 3116 ε’
736 3067 878 3118 ἔτεσι
896 3064 1269 3136 κεκορύφωτο,
1288 3058 1362 3118 ὧν
1386 3063 1696 3133 ἀναμεταξὺ

109 3157 371 3225 μέγιστοι
408 3157 635 3226 πόλεμοι
673 3157 1079 3227 συμϐεϐηκότες
1126 3157 1221 3210 καὶ
1254 3156 1505 3226 ἡττηθεὶς
1537 3158 1563 3208 6
1592 3155 1698 3208 Bai-

1800 1970 1931 2025 ditis
1960 1970 2016 2024 in
2042 1969 2251 2035 Persia,
2289 1986 2416 2025 cum
2452 1987 2521 2025 ex
2556 1971 2624 2025 iis
2670 1970 2765 2040 qui
2817 1970 3111 2041 legationis
3155 1973 3379 2026 nomine

1798 2070 2084 2122 venerant.
2107 2072 2223 2116 tum
2245 2079 2312 2117 ex
2337 2063 2405 2118 iis
2438 2064 2530 2134 qui
2558 2072 2783 2134 propter
2811 2063 3211 2133 Theophobum
3236 2064 3379 2118 idem

1800 2154 1947 2223 quod
1975 2155 2274 2225 imperator
2304 2157 2676 2226 postulabant,
2700 2171 2814 2209 rem
2846 2164 3088 2224 optatam
3114 2170 3383 2227 putarunt

1800 2245 1977 2313 patria
2004 2245 2241 2315 migrare
2261 2255 2315 2300 et
2344 2247 2413 2301 ad
2439 2247 2739 2300 Romanam
2761 2246 3027 2301 ditionem
3049 2250 3376 2311 concedere,

1800 2342 1861 2387 ut
1889 2335 2106 2404 generis
2139 2337 2275 2405 regii
2303 2336 2501 2390 ducem
2534 2338 2989 2392 nanciscerentur
3015 2355 3030 2403 ;
3060 2353 3123 2392 ac
3153 2339 3238 2393 vel
3268 2355 3382 2393 ma-

1799 2425 1944 2479 xime
1974 2426 2120 2494 quod
2170 2436 2225 2480 et
2273 2428 2561 2481 Persarum
2596 2427 2708 2481 dux
2743 2428 2920 2483 Babec
2951 2428 3260 2484 defectione
3309 2432 3377 2484 ad

1800 2516 2270 2570 Ameramnunem
2317 2533 2415 2586 per
2451 2518 2698 2587 quinque
2744 2532 2918 2571 annos
2974 2519 3375 2581 contineretur.

1799 2620 1910 2675 quo
1933 2608 2130 2677 spatio,
2153 2623 2276 2662 cum
2310 2610 2542 2663 maxima
2571 2608 2712 2664 bella
2739 2608 3069 2665 accidissent
3088 2613 3376 2683 victusque

1799 2697 1996 2753 fuisset
2018 2699 2220 2762 Babec,
2255 2701 2538 2770 ingressus
2580 2701 2685 2755 fuit
2713 2718 2840 2755 cum
2893 2712 3103 2771 septem
3134 2706 3373 2759 millibu.

1802 2791 1857 2845 in
1892 2791 2194 2846 Romanam
2224 2792 2511 2856 ditionem,
2540 2793 2685 2862 apud
2715 2794 2908 2848 urbem
2936 2795 3176 2865 Sinopen
3224 2797 3378 2852 inve-

1802 2880 2011 2950 stigans
2032 2892 2246 2951 patrem
2278 2883 2628 2953 Tlte0pbobi.
2664 2885 2808 2954 apud
2850 2884 3048 2940 Persas
3086 2886 3243 2941 valde
3281 2886 3379 2940 ho-

1800 2981 2080 3039 noratum,
2111 2974 2373 3028 Romanis
2426 2974 2754 3030 militantem
2784 2992 2796 3028 :
2829 2991 2993 3044 quem
3042 2990 3167 3030 cum
3201 2977 3381 3031 Babec

1802 3065 2105 3120 invenisset
2136 3074 2300 3135 atque
2347 3066 2417 3120 ab
2469 3067 2801 3136 imperatore
2851 3068 3164 3123 securitatis
3215 3067 3379 3122 fidem

1802 3157 2126 3225 accepisset,
2178 3172 2298 3210 eam
2331 3158 2420 3211 cui
2465 3167 2699 3227 praeerat
2728 3157 2833 3227 55
2871 3159 3105 3211 militum
3153 3175 3380 3213 manum

104 3223 219 3301 ϐεκ
247 3248 425 3318 εἰσῄει
452 3223 565 3318 (78)
604 3250 663 3299 ὲν
696 3223 930 3317 χιλιάσιν
955 3249 1096 3303 ἑπτὰ
1147 3249 1284 3319 πρὸς
1314 3223 1411 3317 την
1459 3247 1699 3317 Ῥωμαῖ-

1802 3262 1972 3315 seque
2012 3247 2192 3316 ipsum
2220 3248 2543 3317 imperatori
2572 3250 2828 3319 subjecit.
2866 3250 3040 3304 Porro
3082 3251 3379 3320 imperator

102 3341 220 3411 κὴν
270 3340 651 3409 ἐπικράτειαν,
706 3341 847 3393 κατά
893 3339 1050 3393 πόλιν
1098 3340 1348 3409 Σινώπην
1394 3339 1699 3408 ἀνερευνῶν

1801 3338 2141 3408 Theophilus
2166 3355 2499 3409 generosum
2531 3340 2939 3396 adolescentem
2973 3341 3375 3410 Tbeopbobum

100 3433 206 3485 τὸν
233 3432 509 3501 Θεοφόϐου
556 3432 792 3501 πατέρα,
834 3432 984 3501 παρὰ
1019 3432 1255 3502 Πέρσαις
1283 3431 1425 3485 πάνυ
1454 3430 1699 3500 τιμώμε-

1801 3431 2025 3500 patrieia
2083 3432 2349 3501 dignitate
2409 3433 2757 3496 cohonestat,
2810 3449 3168 3501 sororemque
3222 3449 3378 3487 suam

101 3540 227 3589 νον,
277 3523 569 3593 Ῥωμαίων
623 3524 751 3577 ὄντα
803 3529 913 3587 τοῖς
948 3525 991 3556 ⁸⁸
1042 3524 1362 3590 καταλόγοις
1386 3540 1399 3553 ·
1441 3524 1499 3575 ὃν
1539 3525 1565 3576 6
1597 3524 1699 3575 Βά-

1801 3521 1849 3575 ei
1880 3522 1936 3575 in
1968 3522 2379 3576 matrimonium
2411 3523 2598 3586 tradit,
2646 3532 2811 3592 atque
2856 3524 2913 3576 in
2939 3523 3215 3577 civitatem
3270 3524 3379 3576 Ro-

102 3615 215 3668 ϐεκ
249 3615 365 3685 (79)
397 3615 739 3686 κατειληφὼς
763 3618 969 3685 ἐγγύας
994 3632 1054 3668 τε
1085 3617 1236 3685 παρά
1258 3615 1521 3685 βασιλέως
1549 3615 1699 3681 δεξά-

1802 3628 2019 3666 mauam
2047 3623 2298 3683 receptos
2328 3615 2524 3668 Persas
2578 3614 2645 3668 ad
2681 3615 3012 3685 dignitatum
3069 3614 3276 3683 gradus
3324 3624 3380 3668 ct

104 3725 284 3779 μενος
316 3713 407 3761 τὸν
433 3710 526 3762 ὑπ’
557 3710 719 3762 αὐτόν
747 3726 810 3776 γε
842 3709 971 3761 λαὸν
1007 3709 1103 3762 καὶ
1158 3708 1351 3761 ἑαυτὸν
1379 3707 1457 3777 τῷ
1488 3707 1699 3776 βασιλεῖ

1802 3707 2011 3761 militia:
2037 3710 2531 3778 cognationemque
2568 3724 2693 3763 cum
2742 3710 3001 3763 Romanis
3046 3725 3146 3779 per
3192 3709 3382 3762 matri-

103 3803 362 3872 ὑπήκοον
416 3804 683 3855 τέθεικεν.
730 3802 787 3854 Ὀ
818 3802 873 3854 δὲ
911 3800 1165 3872 βασιλεὺς
1193 3800 1446 3869 Θεόφιλος
1474 3800 1564 3853 τὸν
1595 3802 1695 3870 μὲν

1803 3801 1985 3853 monia
2022 3801 2221 3871 jungit,
2252 3802 2355 3856 etsi
2407 3802 2807 3871 Tbeopbobum
2866 3802 3208 3857 interfecerit
3260 3808 3381 3870 post

100 3893 319 3963 εὐγενῆ
350 3894 566 3947 νεανίαν
591 3892 861 3961 Θεόφοϐον
894 3892 1283 3962 καταγεραίρει
1316 3892 1693 3962 πατρικιότητι

1802 3891 1918 3946 haec
1944 3892 2068 3947 dolo
2093 3894 2553 3948 circumventum.

100 3990 207 4042 καὶ
232 3988 336 4058 τὴν
369 3988 565 4043 ἑαυτοῦ
610 3989 843 4060 ἀδελφὴν
886 3987 1063 4058 τούτῳ
1095 3986 1230 4056 πρὸς
1257 3986 1435 4057 γάμον
1502 3985 1783 4039 ἐκδίδωσιν
1813 3985 1946 4056 (80),
1992 3986 2070 4057 τῷ
2146 4003 2206 4039 τε
2255 3986 2556 4057 Ῥωμαῖκῷ
2640 3987 2753 4059 (81)
2812 3987 3166 4056 πο).ιτευματι
3254 3978 3381 4037 τοὺς

1424 4147 1659 4205 VARIIE
1692 4148 2100 4205 LECTIONES.

206 4254 247 4284 "
283 4250 374 4324 γε]
400 4270 457 4306 τε
489 4252 548 4324 1..
625 4252 670 4324 ¹ξ
696 4250 954 4324 ἐδόκησέν
973 4267 1033 4304 τε
1056 4249 1138 4324 Ῑλζ
1199 4251 1242 4282 ¹³
1274 4246 1720 4324 συναξιόντωνᾟ.
1744 4249 1843 4324 _“
1876 4250 2267 4321 προσχωρῆσαι
2310 4252 2545 4321 Symeon
2593 4251 2796 4321 Iogotlt.
2832 4266 2885 4319 p.
2925 4249 3029 4302 M5
3063 4248 3120 4301 1).
3204 4250 3247 4280 ⁸⁵
3286 4246 3380 4300 τοῦ

100 4318 459 4391 κατα-γένους
493 4322 554 4388 L,
582 4322 675 4375 τοῦ
708 4318 853 4376 κατά
881 4322 1071 4391 γένους
1106 4318 1360 4392 Symeorr.
1424 4322 1467 4352 “
1504 4322 1561 4373 ἐν
1598 4322 1709 4381 τοῖς
1744 4319 1803 4373 Β.

1188 4542 1191 4543 ν
1297 4454 1539 4515 STEPH.
1596 4456 1940 4515 BERGLERI
1975 4456 2207 4512 ΝΟΤΛΕ.

180 4648 306 4717 (67)
347 4648 509 4703 Cedr.
539 4664 595 4717 p.
635 4650 757 4703 διε.

182 4718 306 4791 (68)
341 4719 463 4791 lpse
500 4718 604 4791 feci
645 4718 1039 4789 parentheseos
1060 4720 1245 4791 signa.
1277 4719 1375 4773 Est
1404 4729 1592 4775 autem
1612 4736 1701 4787 ea,

99 4788 315 4860 quales
333 4790 548 4860 plures,
583 4788 917 4857 importuna.
947 4817 1014 4829 —
1046 4788 1207 4845 Cont.
1241 4806 1295 4860 p.
1331 4791 1418 4843 69.

180 4859 305 4929 (69)
333 4857 518 4929 Inepta
549 4860 928 4929 topographia.

182 4928 308 4997 (70)
343 4926 502 4982 Cont.
538 4944 590 4997 p.
618 4926 718 4983 69'.

182 4997 307 5071 (71)
340 4997 739 5071 Itascriptum.
764 5009 859 5054 aut
886 5000 1032 5068 quod
1058 5000 1251 5071 magis,
1273 5009 1521 5071 apparet,
1573 5019 1701 5055 συν-

99 5068 590 5142 «p635,_req_uiritur
625 5081 807 5124 autem
836 5072 1019 5139 potius
1053 5068 1307 5142 συνῳδὸν.

355 5139 570 5209 Ἐπειδὴ
597 5170 664 5181 -—
688 5142 855 5212 Περσ.
898 5144 1121 5209 ἀναγκ.,
1143 5140 1306 5196 Cont.
1342 5158 1396 5212 p.
1421 5141 1509 5195 69.
1537 5142 1701 5197 Ccdr.

104 5227 913 5352 p.("li’fih'l‘urbateloquitur
964 5290 1023 5352 et
1064 5283 1339 5352 ambigue.
1392 5281 1705 5351 [Berglerus

97 5350 293 5408 vertit
342 5358 390 5402 et
434 5357 491 5400 ut
538 5350 926 5421 subjicerentur
953 5350 1343 5420 Romanu-per
1392 5350 1700 5421 legationem

99 5437 275 5494 agere
317 5436 435 5494 cum
469 5428 617 5494 gente
648 5418 916 5494 Persico.)
949 5424 1137 5478 Potest
1172 5418 1339 5477 etiam
1374 5418 1605 5494 intelligi
1644 5434 1703 5478 ut

100 5490 347 5549 Fersica
374 5490 573 5559 legatio
617 5493 792 5559 egerit
832 5490 913 5546 de
951 5494 1103 5561 pacis
1152 5494 1378 5559 fmdere,
1439 5503 1500 5547 ut
1542 5490 1702 5549 Cont.

100 5566 144 5619 Ι.
195 5578 253 5617 c.
292 5564 479 5630 Itaque
506 5562 647 5615 verti
686 5563 853 5616 etiam
889 5572 1106 5632 potest:
1139 5565 1317 5618 visum
1363 5572 1446 5619 est
1487 5563 1591 5618 hac
1637 5565 1706 5618 de

100 5650 291 5689 causa
323 5632 410 5685 vel
443 5635 739 5695 occasione,
780 5640 837 5686 et
874 5644 936 5688 ut
975 5635 1383 5703 subjicerentur
1420 5635 1702 5697 Romanis,

98 5720 222 5777 per
251 5703 591 5777 legationem
614 5719 775 5772 agere
815 5704 1091 5777 Persicam
1125 5715 1342 5774 gentem
1364 5706 1702 5777 necessario.

104 5773 327 5843 'Atque’
352 5782 412 5827 ut
451 5773 876 5842 subjicerentur.
922 5773 1135 5830 fmdera
1160 5777 1309 5844 pacis
1342 5776 1528 5832 solidae
1565 5776 1705 5832 inic-

106 5855 281 5913 runt,
313 5852 423 5899 etc.
465 5843 765 5915 Ἀποστολὴ
800 5846 905 5899 erit
932 5861 960 5899 a
982 5843 1179 5902 Persis.

185 4577 285 4644 (66
344 4577 605 4632 Alienum
639 4578 727 4632 hic
759 4586 843 4632 est
870 4595 951 4632 τε.

185 4578 309 4783 (67)
347 4648 509 4703 Cedr.
539 4664 603 4729 ρ..
635 4650 757 4703 515.

185 4718 282 4783 (68
341 4719 463 4783 lpse
500 4718 604 4773 fect
645 4718 951 4783 parenthesi

1724 4579 1777 4639 D
1874 4577 2176 4719 (74)Cont.

1898 4650 1986 4713 75)
2032 4650 2110 4703 lta
2149 4664 2174 4703 s

2251 4620 2263 4633 .
2299 4577 2385 4631 70.

1905 4593 1985 4647 l4)
2012 4593 2176 4633 bent.
2210 4593 2263 4647 p.
2300 4593 2385 4631 tu.

1898 4650 1986 4713 75)
2032 4650 2110 4703 lta
2149 4649 2269 4703 sine
2301 4648 2470 4701 dubio
2487 4647 2682 4701 vitiose
2706 4646 2992 4715 scriptum.
3025 4643 3208 4715 Forte)
3260 4661 3382 4715 συν-

1803 4713 2100 4783 αξίούντων
2130 4726 2225 4773 aut
2259 4718 2631 4783 συνεξιόντων,
2657 4731 2716 4773 ut
2752 4713 2964 4783 βασιλεῖ
3001 4716 3073 4767 sit
3119 4713 3252 4781 πρὸς
3290 4714 3381 4779 βξ-

1803 4791 1975 4863 σιλέα,
2016 4790 2161 4863 quod
2202 4790 2456 4863 quamvis
2489 4788 2673 4857 inepte
2720 4788 3039 4849 diceretur,
3083 4793 3263 4851 potest
3305 4798 3383 4835 ta-

1802 4875 1927 4914 men
1958 4862 2012 4914 in
2037 4859 2201 4914 hunc
2223 4859 2447 4915 cadere.

1873 4932 1983 4997 (76)
2010 4930 2169 4985 Cont.
2202 4944 2261 4997 p.
2292 4928 2381 4981 70.

1872 4995 1984 5069 (77)
2025 5001 2170 5071 Sym.
2203 4995 2343 5067 Log.
2376 5014 2431 5068 p.
2468 4997 2572 5051 416
2602 4997 2747 5059 init.,
2782 4996 2972 5050 iisdem
3005 4995 3189 5049 verbis
3218 4995 3376 5049 Cont.

1807 5070 2161 5145 Theophanis
2187 5088 2242 5140 p.
2278 5070 2363 5124 70.
2420 5138 2431 5145 _
2539 5137 2547 5145 ι
2921 5138 2930 5145 .
2968 5137 2976 5145 .
3024 5136 3033 5145 .

1879 5135 1991 5213 (78)
2033 5135 2246 5197 Rursus
2286 5137 2655 5194 nominativos
2690 5152 2790 5206 pro
2813 5136 3069 5205 genitivis
3108 5135 3375 5189 absolute.

1804 5212 1965 5267 Cont.
2000 5228 2057 5267 n.
2094 5213 2180 5265 70.

1880 5228 2363 5349 Filii)pRelt¥uiritur
2411 5281 2467 5330 ὲν
2512 5280 2651 5349 τοῖς.
2714 5277 2819 5331 Sed
2866 5276 3033 5340 alibi,
3092 5284 3206 5329 tum
3269 5276 3379 5331 hic.

1806 5353 1989 5407 omisit
2048 5348 2189 5406 hanc
2243 5348 2711 5420 praepositionem.
2758 5349 2978 5420 —7_‘:0w_-_
3019 5349 3051 5420 d_
3100 5348 3384 5420 Βάῖενςτκ

1806 5424 1993 5487 ὑπῄκ.
2027 5415 2309 5482 τέθεικεν,
2343 5415 2489 5489 Sym.
2528 5418 2659 5489 Log.
2693 5434 2747 5487 p.
2786 5416 2911 5475 M6.
2946 5415 3378 5489 iisdemgverbis.

1808 5493 1933 5547 llam
1982 5506 2105 5546 cum
2156 5487 2627 5545 antecedentibus
2659 5498 2712 5543 et
2751 5489 3110 5553 Sequentibus
3151 5487 3382 5538 inferius

1804 5578 1914 5616 non
1958 5563 2215 5617 videntur
2272 5576 2598 5629 congruere,
2658 5559 2951 5613 traduntur
2998 5566 3177 5611 tamen
3227 5566 3281 5608 et
3313 5557 3381 5607 ab

1808 5634 1930 5688 aliis
1957 5649 2096 5702 quos
2124 5632 2403 5702 annotavi.

1880 5696 1989 5773 (80)
2020 5704 2180 5759 Cont.
2216 5719 2269 5773 p.
2322 5701 2408 5754 70.
2441 5700 2603 5756 Cedr.
2643 5716 2697 5770 p.
2736 5700 2861 5754 524.
2904 5699 3036 5753 Ζοη.
3073 5714 3127 5768 p.
3188 5696 3285 5750 M7
3324 5697 3380 5748 iu

1808 5775 1991 5916 ﬁnal)
2022 5844 2392 5900 Theodoram.
2412 5842 2608 5914 Georg.
2638 5840 2781 5897 Men.
2812 5856 2866 5910 p.
2895 5838 3018 5893 5l6.
