4146 6436
786 385 924 449 1063

2096 383 2415 444 JOSEPIII
2450 380 2762 441 GENESII

3907 373 4038 438 106i

781 499 1059 556 Amastrin
1088 503 1472 568 occupassent,
1509 510 1692 566 regem
1744 492 2051 558 declarant,
2077 503 2137 548 ut
2171 494 2240 547 ab
2271 494 2366 546 illo

2479 494 2568 562 τῆς
2601 492 2857 563 τοιαύτης
2882 491 2982 559 γῆς
3012 491 3454 560 ὲγκρατήσαντος
3487 489 3810 559 ἁγορεύεται
3851 492 3962 560 (1‘2)
3989 497 4044 543 εν

782 597 1140 646 renovaretur
1168 589 1458 644 Persarum
1489 585 1852 641 consuetudo.
1879 585 2049 639 Porro
2076 586 2189 654 ipse
2218 600 2362 654 aegre

780 685 964 738 ferens
993 697 1187 737 eorum
1220 689 1501 743 conatum,
1539 680 1798 748 quoniam
1841 693 1949 732 non
1982 694 2049 732 ex
2081 678 2363 732 voluntate

781 793 880 832 sua
923 777 1207 847 agebatur,
1241 773 1688 844 reprehendebat
1713 787 1906 824 eorum
1957 770 2170 824 facinus
2196 770 2365 823 velte-

782 881 998 924 menter
1025 869 1357 930 lamentans,
1385 880 1561 934 eoque
1593 864 1711 933 ipso
1743 863 1970 916 ﬂectere
2000 864 2219 915 illorum
2250 863 2369 914 ani-

786 976 905 1014 mos
939 958 1180 1021 volebat,
1205 955 1639 1023 obsecrabatque
1665 963 1720 1005 et
1757 952 1984 1019 cogehat
2020 958 2079 1002 ut
2123 949 2366 1002 benevo-

784 1051 1010 1105 lentiam
1065 1045 1419 1116 imperatoris
1469 1044 1575 1098 sibi
1635 1043 1767 1111 ipsis
1823 1039 2269 1101 reconciliarent,
2314 1047 2370 1092 et

784 1137 1250 1210 quemadmodum
1301 1152 1357 1190 re
1391 1152 1520 1189 vera
1583 1141 1962 1200 comparatum
2010 1131 2100 1193 sit,
2148 1143 2368 1182 causam

784 1232 912 1287 facti
946 1231 1050 1285 sibi
1083 1244 1153 1284 ne
1188 1228 1596 1282 adscriberent.
1629 1225 1730 1288 Qui
1760 1224 1846 1276 his
1879 1222 2084 1276 auditis
2113 1221 2371 1289 despera-

785 1325 934 1380 tione
990 1324 1162 1393 capti,
1210 1338 1312 1376 nec
1372 1319 1556 1372 minus
1616 1316 1827 1369 furioso
1876 1313 2113 1383 quodam
2163 1312 2372 1380 impetu

785 1417 1072 1480 concitati,
1106 1428 1454 1483 nequaquam
1501 1412 1620 1480 ejus
1669 1408 1911 1462 consilio
1965 1405 2374 1472 obtemperant.

785 1509 1055 1564 Caeterum
1089 1523 1214 1560 cum
1253 1504 1630 1574 Theophobus
1665 1503 1802 1556 clam
1836 1499 2075 1552 misisset
2105 1495 2373 1564 quosdam

787 1602 855 1654 ad
905 1601 1316 1668 imperatorem,
1370 1606 1426 1651 et
1460 1593 1712 1650 horribili
1747 1589 2109 1660 jurejurando
2155 1585 2377 1656 scriptis

787 1699 1058 1761 concepto
1083 1689 1448 1744 contenderet
1481 1703 1538 1740 se
1571 1684 1767 1754 patrati
1808 1681 2068 1740 facinoris
2093 1687 2375 1733 auctorem

786 1800 899 1839 non
936 1784 1129 1845 fuisse,
1164 1781 1259 1836 sed
1308 1781 1600 1835 Persarum
1644 1776 1880 1832 stultitia
1912 1785 1968 1828 et
2010 1774 2178 1827 nimia
2209 1772 2376 1826 bene-

2465 585 2791 653 κατασχέσει
2834 601 2891 636 τε
2945 581 3192 649 Σινώπης
3230 583 3330 652 τῆς
3375 583 3579 644 πόλεως
3627 585 3658 652 ἦ
3705 587 3847 637 κατά
3896 602 4045 648 τινας

2479 677 2839 746 Ἀμάστριδος
2878 676 3164 742 γεγονότες
3220 674 3447 744 βασιλέα
3496 677 3859 744 κηρύττουσιν
3909 679 4042 747 (15).

2466 765 2540 826 cii;
2571 769 2632 817 ὲκ
2663 766 2852 818 τούτου
2880 767 2974 816 καὶ
3005 767 3071 818 τὰ
3102 765 3326 833 Περσῶν
3353 767 3686 829 καινίζεσθαι
3713 767 3826 836 (14)
3860 768 4042 836 ἔθιμα.

2468 857 2641 918 Αὐτὸς
2674 857 2729 906 δὲ
2763 856 2878 925 (15)
2917 855 3199 926 δυσφόρως
3248 856 3388 925 ἔχων
3433 856 3566 926 πρὸς
3612 858 3671 910 τὸ
3716 862 4044 927 ἐγχείρημτ,

2469 945 2558 1003 οἷα
2591 950 2664 1019 μὴ
2710 950 2850 1001 κατὰ
2877 948 3103 1018 γνώμην
3146 950 3296 1019 αύτῷ
3341 950 3728 1017 πεπραγμένον
3759 952 3827 1012 ³⁸,
3869 953 4047 1002 αἰτίαν

2471 1041 2654 1103 αὐτοῖς
2684 1041 3026 1110 προσέπλεκε
3051 1039 3140 1091 τοῦ
3171 1039 3541 1108 τολμήματος,
3572 1041 3759 1102 δεινῶς
3780 1043 4050 1107 ἀπολοφυ-

2474 1133 2698 1202 ρόμενος
2730 1134 2772 1163 ³⁸
2800 1133 2886 1184 διὰ
2910 1132 3070 1183 τοῦτο
3141 1133 3276 1201 (16),
3335 1133 3710 1184 κατεδυσώπει
3755 1134 3800 1164 ³⁸
3845 1135 4048 1194 αὐτοῖς.

2476 1224 2684 1275 ἱκέτευέ
2714 1240 2772 1275 τε
2825 1223 2921 1273 καὶ
2987 1222 3234 1286 ἐϐιάζετο
3264 1222 3324 1274 τὸ
3375 1223 3600 1291 εὐμενὲς
3641 1223 3910 1293 βασιλέως
3941 1227 4048 1294 (17)

2475 1314 2828 1376 ἑξιλεοῦσθαι.
2857 1316 2952 1365 δια)¹
2981 1314 3168 1381 ὥσπερ
3200 1314 3311 1382 ἔχοι
3339 1315 3398 1365 τὸ
3424 1315 3644 1383 ἀληθὲς,
3672 1314 3746 1384 μὴ
3768 1316 3919 1383 αὐτῷ
3942 1318 4055 1365 ἐπι-

2475 1407 2705 1475 γράφειν
2747 1405 2838 1457 τοῦ
2875 1405 3236 1466 ’τελεσθέντος
3290 1407 3489 1459 αἰτίαν.
3530 1405 3592 1458 Οἳ
3621 1409 3797 1458 ταῦτα
3838 1407 4054 1476 διηκου-

2473 1497 2720 1562 τισμένοι
2752 1496 2794 1524 ³⁷
2827 1495 3136 1561 ἀπογνώσει
3189 1512 3248 1546 τε
3302 1495 3654 1563 συσχεθέντες
3678 1495 3779 1547 οὐκ
3836 1497 4054 1548 ἔλαττον

2478 1590 2571 1640 καὶ
2600 1587 2855 1655 μανιώδει
2897 1589 3040 1657 φορᾷ
3073 1586 3499 1656 συνειλούμενοι,
3524 1588 3774 1656 οὐδαμῶς
3803 1589 3883 1656 τῷ
3917 1604 4054 1654 συμ-

2478 1679 2806 1747 ϐουλεύματι
2836 1678 3137 1742 πείθονται,
3192 1680 3286 1731 καί
3339 1681 3476 1732 κατὰ
3514 1679 3574 1731 τὸ
3607 1681 3843 1749 ἀρέσκον
3873 1681 4055 1738 αὐτοῖς

2480 1769 2909 1841 εὑτρεπίζονται.
2948 1770 3057 1822 Τοῦ
3088 1771 3144 1823 δὲ
3188 1771 3462 1838 Θεοφόὸου
3496 1771 3769 1840 λαθραίως
3823 1772 4057 1840 διαπεμ-

788 1877 1028 1931 volentia
1064 1875 1117 1928 id
1152 1874 1324 1928 fuisse
1357 1873 1585 1934 factum,
1618 1871 1920 1939 imperator
1959 1867 2262 1919 humanum
2316 1871 2374 1917 et

2479 1861 2720 1931 ψαμένου
2756 1861 2889 1931 πρὸς
2916 1859 3140 1928 βασιλέα
3167 1861 3304 1931 (18),
3335 1863 3630 1931 ἐγγράφοις
3663 1877 3724 1912 τε
3751 1863 3850 1913 καὶ
3877 1861 4057 1930 ὅρκοις

788 1964 1117 2018 clementem
1150 1961 1259 2032 59
1297 1977 1354 2015 se
1392 1968 1632 2029 prastat,
1665 1973 1728 2011 ac
1768 1955 2127 2026 jurejurando
2161 1953 2374 2006 firmata

789 2059 897 2114 ﬁde
925 2060 1030 2128 ipsi
1059 2058 1267 2127 quique
1299 2071 1424 2110 cum
1459 2055 1576 2123 ipso
1607 2061 1796 2107 essent
1826 2050 2097 2120 promittit
2133 2048 2373 2101 veniam.

789 2151 1004 2218 Quibus
1037 2149 1173 2204 satis
1206 2147 1456 2218 persuasi
1485 2155 1541 2200 et
1572 2145 1888 2207 credentes,
1917 2143 2249 2196 delictorum
2282 2155 2374 2193 ac-

789 2252 949 2312 cepta
1009 2241 1361 2303 remissione,
1395 2255 1426 2292 a
1460 2237 1665 2305 Sinope
1728 2236 1865 2288 urbe
1916 2244 2013 2289 aut
2065 2232 2376 2287 Amastride

790 2333 1191 2388 discesserunt.
1225 2332 1470 2397 Quarum
1520 2330 1670 2384 illam
1707 2326 1933 2397 quidem
1984 2340 2186 2379 nomen
2221 2339 2379 2379 acce-

791 2427 935 2496 pisse
961 2425 1155 2480 dicunt
1179 2440 1210 2478 a
1234 2423 1438 2492 Sinopa
1467 2421 1728 2491 quadam,
1760 2433 1868 2472 una
1894 2433 1958 2471 ex
1985 2415 2379 2479 Amazonibus,

790 2530 915 2569 cum
977 2516 1095 2586 ipsa
1160 2529 1282 2569 eam
1332 2511 1716 2575 condidisset;
1772 2509 1916 2562 hanc
1973 2515 2184 2569 autem,
2231 2506 2384 2575 prius

788 2605 1084 2662 Cromnam
1147 2605 1373 2665 dictam,
1438 2619 1470 2656 a
1542 2601 1776 2655 muliere
1853 2598 2091 2668 quadam
2163 2597 2382 2651 Persica

789 2697 1100 2752 Amastride
1147 2695 1256 2750 ﬁlia
1304 2694 1555 2764 Oxyarta:
1613 2689 1802 2746 fratris
1859 2689 2026 2754 Darii,
2078 2704 2202 2758 qua:
2251 2702 2377 2741 cum

790 2796 964 2856 nupta
997 2796 1145 2842 esset
1178 2786 1441 2855 Dionysio
1472 2783 1752 2838 Heracleas
1777 2789 2030 2852 tyranno,
2060 2780 2226 2833 istum
2271 2777 2376 2832 sibi

791 2877 1094 2947 subjectam
1121 2877 1313 2930 urbem
1341 2891 1370 2928 a
1397 2875 1630 2944 conjuge
1653 2888 1752 2926 sua
1780 2870 2174 2925 nominavisse.

2478 1957 2573 2008 καὶ
2606 1953 3066 2024 φρικωδεστάτοις
3095 1954 3586 2023 ὲπισχυριζομένου
3637 1956 3710 2018 ὼς
3740 1957 3804 2008 οὐ
3835 1957 3913 2026 τῷ
3945 1960 4059 2008 10}.-

2482 2047 2707 2116 μηθέντι
2743 2048 2962 2108 πάντως
2995 2047 3156 2108 αὐτὸς
3198 2046 3500 2118 κατῃτίωτο
3526 2046 3660 2114 (19),
3695 2051 3847 2118 παρὰ
3878 2049 3938 2101 δὲ
3968 2051 4058 2116 τῆς

2477 2139 2588 2190 τῶν
2615 2139 2840 2207 Περσῶν
2870 2139 3120 2208 εὐηθείας
3143 2137 3176 2208 ἢ
3203 2139 3512 2207 φιλευνοίας
3538 2139 3693 2192 τοῦτο
3719 2160 3784 2192 πε
3797 2143 4057 2209 πρᾶχθαι.

2479 2231 2876 2301 φιλανθρώπως
2900 2233 2928 2282 ὁ
2954 2230 3206 2299 βασιλεὺς
3230 2232 3573 2301 εὐμενίζεται
3608 2231 3705 2284 καὶ
3756 2234 4059 2300 ὲπωμότοις

2483 2323 2634 2392 αὑτῷ
2662 2340 2720 2376 τε
2753 2324 2845 2376 καὶ
2880 2325 2991 2382 τοῖς
3018 2324 3116 2376 σὺν
3144 2322 3292 2391 αὑτῷ
3333 2326 3706 2390 κατεγγυᾶται
3732 2325 4061 2377 πιστώσεσιν

2483 2417 2680 2486 ἄφεσιν
2713 2418 2825 2485 (20)
2847 2435 2859 2447 ·
2895 2411 2976 2479 οἷς
3017 2416 3572 2487 πεπληροφορημένοι
3596 2423 3691 2471 καὶ
3726 2418 3838 2470 τῶν
3864 2420 4060 2486 ἐσφαλ-

2487 2509 2665 2580 μένων
2702 2509 3129 2577 προσδεξάμενοι
3174 2509 3446 2578 λύτρωσιν
3484 2509 3584 2576 τῆς
3625 2511 3926 2572 Σινώπιδος
3959 2512 4062 2579 (il)

2485 2598 2694 2661 πόλεως
2719 2599 2751 2667 ἢ
2783 2589 3140 2668 ’Δμάστριδός
3173 2599 3519 2668 ὲξεδήμησαν
3548 2599 3684 2670 (2‘2).
3713 2594 3815 2652 Ὧν
3843 2602 3944 2670 τὴν
3975 2607 4065 2669 μὲν

2485 2693 2678 2762 κλῆσιν
2711 2693 3055 2762 ἑξειληφέναι
3079 2692 3329 2762 Σινώπης
3360 2695 3468 2746 ἀπό
3500 2712 3646 2757 τινος
3679 2696 3789 2748 τῶν
3839 2696 4068 2765 ’Δμαζό-

2487 2801 2616 2844 νων.
2645 2784 2814 2851 αὐτῆς
2848 2784 3182 2864 δειμαμένης
3213 2784 3280 2845 ⁸³,
3318 2786 3418 2854 τὴν
3449 2784 3506 2837 δὲ
3537 2787 3597 2838 τὸ
3628 2789 3756 2853 πρὶν
3790 2789 4068 2858 Κρῶμναν

2482 2870 2883 2941 ὠνομασμένην
2929 2871 2990 2923 ἐκ
3023 2888 3166 2933 τινος
3195 2873 3454 2942 Περσίδος
3493 2877 3854 2944 Ἀμάστριδος
3904 2879 4069 2942 θυγα-

793 2969 922 3038 τρὸς
960 2968 1255 3038 Ὀξυάρτου
1305 2966 1535 3036 ἀδελφοῦ
1574 2966 1826 3035 Δαρείου,
1855 2965 1975 3034 ἣτις
2007 2963 2377 3033 συνοικήσασα
2420 2964 2684 3036 Διονυσίῳ
2718 2964 2796 3032 τῷ
2837 2966 3166 3036 Ἡρακλείας
3195 2969 3462 3037 τυράννῳ,
3529 2970 3621 3020 ὑπ’
3644 2971 3864 3040 ,ἐκείνῳ
3908 2973 4068 3025 οὖσαν

793 3065 894 3134 τὴν
926 3064 1077 3115 πόλιν
1103 3063 1208 3117 ἀπὸ
1232 3065 1328 3132 τῆς
1361 3065 1404 3095 ”
1438 3061 1672 3129 συζύγου
1702 3062 2047 3131 ὠνομακέναι
2073 3062 2206 3132 (25).

869 3183 948 3237 Ac
987 3182 1366 3252 Theophobus
1405 3183 1628 3250 quidem
1662 3198 1853 3236 rursus
1898 3181 2214 3251 imperatori
2247 3197 2375 3235 con-

2559 3180 2669 3232 Καὶ
2696 3180 2724 3230 ὁ
2762 3179 2862 3247 μὲν
2903 3178 3173 3246 Θεόφοσος
3204 3178 3282 3248 τῷ
3313 3177 3523 3247 βασιλεί
3552 3179 3708 3241 αὖθις
3743 3179 3986 3242 ίλεωθεὶς
4017 3183 4068 3230 ὲν

795 3275 1018 3330 ciliatus
1041 3276 1096 3328 in
1123 3276 1304 3328 aulam
1330 3273 1644 3328 restituitur
1669 3274 2012 3344 pristinaque
2047 3273 2384 3328 benevolen-

801 3366 877 3418 tia
911 3373 967 3418 et
1001 3365 1251 3418 ubertate
1282 3363 1507 3418 fruitur.
1559 3365 1852 3417 Persarum
1909 3374 2091 3417 autem
2128 3364 2383 3417 multitu~

799 3457 989 3511 dinem
1025 3466 1252 3518 tantam,
1289 3458 1550 3525 quoniam
1603 3472 1778 3526 usque
1831 3457 1898 3510 ad
1937 3458 2158 3526 triginta
2212 3458 2384 3510 millia

799 3549 1160 3620 excrevisset,
1194 3548 1370 3602 libere
1396 3556 1451 3602 et
1485 3549 1716 3602 licenter
1763 3549 1985 3619 quidvis
2028 3564 2186 3617 agere
2219 3563 2382 3602 secu-

802 3655 1031 3709 ramque
1057 3655 1177 3694 esse
1215 3641 1533 3709 imperatori
1571 3641 1884 3693 consultum
1913 3657 2020 3693 non
2051 3640 2380 3693 videbatur:

801 3732 1035 3800 proinde
1063 3733 1114 3786 in
1147 3733 1391 3786 Romana
1425 3733 1664 3786 themata
1700 3732 1827 3785 bina
1866 3733 2036 3785 millia
2059 3731 2127 3785 de
2161 3732 2382 3785 Persico

800 3825 1050 3878 exercitu
1095 3825 1478 3887 mittebantur,
1510 3833 1569 3878 ut
1609 3824 2018 3896 subjicerentnr
2049 3824 2115 3878 iis
2143 3825 2236 3894 qui
2280 3840 2380 3878 suo

2481 3273 2593 3332 τοῖς
2624 3269 2916 3340 βασιλείοις
2945 3268 3253 3338 κατῴκιστο
3283 3272 3379 3323 καὶ
3406 3271 3504 3340 τῆς
3556 3272 3667 3341 (24)
3704 3273 3879 3325 πάλαι
3912 3288 4067 3340 προσ-

2481 3364 2646 3434 ούσης
2667 3363 2817 3434 αὺτῷ
2839 3365 2988 3433 παρὰ
3013 3363 3222 3432 βασιλεῖ
3243 3365 3628 3436 φιλοστοργίας
3654 3368 3748 3418 καὶ
3768 3367 4069 3424 εὐπαθείας

2483 3461 2775 3511 ἀπέλαυεν.
2811 3459 3037 3529 Περσῶν
3064 3461 3120 3510 δὲ
3145 3459 3377 3527 πληθὺν,
3419 3459 3506 3511 διὰ
3537 3459 3596 3510 τὸ
3625 3460 3886 3528 προῖέναι
3921 3462 4070 3528 μέχρι

2490 3553 2766 3622 μυριάδων
2796 3559 2864 3618 γ’.
2902 3554 2962 3604 οὐ
2989 3553 3198 3621 ταύτην
3246 3552 3650 3622 ἐλευθεριάζειν
3683 3554 3970 3622 συμφέρον
3997 3549 4067 3602 εἷ-

2493 3663 2580 3696 ναι
2606 3647 2649 3676 “
2676 3645 2768 3696 καὶ
2803 3646 2890 3696 ἐπ’
2931 3645 3112 3705 ἁδείας
3138 3645 3350 3712 διάγειν
3375 3644 3454 3713 τῷ
3486 3645 3699 3712 βασιλεῖ
3752 3645 4067 3711 κατεφαίνε-

2489 3753 2578 3788 το·
2634 3738 2885 3789 ἐντεῦθεν
2936 3741 3050 3800 τοῖς
3097 3737 3428 3808 Ῥωμαϊκοῖς
3489 3738 3692 3807 θέμασι
3723 3737 3964 3805 χιλιάσιν
3989 3737 4069 3786 ἐπὶ

2489 3828 2608 3879 δυσὶ
2641 3829 2908 3897 Περσικὸς
2934 3827 3166 3898 ἀριθμὸς
3195 3828 3560 3880 ἀπεστέλλετο
3592 3827 3698 3879 ὑπὸ
3721 3830 3884 3896 χεῖρα
3909 3827 4068 3877 τελεῖν

2075 3974 2311 4046 vannis:
2354 3993 2763 4052 LECTIONES.

876 4152 921 4185 “
957 4153 1362 4222 πεπραγμένων
1403 4151 1464 4204 L.
1543 4153 1588 4184 ³⁸
1625 4153 2118 4221 άπωλοφυρόμενος
2153 4154 2212 4207 L.
2287 4156 2330 4186 ³⁴¹
2369 4156 2480 4207 imo
2507 4157 2600 4208 καὶ
2619 4157 2905 4211 ἐδυσώπει.

810 4223 975 4294 μένης
1009 4224 1245 4292 Symeon
1274 4223 1502 4293 Logotli.
1545 4240 1596 4292 p.
1622 4225 1726 4278 ΗΞ
1750 4225 1809 4276 C.
1889 4224 1931 4254 ³⁹
1963 4223 2084 4294 τῆς]
2107 4225 2200 4276 τού
2227 4225 2288 4277 ι..
2363 4227 2407 4255 ⁸⁸
2445 4225 2580 4279 εἶναι
2607 4227 2664 4290 li,
2691 4223 2758 4298 ἦν
2782 4227 2844 4281 L.

3001 4159 3040 4191 ³⁷
3066 4159 3448 4230 διηκουσμένοι
3483 4157 3544 4210 L.
3621 4157 3665 4188 ⁸⁸
3688 4159 3860 4224 αὐτὴν
3894 4157 4072 4223 δειμα-

1965 4363 2206 4418 STEPH.
2252 4365 2598 4420 BERGLEHI
2628 4366 2861 4421 NOTIE.

880 4503 990 4574 (12)
1022 4503 1098 4557 Ita
1147 4502 1450 4572 scriptum,
1499 4517 1608 4555 non
1679 4502 2192 4573 προσαγορεύεται,
2242 4500 2390 4570 quod
2424 4489 2470 4545 υ
2498 4502 2977 4574 perfectaaneest
3039 4502 3208 4574 enim’
3237 4502 3456 4574 λέγεται
3510 4510 3605 4554 aut
3636 4502 3844 4554 simile.
3887 4501 4069 4554 iisdem

807 4583 929 4629 erat
954 4574 1172 4628 melius.

879 4646 991 4712 (15)
1025 4643 1159 4696 Ζοη.
1185 4659 1240 4712 p.
1277 4643 1397 4697 151.
1421 4642 1585 4696 Cedr.
1617 4659 1668 4713 p.
1700 4642 1824 4713 529.

880 4715 993 4781 (11)
1048 4713 1153 4767 Per
1187 4711 1305 4767 hoc
1349 4713 1578 4766 verbum
1617 4711 1741 4766 'non
1795 4712 1930 4768 dicit
1964 4712 2112 4781 quod
2173 4711 2392 4764 videtur

808 4784 1072 4840 voluisse.
1113 4783 1316 4838 Saltem
1351 4783 2066 4845 ἀνακαινίζεσθαιάἱχίεδει.

885 4855 998 4924 (15)
1026 4854 1217 4924 Αὐτὸς
1254 4853 1413 4905 ὃὲ-
1450 4855 1524 4906 lx.
1581 4853 1682 4906 καὶ
1732 4852 1937 4924 ἐϐιάζ.)
1990 4853 2124 4906 Ζυη.
2176 4867 2231 4920 p.
2271 4852 2393 4905 151.

811 4923 977 4978 Cedr.
1010 4938 1066 4994 p.
1092 4922 1213 4977 529.

882 4991 1111 5116 ί(16)]ια
1143 4993 1435 5062 scriptum,
1468 5008 1592 5047 cum
1645 4992 1830 5062 potius
1892 4991 2119 5047 deberet
2180 4993 2393 5044 τούτου.

815 5064 876 5119 Vi
920 5074 1045 5116 etur
1068 5071 1125 5116 et
1149 5065 1246 5116 mi
1281 5063 1833 5119 nrzetermittendum.

920 5079 1045 5116 ellﬂ'
1068 5079 1125 5116 el
1149 5079 1246 5116 και
1281 5079 1833 5116 nrzetermittenaum.

861 5078 1045 5118 tuetur
1068 5078 1125 5116 et
1149 5078 1246 5116 και
1281 5078 1812 5132 przetermittenaum

887 5134 1002 5266 (Π)
1040 5133 1368 5202 Requiritur
1401 5134 1560 5188 artic.
1589 5135 1706 5186 τοῦ.

885 5204 977 5266 (18
1029 5203 1164 5256 Ζοιι.
1191 5219 1247 5266 p.
1278 5203 1400 5256 151.
1431 5202 1596 5257 Cedr.
1623 5219 1678 5266 p.
1711 5203 1812 5258 529

913 5202 996 5266 18)
1029 5203 1164 5256 Zon.
1191 5219 1247 5271 p.
1278 5203 1400 5256 151.
1431 5202 1596 5257 Cedr.
1622 5219 1678 5272 p.
1711 5203 1834 5258 529.

913 5273 1000 5352 19)
1032 5273 1115 5352 l_ta_
1139 5273 1408 5352 scriptum
1435 5275 1490 5326 in
1541 5272 1974 5352 plusquamper_f.
2024 5272 2218 5352 in_dic.,
2273 5288 2398 5352 cum

815 5341 1003 5413 potius
1029 5341 1261 5396 deberet
1285 5344 1340 5396 in
1364 5358 1522 5410 pnes.
1553 5354 1665 5412 opt.
1688 5341 2041 5412 καταιτιῷτο,
2070 5345 2106 5396 i.
2131 5360 2182 5396 e.
2213 5345 2402 5412 neipsc

817 5413 1245 5467 insimularetur.
1315 5413 1424 5467 Sed
1481 5413 1622 5466 forte
1679 5429 1832 5467 more
1899 5429 2000 5468 suo
2052 5415 2261 5468 abusus
2318 5423 2403 5468 est

821 5484 1010 5546 verbo,
1036 5492 1106 5554 ut
1137 5481 1410 5552 significet
1435 5486 1582 5552 quod
1615 5485 1667 5537 in
1693 5485 1948 5538 versione
1977 5485 2246 5554 expressi.

894 5554 1010 5626 (20)
1033 5553 1167 5626 _Zon.
1192 5570 1246 5626 ι).
1278 5553 1395 5608 151.
1427 5554 1588 5626 Οίεότ.
1622 5571 1683 5626 p.
1710 5555 1831 5607 5:29.

893 5625 1005 5692 (21)
1035 5624 1112 5676 Ita
1137 5625 1428 5692 scriptum.
1462 5624 1786 5694 Requiritur
1815 5626 2130 5687 Σινωπίδος.

895 5694 1006 5722 nam
1037 5693 1180 5722 ΡΛΑ-
1223 5709 1254 5722 η
1310 5694 1412 5722 πωο
1669 5696 1778 5722 1,...
1833 5713 1863 5722 ..
1923 5699 2018 5722 ια.)
2089 5699 2126 5722 IT

895 5694 1007 5760 (2'2)
1037 5693 1202 5746 Cedr.
1223 5709 1278 5761 p.
1307 5694 1432 5747 529.
1460 5693 1607 5765 Syiu.
1669 5696 1800 5763 Log.
1833 5713 1886 5764 p.
1915 5699 2040 5750 422.
2089 5699 2182 5749 list
2206 5706 2260 5749 et
2286 5697 2403 5750 haec

821 5763 890 5815 de
919 5764 1235 5835 nominibus
1277 5763 1509 5832 Sinopes
1557 5776 1611 5818 et
1645 5767 1973 5820 Aniastridis
2018 5769 2400 5835 intempestiva

822 5833 1187 5902 parenthesis,
1217 5835 1405 5901 quales
1443 5835 1529 5888 hic
1553 5836 1759 5903 plures,
1795 5849 2056 5905 praeterea
2093 5833 2272 5891 oratio
2301 5840 2399 5890 im-

2498 4573 2828 4654 fergverbis
2857 4582 2911 4625 et
2931 4573 3080 4654 Sym.
3117 4571 3250 4653 Log.
3355 4588 3404 4626 c.

2572 4642 2685 4712 (25)
2737 4643 2813 4695 lla
2843 4641 3073 4695 omnino
3122 4641 3415 4712 scriptum,
3464 4659 3573 4696 non
3598 4642 3916 4710 ὠνόμακεν.
3943 4641 4072 4709 qnnd

2499 4713 2799 4782 requiritur
2855 4723 3083 4782 propter
3107 4714 3249 4782 ἥτις.
3283 4712 3493 4766 Sonant
3519 4723 3707 4765 autem
3747 4713 3870 4765 haec
3904 4716 3968 4765 ita
4019 4727 4073 4761 τι]

2495 4784 2729 4835 verbum
2765 4782 2934 4846 :Qua:
2959 4791 3125 4850 nupta
3183 4783 3435 4853 Dionysio
3475 4793 3706 4852 tyranno
3753 4784 3881 4835 huic
3920 4785 4076 4848 subj:—

2499 4861 2636 4905 ctam
2658 4853 2838 4905 urbem
2861 4853 3013 4906 illam
3039 4872 3070 4905 a
3103 4854 3324 4922 conjuge
3351 4870 3446 4905 suo
3468 4856 3773 4906 nominasse
3804 4853 3924 4906 scil.
3945 4853 4077 4903 dici-

2505 4933 2614 4976 tur.
2647 4923 2779 4988 Quae
2805 4923 2941 4976 mira
2977 4933 3064 4976 est
3095 4923 3318 4976 fatuitas
3341 4933 3398 4976 et
3447 4923 3808 4992 perversitas,
3844 4939 3968 4976 curn
4001 4938 4076 4973 sr-

2501 5004 2704 5062 quatur
2740 4994 3149 5063 DionysiOpolin
3190 5004 3286 5046 aut
3314 4993 3610 5062 Dionysios
3648 4994 3733 5058 (ut
3779 4993 4075 5063 Phiiippos_-

2502 5061 2707 5118 dictam
2741 5061 2909 5116 fuisse
2943 5061 3160 5122 urbem,
3197 5079 3304 5116 non
3334 5061 3635 5117 Amastrin.
3678 5063 3754 5115 Ita
3784 5073 3967 5115 tamen
4020 5061 4075 5110 ad.

2504 5135 2735 5187 verbum
2763 5143 2819 5204 et
2845 5133 2992 5204 Sym.
3018 5133 3150 5204 Log.
3181 5135 3276 5186 ubi
3319 5134 3597 5202 interpres
3632 5132 3796 5186 facile
3838 5149 3898 5186 se
3922 5147 4075 5204 exp»:

2504 5204 2666 5266 divit,
2701 5203 3001 5258 deﬂectens
3034 5221 3062 5257 a
3095 5203 3320 5258 Graecis.
3359 5205 3473 5257 lloe
3523 5204 3890 5264 monendum,
3948 5203 4075 5269 apu-l

2505 5274 2653 5345 Sym.
2682 5275 2810 5342 Log.
2851 5291 2949 5342 pro
2978 5276 3084 5326 άπὸ
3116 5275 3210 5325 τοῦ
3245 5275 3481 5340 συζύγου
3507 5273 3611 5340 legi
3642 5273 3752 5323 ἀπο
3790 5274 3892 5345 τῆς
3926 5275 4076 5331 50;;-

2506 5343 2623 5411 γου,
2685 5345 2833 5413 quod
2877 5346 3104 5398 omnino
3148 5359 3378 5397 verum:
3429 5360 3621 5412 parum
3659 5351 3848 5395 tamen
3873 5343 4079 5408 juvatur

2505 5415 2684 5468 oratio
2709 5426 2764 5468 et
2794 5431 3008 5476 sensus,
3041 5417 3147 5469 nisi
3182 5415 3308 5482 quis
3339 5415 3656 5467 meminerit
3689 5414 3830 5466 istos
3861 5413 4076 5465 nimium

2505 5485 2810 5539 delectatos
2835 5486 3005 5539 fuisse
3039 5486 3310 5555 ponendis
3349 5484 3707 5555 nominativis
3738 5500 3860 5555 pro_
3895 5484 4076 5550 genii.-

2504 5557 2590 5609 vis
2622 5557 2906 5610 absolutis.
2936 5547 3116 5625 Atq'ue
3144 5557 3386 5628 rha:c_sie
3407 5547 3769 5628 accipienda}
3825 5547 4012 5628 illan
4032 5566 4077 5628 ες

2508 5630 2910 5696 συνοικησάσης
2937 5627 3198 5695 Διονυσίῳ
3233 5626 3309 5694 τῷ
3344 5626 3667 5693 Ἡρακλείας
3699 5627 3972 5694 τυράννῳ,

2505 5715 2595 5766 τεᾶς
2632 5693 2727 5749 ὑπ’)
2753 5693 2946 5766 ἐκείνῳ
2977 5693 3184 5766 (potius
3215 5693 3290 5750 et?
3315 5697 3514 5750 melius
3558 5697 3708 5764 αὐτῷ
3767 5693 3864 5748 aut
3892 5693 4071 5756 lat-aq;

2506 5763 2671 5820 οὖσαν
2703 5769 2800 5834 τὴν
2825 5763 2980 5818 πόλιν
3002 5763 3119 5819 ἀπὸ
3146 5769 3244 5836 τῆς
3282 5768 3517 5832 συζύγου
3549 5763 3863 5828 ὠνόμακεν,

2587 5839 2698 5909 (ΞΜ)
2729 5840 2801 5892 De
2839 5838 2926 5893 his
2951 5837 3109 5893 Cont.
3142 5856 3194 5907 p.
3231 5838 3477 5902 77,2011.
3510 5854 3563 5907 p.
3597 5837 3718 5891 151.
