  <div class='ocr_page' id='page_1' title='image "/cluster/home/n/w/nwhite01/storage/ocr_20150623/109/nnc1.0046979867/540.png"; bbox 0 0 4146 6436; ppageno 0'>
   <div class='ocr_carea' id='block_1_1' title="bbox 141 417 284 480">
    <p class='ocr_par' dir='ltr' id='par_1_1' title="bbox 141 417 284 480">
     <span class='ocr_line' id='line_1_1' title="bbox 141 417 284 480; baseline -0.007 0"><span class='ocrx_word' id='word_1_1' title='bbox 141 417 284 480; x_wconf 75' lang='grc'><strong>1065</strong></span> 
     </span>
    </p>
   </div>
   <div class='ocr_carea' id='block_1_2' title="bbox 1452 409 2060 470">
    <p class='ocr_par' dir='ltr' id='par_1_2' title="bbox 1452 409 2060 470">
     <span class='ocr_line' id='line_1_2' title="bbox 1452 409 2060 470; baseline -0.008 0"><span class='ocrx_word' id='word_1_2' title='bbox 1452 409 1723 470; x_wconf 72' lang='grc' dir='ltr'><strong>ΒΕΘΠΜ</strong></span> <span class='ocrx_word' id='word_1_3' title='bbox 1757 409 1899 467; x_wconf 87' lang='lat' dir='ltr'><strong>Ll-B.</strong></span> <span class='ocrx_word' id='word_1_4' title='bbox 1950 410 2060 466; x_wconf 83' lang='lat' dir='ltr'><strong>lll.</strong></span> 
     </span>
    </p>
   </div>
   <div class='ocr_carea' id='block_1_3' title="bbox 3254 407 3386 467">
    <p class='ocr_par' dir='ltr' id='par_1_3' title="bbox 3254 407 3386 467">
     <span class='ocr_line' id='line_1_3' title="bbox 3254 407 3386 467; baseline 0.008 -2"><span class='ocrx_word' id='word_1_5' title='bbox 3254 407 3386 467; x_wconf 64' lang='lat'><strong>1086</strong></span> 
     </span>
    </p>
   </div>
   <div class='ocr_carea' id='block_1_4' title="bbox 137 518 1725 598">
    <p class='ocr_par' dir='ltr' id='par_1_4' title="bbox 137 523 1714 598">
     <span class='ocr_line' id='line_1_4' title="bbox 137 523 1714 598; baseline -0.008 -13"><span class='ocrx_word' id='word_1_6' title='bbox 137 532 252 585; x_wconf 77' lang='grc' dir='ltr'><strong>τῶν</strong></span> <span class='ocrx_word' id='word_1_7' title='bbox 279 526 419 584; x_wconf 73' lang='grc' dir='ltr'>κατὰ</span> <span class='ocrx_word' id='word_1_8' title='bbox 450 524 847 598; x_wconf 80' lang='grc' dir='ltr'>στρατηγεσίαν</span> <span class='ocrx_word' id='word_1_9' title='bbox 868 527 1075 597; x_wconf 79' lang='grc' dir='ltr'>καιροῖς</span> <span class='ocrx_word' id='word_1_10' title='bbox 1097 525 1209 597; x_wconf 70' lang='grc'>(25)</span> <span class='ocrx_word' id='word_1_11' title='bbox 1233 524 1600 593; x_wconf 77' lang='grc' dir='ltr'><strong>τεταγμένων,</strong></span> <span class='ocrx_word' id='word_1_12' title='bbox 1629 523 1714 591; x_wconf 72' lang='grc' dir='ltr'><strong>ἐφ’</strong></span> 
     </span>
    </p>
   </div>
   <div class='ocr_carea' id='block_1_5' title="bbox 1829 518 3395 598">
    <p class='ocr_par' dir='ltr' id='par_1_5' title="bbox 1829 518 3395 594">
     <span class='ocr_line' id='line_1_5' title="bbox 1829 518 3395 594; baseline -0.002 -17"><span class='ocrx_word' id='word_1_13' title='bbox 1829 524 2053 594; x_wconf 78' lang='lat' dir='ltr'><strong>quisque</strong></span> <span class='ocrx_word' id='word_1_14' title='bbox 2079 529 2321 591; x_wconf 85' lang='lat' dir='ltr'><strong>tempore</strong></span> <span class='ocrx_word' id='word_1_15' title='bbox 2347 521 2517 575; x_wconf 85' lang='lat' dir='ltr'><strong>duces</strong></span> <span class='ocrx_word' id='word_1_16' title='bbox 2546 518 2831 572; x_wconf 85' lang='lat' dir='ltr'><strong>constituti</strong></span> <span class='ocrx_word' id='word_1_17' title='bbox 2855 530 3037 573; x_wconf 88' lang='lat' dir='ltr'><strong>essent</strong></span> <span class='ocrx_word' id='word_1_18' title='bbox 3063 539 3074 572; x_wconf 90' lang='lat'><strong>:</strong></span> <span class='ocrx_word' id='word_1_19' title='bbox 3108 519 3312 587; x_wconf 82' lang='lat' dir='ltr'><strong>quibus</strong></span> <span class='ocrx_word' id='word_1_20' title='bbox 3341 532 3395 574; x_wconf 76' lang='lat' dir='ltr'><strong>et</strong></span> 
     </span>
    </p>
   </div>
   <div class='ocr_carea' id='block_1_6' title="bbox 136 614 1717 691">
    <p class='ocr_par' dir='ltr' id='par_1_6' title="bbox 136 614 1717 691">
     <span class='ocr_line' id='line_1_6' title="bbox 136 614 1717 691; baseline -0.009 -13"><span class='ocrx_word' id='word_1_21' title='bbox 136 617 216 677; x_wconf 79' lang='grc' dir='ltr'>ὦν</span> <span class='ocrx_word' id='word_1_22' title='bbox 246 621 343 675; x_wconf 70' lang='grc' dir='ltr'>καὶ</span> <span class='ocrx_word' id='word_1_23' title='bbox 366 617 708 691; x_wconf 77' lang='grc' dir='ltr'>τουρμάρχαι</span> <span class='ocrx_word' id='word_1_24' title='bbox 734 616 777 647; x_wconf 69' lang='grc'><strong>⁸¹</strong></span> <span class='ocrx_word' id='word_1_25' title='bbox 817 619 1022 670; x_wconf 86' lang='grc' dir='ltr'>τούτων</span> <span class='ocrx_word' id='word_1_26' title='bbox 1055 616 1169 687; x_wconf 71' lang='lat'><strong>(‘26)</strong></span> <span class='ocrx_word' id='word_1_27' title='bbox 1200 617 1514 667; x_wconf 76' lang='grc' dir='ltr'>ἐπιστατεῖν</span> <span class='ocrx_word' id='word_1_28' title='bbox 1544 614 1717 682; x_wconf 86' lang='grc' dir='ltr'>διωρί-</span> 
     </span>
    </p>
   </div>
   <div class='ocr_carea' id='block_1_7' title="bbox 134 702 1721 779">
    <p class='ocr_par' dir='ltr' id='par_1_7' title="bbox 134 702 1721 779">
     <span class='ocr_line' id='line_1_7' title="bbox 134 702 1721 779; baseline -0.008 -13"><span class='ocrx_word' id='word_1_29' title='bbox 134 715 315 778; x_wconf 63' lang='lat' dir='ltr'><strong>Ceno.</strong></span> <span class='ocrx_word' id='word_1_30' title='bbox 385 708 601 779; x_wconf 78' lang='grc' dir='ltr'>Ἀμέλει</span> <span class='ocrx_word' id='word_1_31' title='bbox 652 707 744 760; x_wconf 71' lang='grc' dir='ltr'>καὶ</span> <span class='ocrx_word' id='word_1_32' title='bbox 797 707 901 769; x_wconf 73' lang='grc' dir='ltr'>ἕως</span> <span class='ocrx_word' id='word_1_33' title='bbox 949 708 1057 760; x_wconf 89' lang='grc' dir='ltr'><strong>τῶν</strong></span> <span class='ocrx_word' id='word_1_34' title='bbox 1090 706 1339 760; x_wconf 77' lang='grc' dir='ltr'><strong>ἐνταυθοῖ</strong></span> <span class='ocrx_word' id='word_1_35' title='bbox 1386 704 1594 775; x_wconf 78' lang='grc' dir='ltr'><strong>χρόνων</strong></span> <span class='ocrx_word' id='word_1_36' title='bbox 1623 702 1721 771; x_wconf 81' lang='grc' dir='ltr'>τὴν</span> 
     </span>
    </p>
   </div>
   <div class='ocr_carea' id='block_1_8' title="bbox 134 794 1721 877">
    <p class='ocr_par' dir='ltr' id='par_1_8' title="bbox 134 794 1721 877">
     <span class='ocr_line' id='line_1_8' title="bbox 134 794 1721 877; baseline -0.006 -21"><span class='ocrx_word' id='word_1_37' title='bbox 134 803 515 877; x_wconf 76' lang='grc' dir='ltr'><strong>προσηγορίαν</strong></span> <span class='ocrx_word' id='word_1_38' title='bbox 544 800 655 871; x_wconf 76' lang='grc'>(27)</span> <span class='ocrx_word' id='word_1_39' title='bbox 684 800 911 870; x_wconf 82' lang='grc' dir='ltr'>Περσῶν</span> <span class='ocrx_word' id='word_1_40' title='bbox 957 801 1014 852; x_wconf 90' lang='grc' dir='ltr'><strong>αί</strong></span> <span class='ocrx_word' id='word_1_41' title='bbox 1045 798 1153 851; x_wconf 88' lang='grc' dir='ltr'><strong>τῶν</strong></span> <span class='ocrx_word' id='word_1_42' title='bbox 1198 798 1449 868; x_wconf 75' lang='grc' dir='ltr'>θεμάτων</span> <span class='ocrx_word' id='word_1_43' title='bbox 1486 794 1721 867; x_wconf 78' lang='grc' dir='ltr'>τοῦρμαι</span> 
     </span>
    </p>
   </div>
   <div class='ocr_carea' id='block_1_9' title="bbox 130 889 1193 967">
    <p class='ocr_par' dir='ltr' id='par_1_9' title="bbox 130 889 1193 967">
     <span class='ocr_line' id='line_1_9' title="bbox 130 889 1193 967; baseline -0.009 -16"><span class='ocrx_word' id='word_1_44' title='bbox 130 897 535 967; x_wconf 79' lang='grc' dir='ltr'>κεκλήρωνται,</span> <span class='ocrx_word' id='word_1_45' title='bbox 570 895 655 964; x_wconf 79' lang='grc' dir='ltr'><strong>ἐφ’</strong></span> <span class='ocrx_word' id='word_1_46' title='bbox 686 889 766 956; x_wconf 79' lang='grc' dir='ltr'><strong>οἷς</strong></span> <span class='ocrx_word' id='word_1_47' title='bbox 791 892 1193 961; x_wconf 82' lang='grc' dir='ltr'>διεσπάρησαν,</span> 
     </span>
    </p>
   </div>
   <div class='ocr_carea' id='block_1_10' title="bbox 208 980 1724 1058">
    <p class='ocr_par' dir='ltr' id='par_1_10' title="bbox 208 980 1724 1058">
     <span class='ocr_line' id='line_1_10' title="bbox 208 980 1724 1058; baseline -0.006 -17"><span class='ocrx_word' id='word_1_48' title='bbox 208 989 467 1041; x_wconf 77' lang='grc' dir='ltr'>Τοιούτου</span> <span class='ocrx_word' id='word_1_49' title='bbox 489 986 554 1058; x_wconf 79' lang='grc' dir='ltr'><strong>δὴ</strong></span> <span class='ocrx_word' id='word_1_50' title='bbox 584 985 821 1055; x_wconf 87' lang='grc' dir='ltr'>πέρατος</span> <span class='ocrx_word' id='word_1_51' title='bbox 848 983 915 1036; x_wconf 77' lang='grc' dir='ltr'>τὰ</span> <span class='ocrx_word' id='word_1_52' title='bbox 943 983 1051 1036; x_wconf 89' lang='grc' dir='ltr'><strong>τῶν</strong></span> <span class='ocrx_word' id='word_1_53' title='bbox 1083 982 1310 1055; x_wconf 86' lang='grc' dir='ltr'>Περσῶν</span> <span class='ocrx_word' id='word_1_54' title='bbox 1338 982 1473 1044; x_wconf 79' lang='grc' dir='ltr'>ὅλως</span> <span class='ocrx_word' id='word_1_55' title='bbox 1500 980 1724 1050; x_wconf 85' lang='grc' dir='ltr'>τετύχη-</span> 
     </span>
    </p>
   </div>
   <div class='ocr_carea' id='block_1_11' title="bbox 134 1069 1722 1148">
    <p class='ocr_par' dir='ltr' id='par_1_11' title="bbox 134 1069 1722 1148">
     <span class='ocr_line' id='line_1_11' title="bbox 134 1069 1722 1148; baseline -0.009 -14"><span class='ocrx_word' id='word_1_56' title='bbox 134 1096 203 1133; x_wconf 73' lang='grc' dir='ltr'><strong>κε</strong></span> <span class='ocrx_word' id='word_1_57' title='bbox 238 1078 377 1148; x_wconf 78' lang='grc' dir='ltr'>μετὰ</span> <span class='ocrx_word' id='word_1_58' title='bbox 404 1078 505 1148; x_wconf 77' lang='grc' dir='ltr'>τὴν</span> <span class='ocrx_word' id='word_1_59' title='bbox 532 1073 823 1129; x_wconf 90' lang='grc' dir='ltr'>στασιῶτιν</span> <span class='ocrx_word' id='word_1_60' title='bbox 851 1075 895 1104; x_wconf 71' lang='grc'><strong>⁵⁸</strong></span> <span class='ocrx_word' id='word_1_61' title='bbox 935 1073 1049 1144; x_wconf 67' lang='lat'><strong>(28)</strong></span> <span class='ocrx_word' id='word_1_62' title='bbox 1084 1073 1378 1127; x_wconf 75' lang='grc' dir='ltr'>κακόνοιαν</span> <span class='ocrx_word' id='word_1_63' title='bbox 1412 1069 1554 1124; x_wconf 69' lang='grc' dir='ltr'>οὕτω</span> <span class='ocrx_word' id='word_1_64' title='bbox 1599 1070 1722 1121; x_wconf 83' lang='grc' dir='ltr'>δια-</span> 
     </span>
    </p>
   </div>
   <div class='ocr_carea' id='block_1_12' title="bbox 135 1162 1719 1240">
    <p class='ocr_par' dir='ltr' id='par_1_12' title="bbox 135 1162 1719 1240">
     <span class='ocr_line' id='line_1_12' title="bbox 135 1162 1719 1240; baseline -0.005 -17"><span class='ocrx_word' id='word_1_65' title='bbox 135 1169 489 1240; x_wconf 79' lang='grc' dir='ltr'>νεμηθέντων</span> <span class='ocrx_word' id='word_1_66' title='bbox 516 1167 613 1220; x_wconf 83' lang='grc' dir='ltr'>καὶ</span> <span class='ocrx_word' id='word_1_67' title='bbox 646 1165 831 1236; x_wconf 79' lang='grc' dir='ltr'>σχεδὸν</span> <span class='ocrx_word' id='word_1_68' title='bbox 868 1166 945 1230; x_wconf 86' lang='grc' dir='ltr'><strong>είς</strong></span> <span class='ocrx_word' id='word_1_69' title='bbox 990 1164 1296 1233; x_wconf 76' lang='grc' dir='ltr'>ἀφανισμὸν</span> <span class='ocrx_word' id='word_1_70' title='bbox 1328 1162 1719 1234; x_wconf 82' lang='grc' dir='ltr'><strong>χωρησάντων.</strong></span> 
     </span>
    </p>
   </div>
   <div class='ocr_carea' id='block_1_13' title="bbox 136 1254 1723 1331">
    <p class='ocr_par' dir='ltr' id='par_1_13' title="bbox 136 1254 1723 1331">
     <span class='ocr_line' id='line_1_13' title="bbox 136 1254 1723 1331; baseline -0.007 -15"><span class='ocrx_word' id='word_1_71' title='bbox 136 1262 249 1316; x_wconf 79' lang='grc' dir='ltr'><strong>Τοῦ</strong></span> <span class='ocrx_word' id='word_1_72' title='bbox 278 1258 370 1316; x_wconf 76' lang='grc' dir='ltr'><strong>οὖν</strong></span> <span class='ocrx_word' id='word_1_73' title='bbox 400 1261 667 1331; x_wconf 79' lang='grc' dir='ltr'>βασιλέως</span> <span class='ocrx_word' id='word_1_74' title='bbox 726 1258 1086 1329; x_wconf 82' lang='grc' dir='ltr'>θανατηφόρῳ</span> <span class='ocrx_word' id='word_1_75' title='bbox 1135 1257 1275 1326; x_wconf 84' lang='grc' dir='ltr'>νόσῳ</span> <span class='ocrx_word' id='word_1_76' title='bbox 1330 1254 1723 1331; x_wconf 78' lang='grc' dir='ltr'>περιπεσόντος</span> 
     </span>
    </p>
   </div>
   <div class='ocr_carea' id='block_1_14' title="bbox 135 1326 1725 1421">
    <p class='ocr_par' dir='ltr' id='par_1_14' title="bbox 135 1326 1725 1421">
     <span class='ocr_line' id='line_1_14' title="bbox 135 1326 1725 1421; baseline -0.005 -16"><span class='ocrx_word' id='word_1_77' title='bbox 135 1326 483 1421; x_wconf 77' lang='grc' dir='ltr'>ὑπεσμύχετό</span> <span class='ocrx_word' id='word_1_78' title='bbox 512 1369 594 1414; x_wconf 88' lang='grc' dir='ltr'><strong>τις</strong></span> <span class='ocrx_word' id='word_1_79' title='bbox 624 1351 845 1415; x_wconf 82' lang='grc' dir='ltr'>σκοπὸς,</span> <span class='ocrx_word' id='word_1_80' title='bbox 989 1326 1226 1419; x_wconf 79' lang='grc' dir='ltr'>ματαίας</span> <span class='ocrx_word' id='word_1_81' title='bbox 1249 1348 1504 1418; x_wconf 68' lang='grc' dir='ltr'>διαὸολῆς</span> <span class='ocrx_word' id='word_1_82' title='bbox 1531 1326 1725 1416; x_wconf 73' lang='grc' dir='ltr'>χαιρεο</span> 
     </span>
    </p>
   </div>
   <div class='ocr_carea' id='block_1_15' title="bbox 136 1420 1726 1511">
    <p class='ocr_par' dir='ltr' id='par_1_15' title="bbox 136 1420 1726 1511">
     <span class='ocr_line' id='line_1_15' title="bbox 136 1420 1726 1511; baseline -0.004 -17"><span class='ocrx_word' id='word_1_83' title='bbox 136 1420 528 1511; x_wconf 49' lang='lat' dir='ltr'><strong>statumina</strong></span> <span class='ocrx_word' id='word_1_84' title='bbox 558 1440 657 1509; x_wconf 83' lang='grc' dir='ltr'>τὴν</span> <span class='ocrx_word' id='word_1_85' title='bbox 690 1440 947 1509; x_wconf 84' lang='grc' dir='ltr'>τελευτὴν</span> <span class='ocrx_word' id='word_1_86' title='bbox 1005 1440 1170 1493; x_wconf 82' lang='grc' dir='ltr'>αὑτοῦ</span> <span class='ocrx_word' id='word_1_87' title='bbox 1206 1439 1505 1500; x_wconf 75' lang='grc' dir='ltr'>ἐπιθέσεως</span> <span class='ocrx_word' id='word_1_88' title='bbox 1572 1420 1726 1506; x_wconf 82' lang='grc' dir='ltr'>παρᾶ</span> 
     </span>
    </p>
   </div>
   <div class='ocr_carea' id='block_1_16' title="bbox 137 1529 1726 1603">
    <p class='ocr_par' dir='ltr' id='par_1_16' title="bbox 137 1529 1726 1603">
     <span class='ocr_line' id='line_1_16' title="bbox 137 1529 1726 1603; baseline -0.001 -18"><span class='ocrx_word' id='word_1_89' title='bbox 137 1532 415 1601; x_wconf 80' lang='grc' dir='ltr'>Θεοφόὅου</span> <span class='ocrx_word' id='word_1_90' title='bbox 442 1534 537 1586; x_wconf 71' lang='grc' dir='ltr'>σὺν</span> <span class='ocrx_word' id='word_1_91' title='bbox 568 1531 685 1601; x_wconf 75' lang='grc' dir='ltr'>ἅμα</span> <span class='ocrx_word' id='word_1_92' title='bbox 716 1533 953 1603; x_wconf 86' lang='grc' dir='ltr'>Πέρσαις</span> <span class='ocrx_word' id='word_1_93' title='bbox 1008 1533 1149 1586; x_wconf 75' lang='grc' dir='ltr'>κατὰ</span> <span class='ocrx_word' id='word_1_94' title='bbox 1178 1531 1287 1585; x_wconf 88' lang='grc' dir='ltr'><strong>τῶν</strong></span> <span class='ocrx_word' id='word_1_95' title='bbox 1326 1530 1491 1583; x_wconf 82' lang='grc' dir='ltr'>αὐτοῦ</span> <span class='ocrx_word' id='word_1_96' title='bbox 1525 1529 1726 1600; x_wconf 82' lang='grc' dir='ltr'>κληρο·</span> 
     </span>
    </p>
   </div>
   <div class='ocr_carea' id='block_1_17' title="bbox 136 1622 1722 1696">
    <p class='ocr_par' dir='ltr' id='par_1_17' title="bbox 136 1622 1722 1696">
     <span class='ocr_line' id='line_1_17' title="bbox 136 1622 1722 1696; baseline -0.001 -19"><span class='ocrx_word' id='word_1_97' title='bbox 136 1626 323 1695; x_wconf 84' lang='grc' dir='ltr'>νόμων</span> <span class='ocrx_word' id='word_1_98' title='bbox 368 1625 594 1676; x_wconf 73' lang='grc' dir='ltr'>καὶτῶν</span> <span class='ocrx_word' id='word_1_99' title='bbox 622 1625 743 1677; x_wconf 85' lang='grc' dir='ltr'>κατ’</span> <span class='ocrx_word' id='word_1_100' title='bbox 769 1624 1125 1696; x_wconf 74' lang='grc' dir='ltr'><strong>ἐπιτροπείαν</strong></span> <span class='ocrx_word' id='word_1_101' title='bbox 1173 1622 1556 1695; x_wconf 82' lang='grc' dir='ltr'>ὲκριπισθῆναι</span> <span class='ocrx_word' id='word_1_102' title='bbox 1589 1622 1722 1693; x_wconf 71' lang='grc'>(29).</span> 
     </span>
    </p>
   </div>
   <div class='ocr_carea' id='block_1_18' title="bbox 134 1712 1726 1788">
    <p class='ocr_par' dir='ltr' id='par_1_18' title="bbox 134 1712 1726 1788">
     <span class='ocr_line' id='line_1_18' title="bbox 134 1712 1726 1788; baseline -0.003 -18"><span class='ocrx_word' id='word_1_103' title='bbox 134 1717 239 1771; x_wconf 77' lang='grc' dir='ltr'><strong>Διὰ</strong></span> <span class='ocrx_word' id='word_1_104' title='bbox 290 1716 448 1769; x_wconf 80' lang='grc' dir='ltr'>τοῦτο</span> <span class='ocrx_word' id='word_1_105' title='bbox 482 1717 576 1770; x_wconf 73' lang='grc' dir='ltr'><strong>καὶ</strong></span> <span class='ocrx_word' id='word_1_106' title='bbox 604 1716 739 1787; x_wconf 77' lang='grc' dir='ltr'>πρὸς</span> <span class='ocrx_word' id='word_1_107' title='bbox 773 1719 893 1780; x_wconf 79' lang='grc' dir='ltr'>ταῖς</span> <span class='ocrx_word' id='word_1_108' title='bbox 927 1716 1186 1788; x_wconf 71' lang='grc' dir='ltr'>ἐσχάταις</span> <span class='ocrx_word' id='word_1_109' title='bbox 1236 1716 1337 1786; x_wconf 78' lang='grc' dir='ltr'><strong>ἠδη</strong></span> <span class='ocrx_word' id='word_1_110' title='bbox 1400 1716 1595 1778; x_wconf 96' lang='grc' dir='ltr'>πύλαις</span> <span class='ocrx_word' id='word_1_111' title='bbox 1629 1712 1726 1767; x_wconf 76' lang='grc' dir='ltr'>τοῦ</span> 
     </span>
    </p>
   </div>
   <div class='ocr_carea' id='block_1_19' title="bbox 136 1804 1728 1880">
    <p class='ocr_par' dir='ltr' id='par_1_19' title="bbox 136 1804 1728 1880">
     <span class='ocr_line' id='line_1_19' title="bbox 136 1804 1728 1880; baseline 0 -21"><span class='ocrx_word' id='word_1_112' title='bbox 136 1808 372 1861; x_wconf 64' lang='grc' dir='ltr'>θανάτου</span> <span class='ocrx_word' id='word_1_113' title='bbox 433 1806 796 1880; x_wconf 86' lang='grc' dir='ltr'>παρεστηκὼς</span> <span class='ocrx_word' id='word_1_114' title='bbox 858 1807 1208 1878; x_wconf 82' lang='grc' dir='ltr'>καθειργνύει</span> <span class='ocrx_word' id='word_1_115' title='bbox 1249 1806 1361 1876; x_wconf 81' lang='grc'>(50)</span> <span class='ocrx_word' id='word_1_116' title='bbox 1414 1804 1728 1875; x_wconf 80' lang='grc' dir='ltr'><strong>κευθμῶσιν</strong></span> 
     </span>
    </p>
   </div>
   <div class='ocr_carea' id='block_1_20' title="bbox 1828 610 3398 684">
    <p class='ocr_par' dir='ltr' id='par_1_20' title="bbox 1828 610 3398 684">
     <span class='ocr_line' id='line_1_20' title="bbox 1828 610 3398 684; baseline -0.004 -13"><span class='ocrx_word' id='word_1_117' title='bbox 1828 615 2156 671; x_wconf 70' lang='lat' dir='ltr'><strong>turmarchae</strong></span> <span class='ocrx_word' id='word_1_118' title='bbox 2188 615 2283 682; x_wconf 87' lang='lat' dir='ltr'><strong>qui</strong></span> <span class='ocrx_word' id='word_1_119' title='bbox 2329 619 2630 684; x_wconf 61' lang='lat' dir='ltr'><strong>praeessent</strong></span> <span class='ocrx_word' id='word_1_120' title='bbox 2680 610 3129 665; x_wconf 88' lang='lat' dir='ltr'><strong>instituebantur.</strong></span> <span class='ocrx_word' id='word_1_121' title='bbox 3168 614 3233 665; x_wconf 74' lang='lat' dir='ltr'><strong>Et</strong></span> <span class='ocrx_word' id='word_1_122' title='bbox 3266 628 3398 665; x_wconf 75' lang='lat' dir='ltr'><strong>sane</strong></span> 
     </span>
    </p>
   </div>
   <div class='ocr_carea' id='block_1_21' title="bbox 1826 703 3397 775">
    <p class='ocr_par' dir='ltr' id='par_1_21' title="bbox 1826 703 3397 775">
     <span class='ocr_line' id='line_1_21' title="bbox 1826 703 3397 775; baseline -0.003 -14"><span class='ocrx_word' id='word_1_123' title='bbox 1826 722 2000 775; x_wconf 83' lang='lat' dir='ltr'><strong>usque</strong></span> <span class='ocrx_word' id='word_1_124' title='bbox 2032 705 2099 759; x_wconf 91' lang='lat' dir='ltr'><strong>ad</strong></span> <span class='ocrx_word' id='word_1_125' title='bbox 2154 706 2269 759; x_wconf 73' lang='lat' dir='ltr'><strong>hmo</strong></span> <span class='ocrx_word' id='word_1_126' title='bbox 2315 714 2562 774; x_wconf 90' lang='lat' dir='ltr'><strong>tempora</strong></span> <span class='ocrx_word' id='word_1_127' title='bbox 2590 717 2895 773; x_wconf 85' lang='lat' dir='ltr'><strong>cognomen</strong></span> <span class='ocrx_word' id='word_1_128' title='bbox 2929 703 3073 757; x_wconf 86' lang='lat' dir='ltr'><strong>istud</strong></span> <span class='ocrx_word' id='word_1_129' title='bbox 3106 704 3397 759; x_wconf 86' lang='lat' dir='ltr'><strong>Persarum</strong></span> 
     </span>
    </p>
   </div>
   <div class='ocr_carea' id='block_1_22' title="bbox 1828 792 3399 866">
    <p class='ocr_par' dir='ltr' id='par_1_22' title="bbox 1828 792 3399 866">
     <span class='ocr_line' id='line_1_22' title="bbox 1828 792 3399 866; baseline -0.003 -13"><span class='ocrx_word' id='word_1_130' title='bbox 1828 810 2021 853; x_wconf 83' lang='lat' dir='ltr'><strong>turmae</strong></span> <span class='ocrx_word' id='word_1_131' title='bbox 2052 798 2207 866; x_wconf 86' lang='lat' dir='ltr'><strong>quasi</strong></span> <span class='ocrx_word' id='word_1_132' title='bbox 2243 796 2654 851; x_wconf 59' lang='lat' dir='ltr'><strong>hereditarium</strong></span> <span class='ocrx_word' id='word_1_133' title='bbox 2706 792 2912 848; x_wconf 76' lang='lat' dir='ltr'><strong>habent</strong></span> <span class='ocrx_word' id='word_1_134' title='bbox 2946 794 3001 849; x_wconf 89' lang='lat' dir='ltr'><strong>in</strong></span> <span class='ocrx_word' id='word_1_135' title='bbox 3033 794 3292 851; x_wconf 83' lang='lat' dir='ltr'><strong>thematis</strong></span> <span class='ocrx_word' id='word_1_136' title='bbox 3333 795 3399 849; x_wconf 88' lang='lat' dir='ltr'><strong>ad</strong></span> 
     </span>
    </p>
   </div>
   <div class='ocr_carea' id='block_1_23' title="bbox 1826 886 2525 957">
    <p class='ocr_par' dir='ltr' id='par_1_23' title="bbox 1826 886 2525 957">
     <span class='ocr_line' id='line_1_23' title="bbox 1826 886 2525 957; baseline -0.001 -16"><span class='ocrx_word' id='word_1_137' title='bbox 1826 904 1947 957; x_wconf 72' lang='lat' dir='ltr'><strong>qua:</strong></span> <span class='ocrx_word' id='word_1_138' title='bbox 1978 888 2056 940; x_wconf 86' lang='lat' dir='ltr'><strong>illi</strong></span> <span class='ocrx_word' id='word_1_139' title='bbox 2082 886 2319 957; x_wconf 84' lang='lat' dir='ltr'><strong>dispersi</strong></span> <span class='ocrx_word' id='word_1_140' title='bbox 2348 896 2525 949; x_wconf 82' lang='lat' dir='ltr'><strong>erant.</strong></span> 
     </span>
    </p>
   </div>
   <div class='ocr_carea' id='block_1_24' title="bbox 1898 978 3401 1051">
    <p class='ocr_par' dir='ltr' id='par_1_24' title="bbox 1898 978 3401 1051">
     <span class='ocr_line' id='line_1_24' title="bbox 1898 978 3401 1051; baseline -0.004 -17"><span class='ocrx_word' id='word_1_141' title='bbox 1898 978 2283 1051; x_wconf 87' lang='lat' dir='ltr'><strong>Hujuscemodi</strong></span> <span class='ocrx_word' id='word_1_142' title='bbox 2315 978 2479 1034; x_wconf 80' lang='lat' dir='ltr'><strong>linem</strong></span> <span class='ocrx_word' id='word_1_143' title='bbox 2505 988 2683 1048; x_wconf 75' lang='lat' dir='ltr'><strong>coepta</strong></span> <span class='ocrx_word' id='word_1_144' title='bbox 2717 978 3011 1033; x_wconf 74' lang='lat' dir='ltr'><strong>Persarum</strong></span> <span class='ocrx_word' id='word_1_145' title='bbox 3034 978 3260 1031; x_wconf 86' lang='lat' dir='ltr'><strong>omnino</strong></span> <span class='ocrx_word' id='word_1_146' title='bbox 3284 992 3401 1030; x_wconf 80' lang='lat' dir='ltr'><strong>sor-</strong></span> 
     </span>
    </p>
   </div>
   <div class='ocr_carea' id='block_1_25' title="bbox 1828 1066 3403 1138">
    <p class='ocr_par' dir='ltr' id='par_1_25' title="bbox 1828 1066 3403 1138">
     <span class='ocr_line' id='line_1_25' title="bbox 1828 1066 3403 1138; baseline -0.004 -13"><span class='ocrx_word' id='word_1_147' title='bbox 1828 1072 1925 1125; x_wconf 88' lang='lat' dir='ltr'><strong>tita</strong></span> <span class='ocrx_word' id='word_1_148' title='bbox 1972 1080 2121 1135; x_wconf 87' lang='lat' dir='ltr'><strong>sunt,</strong></span> <span class='ocrx_word' id='word_1_149' title='bbox 2152 1070 2283 1138; x_wconf 85' lang='lat' dir='ltr'><strong>ipsis</strong></span> <span class='ocrx_word' id='word_1_150' title='bbox 2347 1068 2427 1122; x_wconf 93' lang='lat' dir='ltr'><strong>sic</strong></span> <span class='ocrx_word' id='word_1_151' title='bbox 2465 1068 2733 1137; x_wconf 83' lang='lat' dir='ltr'><strong>dispersis</strong></span> <span class='ocrx_word' id='word_1_152' title='bbox 2761 1083 2823 1122; x_wconf 89' lang='lat' dir='ltr'><strong>ac</strong></span> <span class='ocrx_word' id='word_1_153' title='bbox 2879 1066 3279 1137; x_wconf 80' lang='lat' dir='ltr'><strong>pr0peinodum</strong></span> <span class='ocrx_word' id='word_1_154' title='bbox 3336 1066 3403 1119; x_wconf 85' lang='lat' dir='ltr'><strong>ad</strong></span> 
     </span>
    </p>
   </div>
   <div class='ocr_carea' id='block_1_26' title="bbox 1826 1158 3408 1233">
    <p class='ocr_par' dir='ltr' id='par_1_26' title="bbox 1826 1158 3408 1233">
     <span class='ocr_line' id='line_1_26' title="bbox 1826 1158 3408 1233; baseline -0.004 -15"><span class='ocrx_word' id='word_1_155' title='bbox 1826 1164 2060 1233; x_wconf 81' lang='lat' dir='ltr'><strong>nihilum</strong></span> <span class='ocrx_word' id='word_1_156' title='bbox 2090 1162 2345 1217; x_wconf 86' lang='lat' dir='ltr'><strong>redactis.</strong></span> <span class='ocrx_word' id='word_1_157' title='bbox 2380 1160 2519 1216; x_wconf 89' lang='lat' dir='ltr'><strong>Cum</strong></span> <span class='ocrx_word' id='word_1_158' title='bbox 2554 1160 2722 1231; x_wconf 81' lang='lat' dir='ltr'><strong>igitur</strong></span> <span class='ocrx_word' id='word_1_159' title='bbox 2758 1160 3060 1228; x_wconf 84' lang='lat' dir='ltr'><strong>imperator</strong></span> <span class='ocrx_word' id='word_1_160' title='bbox 3106 1160 3160 1213; x_wconf 91' lang='lat' dir='ltr'><strong>in</strong></span> <span class='ocrx_word' id='word_1_161' title='bbox 3187 1158 3297 1230; x_wconf 79' lang='lat'><strong>60</strong></span> <span class='ocrx_word' id='word_1_162' title='bbox 3328 1160 3408 1211; x_wconf 87' lang='lat' dir='ltr'><strong>lc-</strong></span> 
     </span>
    </p>
   </div>
   <div class='ocr_carea' id='block_1_27' title="bbox 1826 1250 3407 1317">
    <p class='ocr_par' dir='ltr' id='par_1_27' title="bbox 1826 1250 3407 1317">
     <span class='ocr_line' id='line_1_27' title="bbox 1826 1250 3407 1317; baseline -0.005 -6"><span class='ocrx_word' id='word_1_163' title='bbox 1826 1257 2052 1311; x_wconf 84' lang='lat' dir='ltr'><strong>tiferum</strong></span> <span class='ocrx_word' id='word_1_164' title='bbox 2088 1254 2341 1308; x_wconf 87' lang='lat' dir='ltr'><strong>morbum</strong></span> <span class='ocrx_word' id='word_1_165' title='bbox 2374 1253 2685 1317; x_wconf 88' lang='lat' dir='ltr'><strong>incidisset,</strong></span> <span class='ocrx_word' id='word_1_166' title='bbox 2717 1250 3062 1306; x_wconf 83' lang='lat' dir='ltr'><strong>conﬂabatur</strong></span> <span class='ocrx_word' id='word_1_167' title='bbox 3090 1253 3407 1306; x_wconf 82' lang='lat' dir='ltr'><strong>criminatio</strong></span> 
     </span>
    </p>
   </div>
   <div class='ocr_carea' id='block_1_28' title="bbox 1825 1343 3407 1413">
    <p class='ocr_par' dir='ltr' id='par_1_28' title="bbox 1825 1343 3407 1413">
     <span class='ocr_line' id='line_1_28' title="bbox 1825 1343 3407 1413; baseline -0.004 -12"><span class='ocrx_word' id='word_1_168' title='bbox 1825 1362 1965 1401; x_wconf 85' lang='lat' dir='ltr'><strong>vana</strong></span> <span class='ocrx_word' id='word_1_169' title='bbox 2016 1354 2071 1399; x_wconf 90' lang='lat' dir='ltr'><strong>et</strong></span> <span class='ocrx_word' id='word_1_170' title='bbox 2125 1345 2467 1399; x_wconf 87' lang='lat' dir='ltr'><strong>calumniosa</strong></span> <span class='ocrx_word' id='word_1_171' title='bbox 2500 1361 2532 1399; x_wconf 92' lang='lat' dir='ltr'><strong>a</strong></span> <span class='ocrx_word' id='word_1_172' title='bbox 2580 1343 2887 1409; x_wconf 82' lang='lat' dir='ltr'><strong>malevolis,</strong></span> <span class='ocrx_word' id='word_1_173' title='bbox 2924 1344 3082 1413; x_wconf 90' lang='lat' dir='ltr'><strong>quasi</strong></span> <span class='ocrx_word' id='word_1_174' title='bbox 3113 1351 3238 1413; x_wconf 92' lang='lat' dir='ltr'><strong>post</strong></span> <span class='ocrx_word' id='word_1_175' title='bbox 3289 1346 3407 1413; x_wconf 74' lang='lat' dir='ltr'><strong>ejus</strong></span> 
     </span>
    </p>
   </div>
   <div class='ocr_carea' id='block_1_29' title="bbox 1828 1433 3408 1503">
    <p class='ocr_par' dir='ltr' id='par_1_29' title="bbox 1828 1433 3408 1503">
     <span class='ocr_line' id='line_1_29' title="bbox 1828 1433 3408 1503; baseline -0.003 -13"><span class='ocrx_word' id='word_1_176' title='bbox 1828 1444 2058 1490; x_wconf 91' lang='lat' dir='ltr'><strong>mortem</strong></span> <span class='ocrx_word' id='word_1_177' title='bbox 2092 1435 2321 1489; x_wconf 89' lang='lat' dir='ltr'><strong>rebellio</strong></span> <span class='ocrx_word' id='word_1_178' title='bbox 2344 1451 2375 1489; x_wconf 90' lang='lat' dir='ltr'><strong>a</strong></span> <span class='ocrx_word' id='word_1_179' title='bbox 2402 1435 2745 1503; x_wconf 82' lang='lat' dir='ltr'><strong>TheOphobo</strong></span> <span class='ocrx_word' id='word_1_180' title='bbox 2791 1444 2848 1490; x_wconf 91' lang='lat' dir='ltr'><strong>et</strong></span> <span class='ocrx_word' id='word_1_181' title='bbox 2874 1435 3059 1490; x_wconf 89' lang='lat' dir='ltr'><strong>Persis</strong></span> <span class='ocrx_word' id='word_1_182' title='bbox 3088 1443 3279 1487; x_wconf 90' lang='lat' dir='ltr'><strong>contra</strong></span> <span class='ocrx_word' id='word_1_183' title='bbox 3310 1433 3408 1486; x_wconf 86' lang='lat' dir='ltr'><strong>he-</strong></span> 
     </span>
    </p>
   </div>
   <div class='ocr_carea' id='block_1_30' title="bbox 1826 1526 3410 1601">
    <p class='ocr_par' dir='ltr' id='par_1_30' title="bbox 1826 1526 3410 1601">
     <span class='ocr_line' id='line_1_30' title="bbox 1826 1526 3410 1601; baseline -0.006 -16"><span class='ocrx_word' id='word_1_184' title='bbox 1826 1531 1985 1585; x_wconf 90' lang='lat' dir='ltr'><strong>redes</strong></span> <span class='ocrx_word' id='word_1_185' title='bbox 2035 1533 2155 1601; x_wconf 87' lang='lat' dir='ltr'><strong>ejus</strong></span> <span class='ocrx_word' id='word_1_186' title='bbox 2187 1540 2242 1584; x_wconf 87' lang='lat' dir='ltr'><strong>et</strong></span> <span class='ocrx_word' id='word_1_187' title='bbox 2274 1538 2484 1585; x_wconf 89' lang='lat' dir='ltr'><strong>tutores</strong></span> <span class='ocrx_word' id='word_1_188' title='bbox 2532 1528 3021 1582; x_wconf 82' lang='lat' dir='ltr'><strong>esset‘excitanda.</strong></span> <span class='ocrx_word' id='word_1_189' title='bbox 3063 1526 3410 1594; x_wconf 82' lang='lat' dir='ltr'><strong>Quapmpter</strong></span> 
     </span>
    </p>
   </div>
   <div class='ocr_carea' id='block_1_31' title="bbox 1826 1616 3407 1689">
    <p class='ocr_par' dir='ltr' id='par_1_31' title="bbox 1826 1616 3407 1689">
     <span class='ocr_line' id='line_1_31' title="bbox 1826 1616 3407 1689; baseline -0.004 -15"><span class='ocrx_word' id='word_1_190' title='bbox 1826 1622 1885 1674; x_wconf 89' lang='lat' dir='ltr'><strong>in</strong></span> <span class='ocrx_word' id='word_1_191' title='bbox 1916 1622 2177 1675; x_wconf 78' lang='lat' dir='ltr'><strong>extremis</strong></span> <span class='ocrx_word' id='word_1_192' title='bbox 2203 1621 2312 1689; x_wconf 88' lang='lat' dir='ltr'><strong>jam</strong></span> <span class='ocrx_word' id='word_1_193' title='bbox 2336 1618 2549 1673; x_wconf 80' lang='lat' dir='ltr'><strong>foribus</strong></span> <span class='ocrx_word' id='word_1_194' title='bbox 2577 1618 2772 1673; x_wconf 89' lang='lat' dir='ltr'><strong>mortis</strong></span> <span class='ocrx_word' id='word_1_195' title='bbox 2796 1616 3148 1677; x_wconf 87' lang='lat' dir='ltr'><strong>constitutus,</strong></span> <span class='ocrx_word' id='word_1_196' title='bbox 3178 1616 3407 1669; x_wconf 89' lang='lat' dir='ltr'><strong>missum</strong></span> 
     </span>
    </p>
   </div>
   <div class='ocr_carea' id='block_1_32' title="bbox 1828 1705 3409 1776">
    <p class='ocr_par' dir='ltr' id='par_1_32' title="bbox 1828 1705 3409 1776">
     <span class='ocr_line' id='line_1_32' title="bbox 1828 1705 3409 1776; baseline -0.004 -12"><span class='ocrx_word' id='word_1_197' title='bbox 1828 1712 1886 1764; x_wconf 92' lang='lat' dir='ltr'><strong>in</strong></span> <span class='ocrx_word' id='word_1_198' title='bbox 1912 1724 2173 1765; x_wconf 88' lang='lat' dir='ltr'><strong>cavernas</strong></span> <span class='ocrx_word' id='word_1_199' title='bbox 2209 1709 2560 1764; x_wconf 87' lang='lat' dir='ltr'><strong>Bucoleontis</strong></span> <span class='ocrx_word' id='word_1_200' title='bbox 2590 1708 2829 1765; x_wconf 85' lang='lat' dir='ltr'><strong>includit</strong></span> <span class='ocrx_word' id='word_1_201' title='bbox 2854 1705 3280 1776; x_wconf 89' lang='lat' dir='ltr'><strong>Theophobum,</strong></span> <span class='ocrx_word' id='word_1_202' title='bbox 3306 1719 3409 1758; x_wconf 91' lang='lat' dir='ltr'><strong>no-</strong></span> 
     </span>
    </p>
   </div>
   <div class='ocr_carea' id='block_1_33' title="bbox 1826 1797 3406 1873">
    <p class='ocr_par' dir='ltr' id='par_1_33' title="bbox 1826 1797 3406 1873">
     <span class='ocr_line' id='line_1_33' title="bbox 1826 1797 3406 1873; baseline -0.006 -15"><span class='ocrx_word' id='word_1_203' title='bbox 1826 1813 2031 1873; x_wconf 90' lang='lat' dir='ltr'><strong>ctuque</strong></span> <span class='ocrx_word' id='word_1_204' title='bbox 2063 1802 2313 1873; x_wconf 84' lang='lat' dir='ltr'><strong>capitalis</strong></span> <span class='ocrx_word' id='word_1_205' title='bbox 2360 1801 2615 1872; x_wconf 85' lang='lat' dir='ltr'><strong>supplicii</strong></span> <span class='ocrx_word' id='word_1_206' title='bbox 2640 1800 2875 1871; x_wconf 88' lang='lat' dir='ltr'><strong>imponit</strong></span> <span class='ocrx_word' id='word_1_207' title='bbox 2900 1798 2951 1854; x_wconf 87' lang='lat' dir='ltr'><strong>ei</strong></span> <span class='ocrx_word' id='word_1_208' title='bbox 2974 1797 3406 1859; x_wconf 82' lang='lat' dir='ltr'><strong>exsecutionem,</strong></span> 
     </span>
    </p>
   </div>
   <div class='ocr_carea' id='block_1_34' title="bbox 132 1883 1725 1972">
    <p class='ocr_par' dir='ltr' id='par_1_34' title="bbox 132 1898 1725 1972">
     <span class='ocr_line' id='line_1_34' title="bbox 132 1898 1725 1972; baseline -0.003 -18"><span class='ocrx_word' id='word_1_209' title='bbox 132 1902 431 1972; x_wconf 71' lang='grc' dir='ltr'>ἐκπέμψας</span> <span class='ocrx_word' id='word_1_210' title='bbox 466 1902 559 1955; x_wconf 86' lang='grc' dir='ltr'>τοῦ</span> <span class='ocrx_word' id='word_1_211' title='bbox 600 1901 986 1965; x_wconf 81' lang='grc' dir='ltr'>Βουκολέοντος</span> <span class='ocrx_word' id='word_1_212' title='bbox 1020 1903 1112 1954; x_wconf 77' lang='grc' dir='ltr'>τὸν</span> <span class='ocrx_word' id='word_1_213' title='bbox 1151 1899 1426 1968; x_wconf 74' lang='grc' dir='ltr'>Θεόφοῦον</span> <span class='ocrx_word' id='word_1_214' title='bbox 1464 1899 1600 1970; x_wconf 79' lang='lat' dir='ltr'><strong>(3i),</strong></span> <span class='ocrx_word' id='word_1_215' title='bbox 1634 1898 1725 1953; x_wconf 76' lang='grc' dir='ltr'>καὶ</span> 
     </span>
    </p>
   </div>
   <div class='ocr_carea' id='block_1_35' title="bbox 1829 1883 3410 1972">
    <p class='ocr_par' dir='ltr' id='par_1_35' title="bbox 1831 1890 3410 1967">
     <span class='ocr_line' id='line_1_35' title="bbox 1831 1890 3410 1967; baseline -0.006 -17"><span class='ocrx_word' id='word_1_216' title='bbox 1831 1895 1987 1967; x_wconf 89' lang='lat' dir='ltr'><strong>quasi</strong></span> <span class='ocrx_word' id='word_1_217' title='bbox 2042 1895 2403 1949; x_wconf 86' lang='lat' dir='ltr'><strong>immanitatis</strong></span> <span class='ocrx_word' id='word_1_218' title='bbox 2478 1900 2759 1948; x_wconf 88' lang='lat' dir='ltr'><strong>certamen</strong></span> <span class='ocrx_word' id='word_1_219' title='bbox 2816 1892 3055 1946; x_wconf 79' lang='lat' dir='ltr'><strong>funebre</strong></span> <span class='ocrx_word' id='word_1_220' title='bbox 3112 1890 3410 1944; x_wconf 87' lang='lat' dir='ltr'><strong>instituens</strong></span> 
     </span>
    </p>
   </div>
   <div class='ocr_carea' id='block_1_36' title="bbox 132 1990 1721 2065">
    <p class='ocr_par' dir='ltr' id='par_1_36' title="bbox 132 1990 1721 2065">
     <span class='ocr_line' id='line_1_36' title="bbox 132 1990 1721 2065; baseline -0.003 -20"><span class='ocrx_word' id='word_1_221' title='bbox 132 1998 297 2047; x_wconf 75' lang='grc' dir='ltr'>νυκτὶ</span> <span class='ocrx_word' id='word_1_222' title='bbox 320 1994 418 2064; x_wconf 79' lang='grc' dir='ltr'>τὴν</span> <span class='ocrx_word' id='word_1_223' title='bbox 446 1993 535 2046; x_wconf 74' lang='grc' dir='ltr'>διὰ</span> <span class='ocrx_word' id='word_1_224' title='bbox 564 1992 869 2063; x_wconf 81' lang='grc' dir='ltr'>κεφαλικῆς</span> <span class='ocrx_word' id='word_1_225' title='bbox 892 1992 1163 2065; x_wconf 79' lang='grc' dir='ltr'><strong>τιμωρίας</strong></span> <span class='ocrx_word' id='word_1_226' title='bbox 1197 1991 1544 2063; x_wconf 79' lang='grc' dir='ltr'>περιτίθησιν</span> <span class='ocrx_word' id='word_1_227' title='bbox 1572 1990 1721 2061; x_wconf 79' lang='grc' dir='ltr'>αὐτῷ</span> 
     </span>
    </p>
   </div>
   <div class='ocr_carea' id='block_1_37' title="bbox 134 2080 1723 2156">
    <p class='ocr_par' dir='ltr' id='par_1_37' title="bbox 134 2080 1723 2156">
     <span class='ocr_line' id='line_1_37' title="bbox 134 2080 1723 2156; baseline 0 -19"><span class='ocrx_word' id='word_1_228' title='bbox 134 2083 509 2149; x_wconf 76' lang='grc' dir='ltr'>ὑπεξέλευσιν,</span> <span class='ocrx_word' id='word_1_229' title='bbox 544 2080 705 2138; x_wconf 83' lang='grc' dir='ltr'>ἆθλον</span> <span class='ocrx_word' id='word_1_230' title='bbox 731 2084 1125 2156; x_wconf 72' lang='grc' dir='ltr'>ἀπανθρωπίας</span> <span class='ocrx_word' id='word_1_231' title='bbox 1154 2085 1413 2154; x_wconf 81' lang='grc' dir='ltr'>ἐντάφιον</span> <span class='ocrx_word' id='word_1_232' title='bbox 1436 2087 1464 2137; x_wconf 87' lang='grc' dir='ltr'><strong>ὁ</strong></span> <span class='ocrx_word' id='word_1_233' title='bbox 1494 2084 1723 2147; x_wconf 83' lang='grc' dir='ltr'>δείλαιος</span> 
     </span>
    </p>
   </div>
   <div class='ocr_carea' id='block_1_38' title="bbox 134 2173 1723 2247">
    <p class='ocr_par' dir='ltr' id='par_1_38' title="bbox 134 2173 1723 2247">
     <span class='ocr_line' id='line_1_38' title="bbox 134 2173 1723 2247; baseline -0.001 -19"><span class='ocrx_word' id='word_1_234' title='bbox 134 2177 562 2247; x_wconf 78' lang='grc' dir='ltr'>ἐνστησάμενος.</span> <span class='ocrx_word' id='word_1_235' title='bbox 626 2177 724 2229; x_wconf 79' lang='grc' dir='ltr'><strong>Διά</strong></span> <span class='ocrx_word' id='word_1_236' title='bbox 752 2176 811 2229; x_wconf 70' lang='grc' dir='ltr'>τὸ</span> <span class='ocrx_word' id='word_1_237' title='bbox 843 2173 936 2230; x_wconf 84' lang='grc' dir='ltr'>οὖν</span> <span class='ocrx_word' id='word_1_238' title='bbox 983 2176 1252 2247; x_wconf 77' lang='grc' dir='ltr'>λαθραίαν</span> <span class='ocrx_word' id='word_1_239' title='bbox 1299 2176 1582 2245; x_wconf 82' lang='grc' dir='ltr'>γεγονέναι</span> <span class='ocrx_word' id='word_1_240' title='bbox 1625 2175 1723 2244; x_wconf 84' lang='grc' dir='ltr'>τὴν</span> 
     </span>
    </p>
   </div>
   <div class='ocr_carea' id='block_1_39' title="bbox 1834 1982 3408 2060">
    <p class='ocr_par' dir='ltr' id='par_1_39' title="bbox 1834 1982 3408 2060">
     <span class='ocr_line' id='line_1_39' title="bbox 1834 1982 3408 2060; baseline -0.005 -17"><span class='ocrx_word' id='word_1_241' title='bbox 1834 1988 2085 2060; x_wconf 90' lang='lat' dir='ltr'><strong>perditus</strong></span> <span class='ocrx_word' id='word_1_242' title='bbox 2111 1988 2223 2043; x_wconf 92' lang='lat' dir='ltr'><strong>ille.</strong></span> <span class='ocrx_word' id='word_1_243' title='bbox 2268 1987 2457 2057; x_wconf 87' lang='lat' dir='ltr'><strong>Itaque</strong></span> <span class='ocrx_word' id='word_1_244' title='bbox 2488 1986 2617 2057; x_wconf 86' lang='lat' dir='ltr'><strong>quia</strong></span> <span class='ocrx_word' id='word_1_245' title='bbox 2649 1986 2865 2040; x_wconf 92' lang='lat' dir='ltr'><strong>occulte</strong></span> <span class='ocrx_word' id='word_1_246' title='bbox 2911 1984 3016 2039; x_wconf 80' lang='lat' dir='ltr'><strong>fuit</strong></span> <span class='ocrx_word' id='word_1_247' title='bbox 3059 1982 3408 2044; x_wconf 79' lang='lat' dir='ltr'><strong>interfectus,</strong></span> 
     </span>
    </p>
   </div>
   <div class='ocr_carea' id='block_1_40' title="bbox 1831 2077 3412 2153">
    <p class='ocr_par' dir='ltr' id='par_1_40' title="bbox 1831 2077 3412 2153">
     <span class='ocr_line' id='line_1_40' title="bbox 1831 2077 3412 2153; baseline -0.007 -15"><span class='ocrx_word' id='word_1_248' title='bbox 1831 2081 2154 2153; x_wconf 88' lang='lat' dir='ltr'><strong>percrebuit</strong></span> <span class='ocrx_word' id='word_1_249' title='bbox 2174 2081 2316 2135; x_wconf 83' lang='lat' dir='ltr'><strong>fama</strong></span> <span class='ocrx_word' id='word_1_250' title='bbox 2345 2081 2488 2134; x_wconf 89' lang='lat' dir='ltr'><strong>inter</strong></span> <span class='ocrx_word' id='word_1_251' title='bbox 2506 2080 2701 2134; x_wconf 89' lang='lat' dir='ltr'><strong>Persas</strong></span> <span class='ocrx_word' id='word_1_252' title='bbox 2727 2094 2901 2147; x_wconf 89' lang='lat' dir='ltr'><strong>usque</strong></span> <span class='ocrx_word' id='word_1_253' title='bbox 2924 2077 2991 2132; x_wconf 91' lang='lat' dir='ltr'><strong>ad</strong></span> <span class='ocrx_word' id='word_1_254' title='bbox 3017 2077 3131 2131; x_wconf 75' lang='lat' dir='ltr'><strong>hzec</strong></span> <span class='ocrx_word' id='word_1_255' title='bbox 3161 2084 3412 2145; x_wconf 89' lang='lat' dir='ltr'><strong>tempora</strong></span> 
     </span>
    </p>
   </div>
   <div class='ocr_carea' id='block_1_41' title="bbox 1827 2171 2937 2244">
    <p class='ocr_par' dir='ltr' id='par_1_41' title="bbox 1827 2171 2937 2244">
     <span class='ocr_line' id='line_1_41' title="bbox 1827 2171 2937 2244; baseline -0.001 -16"><span class='ocrx_word' id='word_1_256' title='bbox 1827 2184 2065 2230; x_wconf 88' lang='lat' dir='ltr'><strong>mortem</strong></span> <span class='ocrx_word' id='word_1_257' title='bbox 2091 2189 2202 2229; x_wconf 92' lang='lat' dir='ltr'><strong>non</strong></span> <span class='ocrx_word' id='word_1_258' title='bbox 2233 2184 2482 2244; x_wconf 76' lang='lat' dir='ltr'><strong>gustasse</strong></span> <span class='ocrx_word' id='word_1_259' title='bbox 2511 2171 2937 2243; x_wconf 88' lang='lat' dir='ltr'><strong>Theophobum.</strong></span> 
     </span>
    </p>
   </div>
   <div class='ocr_carea' id='block_1_42' title="bbox 132 2264 3411 2343">
    <p class='ocr_par' dir='ltr' id='par_1_42' title="bbox 132 2264 3411 2343">
     <span class='ocr_line' id='line_1_42' title="bbox 132 2264 3411 2343; baseline -0.002 -20"><span class='ocrx_word' id='word_1_260' title='bbox 132 2269 305 2325; x_wconf 81' lang='grc' dir='ltr'>αὐτοῦ</span> <span class='ocrx_word' id='word_1_261' title='bbox 326 2272 580 2342; x_wconf 80' lang='grc' dir='ltr'>τελευτὴν</span> <span class='ocrx_word' id='word_1_262' title='bbox 608 2270 958 2342; x_wconf 76' lang='grc' dir='ltr'>διαϐεϐόηται</span> <span class='ocrx_word' id='word_1_263' title='bbox 986 2271 1099 2343; x_wconf 74' lang='grc'>(52)</span> <span class='ocrx_word' id='word_1_264' title='bbox 1137 2272 1290 2342; x_wconf 74' lang='grc' dir='ltr'>παρὰ</span> <span class='ocrx_word' id='word_1_265' title='bbox 1321 2272 1560 2343; x_wconf 80' lang='grc' dir='ltr'>Πέρσαις</span> <span class='ocrx_word' id='word_1_266' title='bbox 1593 2271 1851 2343; x_wconf 80' lang='grc' dir='ltr'>ἄχριτῶν</span> <span class='ocrx_word' id='word_1_267' title='bbox 1890 2266 1993 2327; x_wconf 83' lang='grc' dir='ltr'>ὦδε</span> <span class='ocrx_word' id='word_1_268' title='bbox 2033 2273 2241 2343; x_wconf 79' lang='grc' dir='ltr'>χρόνων</span> <span class='ocrx_word' id='word_1_269' title='bbox 2274 2271 2502 2323; x_wconf 87' lang='grc' dir='ltr'>θανάτου</span> <span class='ocrx_word' id='word_1_270' title='bbox 2567 2270 2643 2342; x_wconf 84' lang='grc' dir='ltr'>μὴ</span> <span class='ocrx_word' id='word_1_271' title='bbox 2691 2268 2993 2338; x_wconf 87' lang='grc' dir='ltr'>γεύσασθαι</span> <span class='ocrx_word' id='word_1_272' title='bbox 3054 2266 3148 2320; x_wconf 75' lang='grc' dir='ltr'>τὸν</span> <span class='ocrx_word' id='word_1_273' title='bbox 3205 2264 3411 2334; x_wconf 76' lang='grc' dir='ltr'>Θεὸφο-</span> 
     </span>
    </p>
   </div>
   <div class='ocr_carea' id='block_1_43' title="bbox 134 2366 253 2418">
    <p class='ocr_par' dir='ltr' id='par_1_43' title="bbox 134 2366 253 2418">
     <span class='ocr_line' id='line_1_43' title="bbox 134 2366 253 2418; baseline 0 0"><span class='ocrx_word' id='word_1_274' title='bbox 134 2366 253 2418; x_wconf 69' lang='grc' dir='ltr'>εον.</span> 
     </span>
    </p>
   </div>
   <div class='ocr_carea' id='block_1_44' title="bbox 208 2457 1727 2529">
    <p class='ocr_par' dir='ltr' id='par_1_44' title="bbox 208 2457 1727 2529">
     <span class='ocr_line' id='line_1_44' title="bbox 208 2457 1727 2529; baseline 0.001 -17"><span class='ocrx_word' id='word_1_275' title='bbox 208 2460 275 2513; x_wconf 79' lang='grc' dir='ltr'><strong>ΕΞ</strong></span> <span class='ocrx_word' id='word_1_276' title='bbox 309 2458 404 2511; x_wconf 74' lang='grc' dir='ltr'>καὶ</span> <span class='ocrx_word' id='word_1_277' title='bbox 438 2457 609 2521; x_wconf 79' lang='grc' dir='ltr'>ἄλλως</span> <span class='ocrx_word' id='word_1_278' title='bbox 644 2459 786 2521; x_wconf 84' lang='grc' dir='ltr'>τινὲς</span> <span class='ocrx_word' id='word_1_279' title='bbox 810 2458 1145 2528; x_wconf 71' lang='grc' dir='ltr'>διειλήφεισιν</span> <span class='ocrx_word' id='word_1_280' title='bbox 1170 2460 1307 2529; x_wconf 78' lang='grc'>(55),</span> <span class='ocrx_word' id='word_1_281' title='bbox 1353 2460 1437 2513; x_wconf 84' lang='grc' dir='ltr'>ὅτι</span> <span class='ocrx_word' id='word_1_282' title='bbox 1465 2460 1561 2514; x_wconf 76' lang='grc' dir='ltr'>τοῦ</span> <span class='ocrx_word' id='word_1_283' title='bbox 1593 2461 1727 2514; x_wconf 80' lang='grc' dir='ltr'>Θεο-</span> 
     </span>
    </p>
   </div>
   <div class='ocr_carea' id='block_1_45' title="bbox 138 2551 1733 2622">
    <p class='ocr_par' dir='ltr' id='par_1_45' title="bbox 138 2551 1733 2622">
     <span class='ocr_line' id='line_1_45' title="bbox 138 2551 1733 2622; baseline 0.004 -21"><span class='ocrx_word' id='word_1_284' title='bbox 138 2554 298 2621; x_wconf 66' lang='grc' dir='ltr'>φίλου</span> <span class='ocrx_word' id='word_1_285' title='bbox 333 2551 474 2604; x_wconf 87' lang='grc' dir='ltr'>κατά</span> <span class='ocrx_word' id='word_1_286' title='bbox 497 2568 614 2603; x_wconf 84' lang='grc' dir='ltr'>τινα</span> <span class='ocrx_word' id='word_1_287' title='bbox 651 2552 1006 2622; x_wconf 79' lang='grc' dir='ltr'>περιπέτειαν</span> <span class='ocrx_word' id='word_1_288' title='bbox 1052 2552 1487 2622; x_wconf 80' lang='grc' dir='ltr'>δυστυχήσαντος</span> <span class='ocrx_word' id='word_1_289' title='bbox 1522 2557 1579 2608; x_wconf 80' lang='grc' dir='ltr'>ἐν</span> <span class='ocrx_word' id='word_1_290' title='bbox 1635 2570 1733 2607; x_wconf 90' lang='grc' dir='ltr'>πο-</span> 
     </span>
    </p>
   </div>
   <div class='ocr_carea' id='block_1_46' title="bbox 136 2641 1732 2715">
    <p class='ocr_par' dir='ltr' id='par_1_46' title="bbox 136 2641 1732 2715">
     <span class='ocr_line' id='line_1_46' title="bbox 136 2641 1732 2715; baseline 0 -18"><span class='ocrx_word' id='word_1_291' title='bbox 136 2645 423 2715; x_wconf 61' lang='grc' dir='ltr'>λέμῳῶι)</span> <span class='ocrx_word' id='word_1_292' title='bbox 455 2644 671 2713; x_wconf 79' lang='grc' dir='ltr'>εἰρήκει</span> <span class='ocrx_word' id='word_1_293' title='bbox 699 2641 861 2695; x_wconf 72' lang='grc' dir='ltr'>αὑτὸν</span> <span class='ocrx_word' id='word_1_294' title='bbox 885 2642 931 2673; x_wconf 71' lang='grc'>⁸³</span> <span class='ocrx_word' id='word_1_295' title='bbox 959 2644 988 2695; x_wconf 82' lang='grc' dir='ltr'><strong>ὁ</strong></span> <span class='ocrx_word' id='word_1_296' title='bbox 1015 2642 1283 2711; x_wconf 78' lang='grc' dir='ltr'>Θεόφοϐος</span> <span class='ocrx_word' id='word_1_297' title='bbox 1324 2644 1614 2697; x_wconf 82' lang='grc' dir='ltr'>συνθέσθαι</span> <span class='ocrx_word' id='word_1_298' title='bbox 1635 2646 1732 2715; x_wconf 81' lang='grc' dir='ltr'><strong>μό-</strong></span> 
     </span>
    </p>
   </div>
   <div class='ocr_carea' id='block_1_47' title="bbox 135 2733 1728 2807">
    <p class='ocr_par' dir='ltr' id='par_1_47' title="bbox 135 2733 1728 2807">
     <span class='ocr_line' id='line_1_47' title="bbox 135 2733 1728 2807; baseline 0.001 -21"><span class='ocrx_word' id='word_1_299' title='bbox 135 2754 229 2788; x_wconf 81' lang='grc' dir='ltr'><strong>νον</strong></span> <span class='ocrx_word' id='word_1_300' title='bbox 262 2735 401 2804; x_wconf 74' lang='grc' dir='ltr'>μετὰ</span> <span class='ocrx_word' id='word_1_301' title='bbox 440 2733 659 2802; x_wconf 82' lang='grc' dir='ltr'>ιιερσῶν</span> <span class='ocrx_word' id='word_1_302' title='bbox 689 2733 1090 2804; x_wconf 84' lang='grc' dir='ltr'>νυκτοπόλεμον</span> <span class='ocrx_word' id='word_1_303' title='bbox 1144 2734 1258 2805; x_wconf 76' lang='grc'>(55)</span> <span class='ocrx_word' id='word_1_304' title='bbox 1310 2736 1404 2788; x_wconf 65' lang='grc' dir='ltr'><strong>καί⁷</strong></span> <span class='ocrx_word' id='word_1_305' title='bbox 1436 2736 1728 2807; x_wconf 75' lang='grc' dir='ltr'>συμμαχίᾳ</span> 
     </span>
    </p>
   </div>
   <div class='ocr_carea' id='block_1_48' title="bbox 136 2824 1730 2894">
    <p class='ocr_par' dir='ltr' id='par_1_48' title="bbox 136 2824 1730 2894">
     <span class='ocr_line' id='line_1_48' title="bbox 136 2824 1730 2894; baseline 0.001 -16"><span class='ocrx_word' id='word_1_306' title='bbox 136 2825 275 2879; x_wconf 75' lang='grc' dir='ltr'>Θεοῦ</span> <span class='ocrx_word' id='word_1_307' title='bbox 308 2826 415 2878; x_wconf 87' lang='grc' dir='ltr'><strong>τῶν</strong></span> <span class='ocrx_word' id='word_1_308' title='bbox 447 2825 655 2894; x_wconf 77' lang='grc' dir='ltr'>ἐχθρῶν</span> <span class='ocrx_word' id='word_1_309' title='bbox 680 2824 1201 2879; x_wconf 78' lang='grc' dir='ltr'>καταδυναστεῦσαι.</span> <span class='ocrx_word' id='word_1_310' title='bbox 1227 2826 1316 2890; x_wconf 83' lang='grc' dir='ltr'>Ὡς</span> <span class='ocrx_word' id='word_1_311' title='bbox 1339 2826 1432 2880; x_wconf 75' lang='grc' dir='ltr'>οὖν</span> <span class='ocrx_word' id='word_1_312' title='bbox 1455 2829 1730 2881; x_wconf 77' lang='grc' dir='ltr'>ἐπέπυστο</span> 
     </span>
    </p>
   </div>
   <div class='ocr_carea' id='block_1_49' title="bbox 137 2916 1727 2991">
    <p class='ocr_par' dir='ltr' id='par_1_49' title="bbox 137 2916 1727 2991">
     <span class='ocr_line' id='line_1_49' title="bbox 137 2916 1727 2991; baseline 0.002 -21"><span class='ocrx_word' id='word_1_313' title='bbox 137 2922 272 2990; x_wconf 80' lang='grc' dir='ltr'>περὶ</span> <span class='ocrx_word' id='word_1_314' title='bbox 298 2916 487 2971; x_wconf 84' lang='grc' dir='ltr'>τούτου</span> <span class='ocrx_word' id='word_1_315' title='bbox 516 2920 542 2968; x_wconf 85' lang='grc' dir='ltr'>ὁ</span> <span class='ocrx_word' id='word_1_316' title='bbox 569 2917 842 2985; x_wconf 73' lang='grc' dir='ltr'>βασιλεὺς,</span> <span class='ocrx_word' id='word_1_317' title='bbox 873 2917 1094 2989; x_wconf 79' lang='grc' dir='ltr'>ἐσείσθη</span> <span class='ocrx_word' id='word_1_318' title='bbox 1127 2920 1219 2971; x_wconf 85' lang='grc' dir='ltr'>τὸν</span> <span class='ocrx_word' id='word_1_319' title='bbox 1246 2920 1503 2991; x_wconf 79' lang='grc' dir='ltr'>λογισμὸν</span> <span class='ocrx_word' id='word_1_320' title='bbox 1532 2924 1624 2975; x_wconf 75' lang='grc' dir='ltr'>καὶ</span> <span class='ocrx_word' id='word_1_321' title='bbox 1649 2922 1727 2991; x_wconf 84' lang='grc' dir='ltr'>τῷ</span> 
     </span>
    </p>
   </div>
   <div class='ocr_carea' id='block_1_50' title="bbox 138 3010 1729 3084">
    <p class='ocr_par' dir='ltr' id='par_1_50' title="bbox 138 3010 1729 3084">
     <span class='ocr_line' id='line_1_50' title="bbox 138 3010 1729 3084; baseline 0.003 -23"><span class='ocrx_word' id='word_1_322' title='bbox 138 3010 415 3078; x_wconf 79' lang='grc' dir='ltr'>πνεύματι</span> <span class='ocrx_word' id='word_1_323' title='bbox 447 3011 798 3080; x_wconf 71' lang='grc' dir='ltr'>ἐτετάρακτο,</span> <span class='ocrx_word' id='word_1_324' title='bbox 832 3010 1194 3081; x_wconf 78' lang='grc' dir='ltr'>ὀνειροπολῶν</span> <span class='ocrx_word' id='word_1_325' title='bbox 1224 3014 1299 3082; x_wconf 87' lang='grc' dir='ltr'>μή</span> <span class='ocrx_word' id='word_1_326' title='bbox 1330 3031 1381 3066; x_wconf 89' lang='grc' dir='ltr'><strong>τι</strong></span> <span class='ocrx_word' id='word_1_327' title='bbox 1406 3014 1729 3084; x_wconf 83' lang='grc' dir='ltr'>νεωτερίσα-</span> 
     </span>
    </p>
   </div>
   <div class='ocr_carea' id='block_1_51' title="bbox 1896 2458 3408 2529">
    <p class='ocr_par' dir='ltr' id='par_1_51' title="bbox 1896 2458 3408 2529">
     <span class='ocr_line' id='line_1_51' title="bbox 1896 2458 3408 2529; baseline -0.003 -15"><span class='ocrx_word' id='word_1_328' title='bbox 1896 2462 2219 2529; x_wconf 83' lang='lat' dir='ltr'><strong>Quanquam</strong></span> <span class='ocrx_word' id='word_1_329' title='bbox 2250 2460 2415 2513; x_wconf 90' lang='lat' dir='ltr'><strong>etiam</strong></span> <span class='ocrx_word' id='word_1_330' title='bbox 2450 2460 2609 2513; x_wconf 90' lang='lat' dir='ltr'><strong>aliter</strong></span> <span class='ocrx_word' id='word_1_331' title='bbox 2649 2459 2819 2528; x_wconf 86' lang='lat' dir='ltr'><strong>aliqui</strong></span> <span class='ocrx_word' id='word_1_332' title='bbox 2868 2458 3240 2522; x_wconf 88' lang='lat' dir='ltr'><strong>tradiderunt,</strong></span> <span class='ocrx_word' id='word_1_333' title='bbox 3281 2472 3408 2511; x_wconf 89' lang='lat' dir='ltr'><strong>cum</strong></span> 
     </span>
    </p>
   </div>
   <div class='ocr_carea' id='block_1_52' title="bbox 1828 2550 3409 2622">
    <p class='ocr_par' dir='ltr' id='par_1_52' title="bbox 1828 2550 3409 2622">
     <span class='ocr_line' id='line_1_52' title="bbox 1828 2550 3409 2622; baseline -0.003 -15"><span class='ocrx_word' id='word_1_334' title='bbox 1828 2552 2173 2622; x_wconf 86' lang='lat' dir='ltr'><strong>Theophilus</strong></span> <span class='ocrx_word' id='word_1_335' title='bbox 2211 2567 2339 2605; x_wconf 88' lang='lat' dir='ltr'><strong>casu</strong></span> <span class='ocrx_word' id='word_1_336' title='bbox 2391 2550 2630 2620; x_wconf 88' lang='lat' dir='ltr'><strong>quodam</strong></span> <span class='ocrx_word' id='word_1_337' title='bbox 2666 2550 2720 2603; x_wconf 92' lang='lat' dir='ltr'><strong>in</strong></span> <span class='ocrx_word' id='word_1_338' title='bbox 2764 2550 2909 2604; x_wconf 91' lang='lat' dir='ltr'><strong>bello</strong></span> <span class='ocrx_word' id='word_1_339' title='bbox 2945 2566 3058 2604; x_wconf 89' lang='lat' dir='ltr'><strong>rem</strong></span> <span class='ocrx_word' id='word_1_340' title='bbox 3109 2550 3409 2604; x_wconf 84' lang='lat' dir='ltr'><strong>infeliciter</strong></span> 
     </span>
    </p>
   </div>
   <div class='ocr_carea' id='block_1_53' title="bbox 1826 2643 3409 2716">
    <p class='ocr_par' dir='ltr' id='par_1_53' title="bbox 1826 2643 3409 2716">
     <span class='ocr_line' id='line_1_53' title="bbox 1826 2643 3409 2716; baseline -0.003 -15"><span class='ocrx_word' id='word_1_341' title='bbox 1826 2646 2107 2716; x_wconf 81' lang='lat' dir='ltr'><strong>gessisset,</strong></span> <span class='ocrx_word' id='word_1_342' title='bbox 2156 2644 2361 2698; x_wconf 78' lang='lat' dir='ltr'><strong>dixisse</strong></span> <span class='ocrx_word' id='word_1_343' title='bbox 2392 2643 2443 2697; x_wconf 91' lang='lat' dir='ltr'><strong>ei</strong></span> <span class='ocrx_word' id='word_1_344' title='bbox 2486 2643 2889 2713; x_wconf 76' lang='lat' dir='ltr'><strong>TheOphobum</strong></span> <span class='ocrx_word' id='word_1_345' title='bbox 2940 2658 2998 2697; x_wconf 90' lang='lat' dir='ltr'><strong>se</strong></span> <span class='ocrx_word' id='word_1_346' title='bbox 3051 2643 3232 2698; x_wconf 88' lang='lat' dir='ltr'><strong>solum</strong></span> <span class='ocrx_word' id='word_1_347' title='bbox 3281 2658 3409 2697; x_wconf 89' lang='lat' dir='ltr'><strong>cum</strong></span> 
     </span>
    </p>
   </div>
   <div class='ocr_carea' id='block_1_54' title="bbox 1829 2733 3407 2804">
    <p class='ocr_par' dir='ltr' id='par_1_54' title="bbox 1829 2733 3407 2804">
     <span class='ocr_line' id='line_1_54' title="bbox 1829 2733 3407 2804; baseline -0.002 -13"><span class='ocrx_word' id='word_1_348' title='bbox 1829 2736 2010 2791; x_wconf 84' lang='lat' dir='ltr'><strong>Persis</strong></span> <span class='ocrx_word' id='word_1_349' title='bbox 2029 2744 2360 2790; x_wconf 90' lang='lat' dir='ltr'><strong>nocturnum</strong></span> <span class='ocrx_word' id='word_1_350' title='bbox 2380 2733 2627 2804; x_wconf 65' lang='lat' dir='ltr'><strong>prtelium</strong></span> <span class='ocrx_word' id='word_1_351' title='bbox 2645 2734 2920 2789; x_wconf 83' lang='lat' dir='ltr'><strong>facturum</strong></span> <span class='ocrx_word' id='word_1_352' title='bbox 2944 2751 2956 2787; x_wconf 93' lang='lat'>:</span> <span class='ocrx_word' id='word_1_353' title='bbox 2992 2734 3129 2795; x_wconf 84' lang='lat' dir='ltr'><strong>fore,</strong></span> <span class='ocrx_word' id='word_1_354' title='bbox 3166 2744 3226 2788; x_wconf 90' lang='lat' dir='ltr'><strong>ut</strong></span> <span class='ocrx_word' id='word_1_355' title='bbox 3248 2736 3407 2788; x_wconf 84' lang='lat' dir='ltr'><strong>auxi-</strong></span> 
     </span>
    </p>
   </div>
   <div class='ocr_carea' id='block_1_55' title="bbox 1826 2823 3410 2893">
    <p class='ocr_par' dir='ltr' id='par_1_55' title="bbox 1826 2823 3410 2893">
     <span class='ocr_line' id='line_1_55' title="bbox 1826 2823 3410 2893; baseline -0.002 -12"><span class='ocrx_word' id='word_1_356' title='bbox 1826 2827 1995 2882; x_wconf 87' lang='lat' dir='ltr'><strong>liante</strong></span> <span class='ocrx_word' id='word_1_357' title='bbox 2025 2825 2135 2880; x_wconf 91' lang='lat' dir='ltr'><strong>Deo</strong></span> <span class='ocrx_word' id='word_1_358' title='bbox 2178 2826 2363 2879; x_wconf 86' lang='lat' dir='ltr'><strong>hostes</strong></span> <span class='ocrx_word' id='word_1_359' title='bbox 2399 2834 2708 2893; x_wconf 89' lang='lat' dir='ltr'><strong>superaret.</strong></span> <span class='ocrx_word' id='word_1_360' title='bbox 2746 2823 2900 2890; x_wconf 86' lang='lat' dir='ltr'><strong>Quod</strong></span> <span class='ocrx_word' id='word_1_361' title='bbox 2951 2833 3013 2879; x_wconf 92' lang='lat' dir='ltr'><strong>ut</strong></span> <span class='ocrx_word' id='word_1_362' title='bbox 3061 2823 3273 2877; x_wconf 89' lang='lat' dir='ltr'><strong>audivit</strong></span> <span class='ocrx_word' id='word_1_363' title='bbox 3306 2823 3410 2878; x_wconf 81' lang='lat' dir='ltr'><strong>im-</strong></span> 
     </span>
    </p>
   </div>
   <div class='ocr_carea' id='block_1_56' title="bbox 1836 2918 3410 2987">
    <p class='ocr_par' dir='ltr' id='par_1_56' title="bbox 1836 2918 3410 2987">
     <span class='ocr_line' id='line_1_56' title="bbox 1836 2918 3410 2987; baseline 0 -16"><span class='ocrx_word' id='word_1_364' title='bbox 1836 2927 2080 2987; x_wconf 84' lang='lat' dir='ltr'><strong>perator,</strong></span> <span class='ocrx_word' id='word_1_365' title='bbox 2127 2918 2311 2971; x_wconf 91' lang='lat' dir='ltr'><strong>animo</strong></span> <span class='ocrx_word' id='word_1_366' title='bbox 2345 2925 2653 2971; x_wconf 92' lang='lat' dir='ltr'><strong>commotus</strong></span> <span class='ocrx_word' id='word_1_367' title='bbox 2708 2925 2762 2972; x_wconf 92' lang='lat' dir='ltr'><strong>et</strong></span> <span class='ocrx_word' id='word_1_368' title='bbox 2810 2926 2994 2972; x_wconf 88' lang='lat' dir='ltr'><strong>mente</strong></span> <span class='ocrx_word' id='word_1_369' title='bbox 3048 2920 3410 2987; x_wconf 85' lang='lat' dir='ltr'><strong>perturbatus</strong></span> 
     </span>
    </p>
   </div>
   <div class='ocr_carea' id='block_1_57' title="bbox 1838 3009 3408 3080">
    <p class='ocr_par' dir='ltr' id='par_1_57' title="bbox 1838 3009 3408 3080">
     <span class='ocr_line' id='line_1_57' title="bbox 1838 3009 3408 3080; baseline 0.001 -17"><span class='ocrx_word' id='word_1_370' title='bbox 1838 3009 1961 3074; x_wconf 86' lang='lat' dir='ltr'><strong>fuit,</strong></span> <span class='ocrx_word' id='word_1_371' title='bbox 1995 3009 2152 3079; x_wconf 86' lang='lat' dir='ltr'><strong>quasi</strong></span> <span class='ocrx_word' id='word_1_372' title='bbox 2186 3025 2283 3079; x_wconf 89' lang='lat' dir='ltr'><strong>per</strong></span> <span class='ocrx_word' id='word_1_373' title='bbox 2310 3024 2565 3063; x_wconf 89' lang='lat' dir='ltr'><strong>somnum</strong></span> <span class='ocrx_word' id='word_1_374' title='bbox 2598 3009 2705 3063; x_wconf 90' lang='lat' dir='ltr'><strong>sibi</strong></span> <span class='ocrx_word' id='word_1_375' title='bbox 2748 3010 2957 3078; x_wconf 81' lang='lat' dir='ltr'><strong>ﬁngens</strong></span> <span class='ocrx_word' id='word_1_376' title='bbox 2998 3026 3067 3064; x_wconf 91' lang='lat' dir='ltr'><strong>ne</strong></span> <span class='ocrx_word' id='word_1_377' title='bbox 3099 3010 3241 3065; x_wconf 79' lang='lat' dir='ltr'><strong>forte</strong></span> <span class='ocrx_word' id='word_1_378' title='bbox 3276 3010 3408 3080; x_wconf 87' lang='lat' dir='ltr'><strong>quid</strong></span> 
     </span>
    </p>
   </div>
   <div class='ocr_carea' id='block_1_58' title="bbox 138 3099 1725 3172">
    <p class='ocr_par' dir='ltr' id='par_1_58' title="bbox 138 3100 1725 3172">
     <span class='ocr_line' id='line_1_58' title="bbox 138 3100 1725 3172; baseline 0.004 -19"><span class='ocrx_word' id='word_1_379' title='bbox 138 3103 269 3155; x_wconf 86' lang='grc' dir='ltr'>σθαι</span> <span class='ocrx_word' id='word_1_380' title='bbox 312 3101 552 3168; x_wconf 83' lang='grc' dir='ltr'>βούλοιτο</span> <span class='ocrx_word' id='word_1_381' title='bbox 580 3116 594 3131; x_wconf 81' lang='lat'>&#39;</span> <span class='ocrx_word' id='word_1_382' title='bbox 625 3100 767 3154; x_wconf 70' lang='grc' dir='ltr'>οὕτω</span> <span class='ocrx_word' id='word_1_383' title='bbox 803 3102 911 3170; x_wconf 77' lang='grc' dir='ltr'>γὰρ</span> <span class='ocrx_word' id='word_1_384' title='bbox 942 3102 1103 3154; x_wconf 78' lang='grc' dir='ltr'>αὑτὸν</span> <span class='ocrx_word' id='word_1_385' title='bbox 1138 3103 1531 3172; x_wconf 78' lang='grc' dir='ltr'>φιλοὸάσκανοί</span> <span class='ocrx_word' id='word_1_386' title='bbox 1579 3123 1725 3170; x_wconf 88' lang='grc' dir='ltr'>τινες</span> 
     </span>
    </p>
   </div>
   <div class='ocr_carea' id='block_1_59' title="bbox 1829 3099 3413 3172">
    <p class='ocr_par' dir='ltr' id='par_1_59' title="bbox 1829 3099 3413 3169">
     <span class='ocr_line' id='line_1_59' title="bbox 1829 3099 3413 3169; baseline -0.001 -14"><span class='ocrx_word' id='word_1_387' title='bbox 1829 3115 2096 3155; x_wconf 87' lang='lat' dir='ltr'><strong>novarum</strong></span> <span class='ocrx_word' id='word_1_388' title='bbox 2124 3114 2309 3153; x_wconf 86' lang='lat' dir='ltr'><strong>rerum</strong></span> <span class='ocrx_word' id='word_1_389' title='bbox 2335 3100 2383 3153; x_wconf 90' lang='lat' dir='ltr'><strong>is</strong></span> <span class='ocrx_word' id='word_1_390' title='bbox 2407 3099 2726 3153; x_wconf 88' lang='lat' dir='ltr'><strong>moliretur:</strong></span> <span class='ocrx_word' id='word_1_391' title='bbox 2762 3100 2837 3153; x_wconf 89' lang='lat' dir='ltr'><strong>ita</strong></span> <span class='ocrx_word' id='word_1_392' title='bbox 2860 3100 3008 3153; x_wconf 89' lang='lat' dir='ltr'><strong>enim</strong></span> <span class='ocrx_word' id='word_1_393' title='bbox 3033 3100 3083 3153; x_wconf 93' lang='lat' dir='ltr'><strong>ei</strong></span> <span class='ocrx_word' id='word_1_394' title='bbox 3113 3100 3413 3169; x_wconf 82' lang='lat' dir='ltr'><strong>persuade-</strong></span> 
     </span>
    </p>
   </div>
   <div class='ocr_carea' id='block_1_60' title="bbox 134 3192 1724 3263">
    <p class='ocr_par' dir='ltr' id='par_1_60' title="bbox 134 3192 1724 3263">
     <span class='ocr_line' id='line_1_60' title="bbox 134 3192 1724 3263; baseline 0.003 -17"><span class='ocrx_word' id='word_1_395' title='bbox 134 3193 492 3263; x_wconf 84' lang='grc' dir='ltr'>ἁνεχαίτισαν</span> <span class='ocrx_word' id='word_1_396' title='bbox 547 3194 641 3244; x_wconf 76' lang='grc' dir='ltr'>καὶ</span> <span class='ocrx_word' id='word_1_397' title='bbox 679 3192 814 3262; x_wconf 73' lang='grc' dir='ltr'>πρὸς</span> <span class='ocrx_word' id='word_1_398' title='bbox 845 3193 1104 3246; x_wconf 83' lang='grc' dir='ltr'>ὑπόνοιαν</span> <span class='ocrx_word' id='word_1_399' title='bbox 1141 3195 1335 3262; x_wconf 81' lang='grc' dir='ltr'>ἄλογον</span> <span class='ocrx_word' id='word_1_400' title='bbox 1381 3196 1724 3261; x_wconf 80' lang='grc' dir='ltr'>ἐξεκύλισαν,</span> 
     </span>
    </p>
   </div>
   <div class='ocr_carea' id='block_1_61' title="bbox 135 3281 1727 3356">
    <p class='ocr_par' dir='ltr' id='par_1_61' title="bbox 135 3281 1727 3356">
     <span class='ocr_line' id='line_1_61' title="bbox 135 3281 1727 3356; baseline -0.001 -16"><span class='ocrx_word' id='word_1_401' title='bbox 135 3286 441 3354; x_wconf 80' lang='grc' dir='ltr'>φάσκοντες</span> <span class='ocrx_word' id='word_1_402' title='bbox 470 3285 541 3355; x_wconf 80' lang='grc' dir='ltr'>μὴ</span> <span class='ocrx_word' id='word_1_403' title='bbox 598 3283 890 3353; x_wconf 80' lang='grc' dir='ltr'>πεισθῆναι</span> <span class='ocrx_word' id='word_1_404' title='bbox 944 3284 1019 3353; x_wconf 83' lang='grc' dir='ltr'><strong>τῷ</strong></span> <span class='ocrx_word' id='word_1_405' title='bbox 1049 3284 1303 3356; x_wconf 77' lang='grc' dir='ltr'>Θεοφόϐῳ</span> <span class='ocrx_word' id='word_1_406' title='bbox 1338 3287 1421 3355; x_wconf 81' lang='grc' dir='ltr'><strong>ἐφ’</strong></span> <span class='ocrx_word' id='word_1_407' title='bbox 1472 3281 1548 3341; x_wconf 82' lang='grc' dir='ltr'>ὧν</span> <span class='ocrx_word' id='word_1_408' title='bbox 1576 3287 1727 3339; x_wconf 87' lang='grc' dir='ltr'>λυσι-</span> 
     </span>
    </p>
   </div>
   <div class='ocr_carea' id='block_1_62' title="bbox 137 3377 1728 3451">
    <p class='ocr_par' dir='ltr' id='par_1_62' title="bbox 137 3377 1728 3451">
     <span class='ocr_line' id='line_1_62' title="bbox 137 3377 1728 3451; baseline -0.003 -19"><span class='ocrx_word' id='word_1_409' title='bbox 137 3377 312 3439; x_wconf 83' lang='grc' dir='ltr'>τελῶς</span> <span class='ocrx_word' id='word_1_410' title='bbox 344 3378 454 3446; x_wconf 76' lang='grc'>(36)</span> <span class='ocrx_word' id='word_1_411' title='bbox 516 3377 864 3440; x_wconf 73' lang='grc' dir='ltr'>ἐΰεὸούλητο,</span> <span class='ocrx_word' id='word_1_412' title='bbox 900 3377 1227 3430; x_wconf 85' lang='grc' dir='ltr'>καθοσιώσει</span> <span class='ocrx_word' id='word_1_413' title='bbox 1280 3378 1441 3449; x_wconf 76' lang='grc' dir='ltr'>δῆθεν</span> <span class='ocrx_word' id='word_1_414' title='bbox 1495 3382 1728 3451; x_wconf 81' lang='grc' dir='ltr'>ὲνείρον-</span> 
     </span>
    </p>
   </div>
   <div class='ocr_carea' id='block_1_63' title="bbox 134 3465 1725 3537">
    <p class='ocr_par' dir='ltr' id='par_1_63' title="bbox 134 3465 1725 3537">
     <span class='ocr_line' id='line_1_63' title="bbox 134 3465 1725 3537; baseline -0.01 -17"><span class='ocrx_word' id='word_1_415' title='bbox 134 3486 231 3531; x_wconf 84' lang='grc' dir='ltr'><strong>τες</strong></span> <span class='ocrx_word' id='word_1_416' title='bbox 253 3467 299 3498; x_wconf 65' lang='grc'>⁸⁸</span> <span class='ocrx_word' id='word_1_417' title='bbox 329 3468 463 3537; x_wconf 76' lang='grc'>(57).</span> <span class='ocrx_word' id='word_1_418' title='bbox 489 3467 583 3527; x_wconf 87' lang='grc' dir='ltr'>Ὃς</span> <span class='ocrx_word' id='word_1_419' title='bbox 607 3465 758 3535; x_wconf 78' lang='grc' dir='ltr'><strong>ζήλῳ</strong></span> <span class='ocrx_word' id='word_1_420' title='bbox 784 3466 913 3535; x_wconf 84' lang='grc' dir='ltr'>θείῳ</span> <span class='ocrx_word' id='word_1_421' title='bbox 930 3466 1303 3537; x_wconf 74' lang='grc' dir='ltr'>πυρποληθεὶς</span> <span class='ocrx_word' id='word_1_422' title='bbox 1330 3469 1509 3531; x_wconf 70' lang='grc' dir='ltr'>καθὼς</span> <span class='ocrx_word' id='word_1_423' title='bbox 1545 3470 1725 3522; x_wconf 61' lang='grc' dir='ltr'><strong>Ἱιλιοξ,</strong></span> 
     </span>
    </p>
   </div>
   <div class='ocr_carea' id='block_1_64' title="bbox 134 3553 1726 3627">
    <p class='ocr_par' dir='ltr' id='par_1_64' title="bbox 134 3553 1726 3627">
     <span class='ocr_line' id='line_1_64' title="bbox 134 3553 1726 3627; baseline 0 -16"><span class='ocrx_word' id='word_1_424' title='bbox 134 3562 167 3611; x_wconf 80' lang='grc' dir='ltr'>ὁ</span> <span class='ocrx_word' id='word_1_425' title='bbox 201 3556 487 3625; x_wconf 80' lang='grc' dir='ltr'>θεσϐίτης,</span> <span class='ocrx_word' id='word_1_426' title='bbox 525 3554 787 3623; x_wconf 82' lang='grc' dir='ltr'>θεοφίλως</span> <span class='ocrx_word' id='word_1_427' title='bbox 818 3553 912 3607; x_wconf 80' lang='grc' dir='ltr'>τοῦ</span> <span class='ocrx_word' id='word_1_428' title='bbox 942 3554 1208 3623; x_wconf 81' lang='grc' dir='ltr'>βασιλέως</span> <span class='ocrx_word' id='word_1_429' title='bbox 1230 3558 1726 3627; x_wconf 78' lang='grc' dir='ltr'>κατεμὸριθεύεται</span> 
     </span>
    </p>
   </div>
   <div class='ocr_carea' id='block_1_65' title="bbox 134 3644 1727 3719">
    <p class='ocr_par' dir='ltr' id='par_1_65' title="bbox 134 3644 1727 3719">
     <span class='ocr_line' id='line_1_65' title="bbox 134 3644 1727 3719; baseline -0.001 -16"><span class='ocrx_word' id='word_1_430' title='bbox 134 3653 234 3703; x_wconf 70' lang='grc' dir='ltr'>καὶ</span> <span class='ocrx_word' id='word_1_431' title='bbox 261 3648 417 3710; x_wconf 77' lang='grc' dir='ltr'>ἄλλος</span> <span class='ocrx_word' id='word_1_432' title='bbox 439 3646 626 3709; x_wconf 80' lang='grc' dir='ltr'>Φινεὲς</span> <span class='ocrx_word' id='word_1_433' title='bbox 657 3644 905 3716; x_wconf 77' lang='grc' dir='ltr'>ζηλωτὴς</span> <span class='ocrx_word' id='word_1_434' title='bbox 936 3646 1319 3701; x_wconf 82' lang='grc' dir='ltr'>ἀναδείκνυται</span> <span class='ocrx_word' id='word_1_435' title='bbox 1349 3649 1482 3719; x_wconf 75' lang='grc'>(58),</span> <span class='ocrx_word' id='word_1_436' title='bbox 1512 3650 1727 3719; x_wconf 83' lang='grc' dir='ltr'>τέμνων</span> 
     </span>
    </p>
   </div>
   <div class='ocr_carea' id='block_1_66' title="bbox 132 3736 1724 3812">
    <p class='ocr_par' dir='ltr' id='par_1_66' title="bbox 132 3736 1724 3812">
     <span class='ocr_line' id='line_1_66' title="bbox 132 3736 1724 3812; baseline -0.001 -18"><span class='ocrx_word' id='word_1_437' title='bbox 132 3744 215 3806; x_wconf 83' lang='grc' dir='ltr'>ὡς</span> <span class='ocrx_word' id='word_1_438' title='bbox 244 3739 581 3812; x_wconf 80' lang='grc' dir='ltr'>σειρομάστῃ</span> <span class='ocrx_word' id='word_1_439' title='bbox 611 3736 690 3806; x_wconf 85' lang='grc' dir='ltr'>τῷ</span> <span class='ocrx_word' id='word_1_440' title='bbox 718 3737 860 3807; x_wconf 83' lang='grc' dir='ltr'>λόγῳ</span> <span class='ocrx_word' id='word_1_441' title='bbox 888 3741 987 3809; x_wconf 77' lang='grc' dir='ltr'>τὴν</span> <span class='ocrx_word' id='word_1_442' title='bbox 1020 3738 1184 3791; x_wconf 76' lang='grc' dir='ltr'>αὑτοῦ</span> <span class='ocrx_word' id='word_1_443' title='bbox 1216 3741 1401 3793; x_wconf 84' lang='grc' dir='ltr'>ἄδικον</span> <span class='ocrx_word' id='word_1_444' title='bbox 1428 3741 1724 3810; x_wconf 65' lang='grc' dir='ltr'>ὑπόληψιν,</span> 
     </span>
    </p>
   </div>
   <div class='ocr_carea' id='block_1_67' title="bbox 134 3827 1726 3902">
    <p class='ocr_par' dir='ltr' id='par_1_67' title="bbox 134 3827 1726 3902">
     <span class='ocr_line' id='line_1_67' title="bbox 134 3827 1726 3902; baseline -0.006 -18"><span class='ocrx_word' id='word_1_445' title='bbox 134 3833 237 3885; x_wconf 72' lang='grc' dir='ltr'>καὶ</span> <span class='ocrx_word' id='word_1_446' title='bbox 281 3830 437 3881; x_wconf 70' lang='grc' dir='ltr'>τοῦτο</span> <span class='ocrx_word' id='word_1_447' title='bbox 490 3843 656 3897; x_wconf 85' lang='grc' dir='ltr'>φησιν</span> <span class='ocrx_word' id='word_1_448' title='bbox 707 3827 989 3895; x_wconf 73' lang='grc' dir='ltr'>ἐμφανῶς,</span> <span class='ocrx_word' id='word_1_449' title='bbox 1060 3829 1135 3893; x_wconf 84' lang='grc' dir='ltr'><strong>ὡς</strong></span> <span class='ocrx_word' id='word_1_450' title='bbox 1188 3831 1289 3902; x_wconf 80' lang='grc' dir='ltr'>τὴν</span> <span class='ocrx_word' id='word_1_451' title='bbox 1345 3832 1566 3901; x_wconf 73' lang='grc' dir='ltr'>ὀφειλὴν</span> <span class='ocrx_word' id='word_1_452' title='bbox 1624 3834 1726 3901; x_wconf 70' lang='grc' dir='ltr'><strong>ὑφ-</strong></span> 
     </span>
    </p>
   </div>
   <div class='ocr_carea' id='block_1_68' title="bbox 135 3919 1728 3998">
    <p class='ocr_par' dir='ltr' id='par_1_68' title="bbox 135 3919 1728 3998">
     <span class='ocr_line' id='line_1_68' title="bbox 135 3919 1728 3998; baseline 0.016 -35"><span class='ocrx_word' id='word_1_453' title='bbox 135 3925 256 3987; x_wconf 65' lang='grc' dir='ltr'>εξει</span> <span class='ocrx_word' id='word_1_454' title='bbox 285 3922 332 3954; x_wconf 69' lang='grc'><strong>⁸⁸</strong></span> <span class='ocrx_word' id='word_1_455' title='bbox 362 3923 472 3993; x_wconf 76' lang='grc'>(59)</span> <span class='ocrx_word' id='word_1_456' title='bbox 502 3920 598 3973; x_wconf 81' lang='grc' dir='ltr'>τοῦ</span> <span class='ocrx_word' id='word_1_457' title='bbox 625 3919 1015 3992; x_wconf 82' lang='grc' dir='ltr'>Χριστιανικοῦ</span> <span class='ocrx_word' id='word_1_458' title='bbox 1069 3924 1354 3993; x_wconf 85' lang='grc' dir='ltr'>τροπαίου,</span> <span class='ocrx_word' id='word_1_459' title='bbox 1388 3926 1454 3996; x_wconf 85' lang='grc' dir='ltr'>ῆν</span> <span class='ocrx_word' id='word_1_460' title='bbox 1487 3927 1562 3998; x_wconf 85' lang='grc' dir='ltr'>μὴ</span> <span class='ocrx_word' id='word_1_461' title='bbox 1595 3927 1728 3991; x_wconf 81' lang='grc' dir='ltr'><strong>Θεὸς</strong></span> 
     </span>
    </p>
   </div>
   <div class='ocr_carea' id='block_1_69' title="bbox 135 4012 1725 4092">
    <p class='ocr_par' dir='ltr' id='par_1_69' title="bbox 135 4012 1725 4092">
     <span class='ocr_line' id='line_1_69' title="bbox 135 4012 1725 4092; baseline 0.003 -24"><span class='ocrx_word' id='word_1_462' title='bbox 135 4016 575 4085; x_wconf 80' lang='grc' dir='ltr'>συγχωρήσειεν,</span> <span class='ocrx_word' id='word_1_463' title='bbox 634 4013 726 4066; x_wconf 74' lang='grc' dir='ltr'><strong>ἐπὶ</strong></span> <span class='ocrx_word' id='word_1_464' title='bbox 785 4012 997 4077; x_wconf 83' lang='grc' dir='ltr'>τούτοις</span> <span class='ocrx_word' id='word_1_465' title='bbox 1049 4015 1143 4067; x_wconf 86' lang='grc' dir='ltr'>τοῦ</span> <span class='ocrx_word' id='word_1_466' title='bbox 1167 4014 1433 4085; x_wconf 75' lang='grc' dir='ltr'>βασιλέως</span> <span class='ocrx_word' id='word_1_467' title='bbox 1487 4020 1725 4092; x_wconf 69' lang='grc' dir='ltr'>ἀμετρίᾳ</span> 
     </span>
    </p>
   </div>
   <div class='ocr_carea' id='block_1_70' title="bbox 134 4101 1730 4183">
    <p class='ocr_par' dir='ltr' id='par_1_70' title="bbox 134 4101 1730 4183">
     <span class='ocr_line' id='line_1_70' title="bbox 134 4101 1730 4183; baseline 0.004 -23"><span class='ocrx_word' id='word_1_468' title='bbox 134 4106 319 4177; x_wconf 75' lang='grc' dir='ltr'><strong>Θυμοῦ</strong></span> <span class='ocrx_word' id='word_1_469' title='bbox 376 4106 782 4176; x_wconf 82' lang='grc' dir='ltr'>χαλεπήναντος</span> <span class='ocrx_word' id='word_1_470' title='bbox 836 4101 941 4175; x_wconf 82' lang='grc' dir='ltr'><strong>(ἦν</strong></span> <span class='ocrx_word' id='word_1_471' title='bbox 982 4105 1028 4138; x_wconf 73' lang='grc'><strong>⁸⁸</strong></span> <span class='ocrx_word' id='word_1_472' title='bbox 1092 4108 1220 4179; x_wconf 61' lang='grc' dir='ltr'>γὰρ,</span> <span class='ocrx_word' id='word_1_473' title='bbox 1265 4111 1730 4183; x_wconf 86' lang='grc' dir='ltr'>ὑποκεκινημένος</span> 
     </span>
    </p>
   </div>
   <div class='ocr_carea' id='block_1_71' title="bbox 133 4193 1729 4277">
    <p class='ocr_par' dir='ltr' id='par_1_71' title="bbox 133 4193 1729 4277">
     <span class='ocr_line' id='line_1_71' title="bbox 133 4193 1729 4277; baseline 0.004 -24"><span class='ocrx_word' id='word_1_474' title='bbox 133 4198 334 4271; x_wconf 80' lang='grc' dir='ltr'>ὀργίλῃ</span> <span class='ocrx_word' id='word_1_475' title='bbox 356 4202 420 4269; x_wconf 80' lang='grc' dir='ltr'><strong>τῇ</strong></span> <span class='ocrx_word' id='word_1_476' title='bbox 448 4198 617 4264; x_wconf 75' lang='grc' dir='ltr'>ζέσει,</span> <span class='ocrx_word' id='word_1_477' title='bbox 646 4193 734 4253; x_wconf 72' lang='grc' dir='ltr'><strong>οἷα</strong></span> <span class='ocrx_word' id='word_1_478' title='bbox 763 4199 855 4252; x_wconf 83' lang='grc' dir='ltr'>τὸν</span> <span class='ocrx_word' id='word_1_479' title='bbox 881 4199 1009 4252; x_wconf 80' lang='grc' dir='ltr'>νοῦν</span> <span class='ocrx_word' id='word_1_480' title='bbox 1041 4204 1161 4263; x_wconf 87' lang='grc' dir='ltr'>ταῖς</span> <span class='ocrx_word' id='word_1_481' title='bbox 1194 4208 1533 4273; x_wconf 84' lang='grc' dir='ltr'>σωματικαῖς</span> <span class='ocrx_word' id='word_1_482' title='bbox 1594 4225 1729 4277; x_wconf 86' lang='grc' dir='ltr'>καχ-</span> 
     </span>
    </p>
   </div>
   <div class='ocr_carea' id='block_1_72' title="bbox 137 4287 1727 4362">
    <p class='ocr_par' dir='ltr' id='par_1_72' title="bbox 137 4287 1727 4362">
     <span class='ocr_line' id='line_1_72' title="bbox 137 4287 1727 4362; baseline 0.004 -21"><span class='ocrx_word' id='word_1_483' title='bbox 137 4291 322 4356; x_wconf 79' lang='grc' dir='ltr'>εξίαις</span> <span class='ocrx_word' id='word_1_484' title='bbox 356 4287 874 4359; x_wconf 78' lang='grc' dir='ltr'>ἐμπαθαινόμενος),</span> <span class='ocrx_word' id='word_1_485' title='bbox 935 4290 1030 4341; x_wconf 71' lang='grc' dir='ltr'><strong>καὶ</strong></span> <span class='ocrx_word' id='word_1_486' title='bbox 1061 4289 1103 4321; x_wconf 84' lang='grc'><strong>’⁵⁷</strong></span> <span class='ocrx_word' id='word_1_487' title='bbox 1139 4291 1249 4344; x_wconf 87' lang='grc' dir='ltr'><strong>τῶν</strong></span> <span class='ocrx_word' id='word_1_488' title='bbox 1301 4295 1655 4362; x_wconf 74' lang='grc' dir='ltr'>συκοφαντῶν</span> <span class='ocrx_word' id='word_1_489' title='bbox 1683 4297 1727 4328; x_wconf 55' lang='grc'><strong>⁸⁸</strong></span> 
     </span>
    </p>
   </div>
   <div class='ocr_carea' id='block_1_73' title="bbox 132 4379 1725 4459">
    <p class='ocr_par' dir='ltr' id='par_1_73' title="bbox 132 4379 1725 4459">
     <span class='ocr_line' id='line_1_73' title="bbox 132 4379 1725 4459; baseline -0.005 -22"><span class='ocrx_word' id='word_1_490' title='bbox 132 4387 197 4448; x_wconf 69' lang='grc' dir='ltr'>ἐς</span> <span class='ocrx_word' id='word_1_491' title='bbox 231 4382 346 4455; x_wconf 70' lang='grc'>(40)</span> <span class='ocrx_word' id='word_1_492' title='bbox 392 4381 454 4435; x_wconf 81' lang='grc' dir='ltr'>τὸ</span> <span class='ocrx_word' id='word_1_493' title='bbox 482 4379 682 4451; x_wconf 81' lang='grc' dir='ltr'>ἀληθὲς</span> <span class='ocrx_word' id='word_1_494' title='bbox 714 4380 1218 4452; x_wconf 81' lang='grc' dir='ltr'>ὲποικοδομούντων</span> <span class='ocrx_word' id='word_1_495' title='bbox 1254 4388 1406 4457; x_wconf 77' lang='grc' dir='ltr'>παρὰ</span> <span class='ocrx_word' id='word_1_496' title='bbox 1435 4388 1601 4456; x_wconf 85' lang='grc' dir='ltr'>φύσιν</span> <span class='ocrx_word' id='word_1_497' title='bbox 1632 4390 1725 4459; x_wconf 78' lang='grc' dir='ltr'>λη-</span> 
     </span>
    </p>
   </div>
   <div class='ocr_carea' id='block_1_74' title="bbox 1828 3191 3409 3265">
    <p class='ocr_par' dir='ltr' id='par_1_74' title="bbox 1828 3191 3409 3265">
     <span class='ocr_line' id='line_1_74' title="bbox 1828 3191 3409 3265; baseline 0.002 -19"><span class='ocrx_word' id='word_1_498' title='bbox 1828 3192 1961 3246; x_wconf 89' lang='lat' dir='ltr'><strong>bant</strong></span> <span class='ocrx_word' id='word_1_499' title='bbox 1994 3191 2245 3245; x_wconf 76' lang='lat' dir='ltr'><strong>malevoli</strong></span> <span class='ocrx_word' id='word_1_500' title='bbox 2278 3192 2501 3260; x_wconf 77' lang='lat' dir='ltr'><strong>quidam</strong></span> <span class='ocrx_word' id='word_1_501' title='bbox 2539 3202 2594 3246; x_wconf 91' lang='lat' dir='ltr'><strong>et</strong></span> <span class='ocrx_word' id='word_1_502' title='bbox 2628 3192 2799 3245; x_wconf 79' lang='lat' dir='ltr'><strong>invidi</strong></span> <span class='ocrx_word' id='word_1_503' title='bbox 2829 3205 2995 3261; x_wconf 83' lang='lat' dir='ltr'><strong>atque</strong></span> <span class='ocrx_word' id='word_1_504' title='bbox 3038 3194 3096 3247; x_wconf 91' lang='lat' dir='ltr'><strong>in</strong></span> <span class='ocrx_word' id='word_1_505' title='bbox 3132 3196 3409 3265; x_wconf 81' lang='lat' dir='ltr'><strong>suspicio-</strong></span> 
     </span>
    </p>
   </div>
   <div class='ocr_carea' id='block_1_75' title="bbox 1827 3283 3407 3354">
    <p class='ocr_par' dir='ltr' id='par_1_75' title="bbox 1827 3283 3407 3354">
     <span class='ocr_line' id='line_1_75' title="bbox 1827 3283 3407 3354; baseline 0.001 -14"><span class='ocrx_word' id='word_1_506' title='bbox 1827 3301 1954 3340; x_wconf 89' lang='lat' dir='ltr'><strong>nem</strong></span> <span class='ocrx_word' id='word_1_507' title='bbox 2006 3283 2425 3354; x_wconf 79' lang='lat' dir='ltr'><strong>improbabilem</strong></span> <span class='ocrx_word' id='word_1_508' title='bbox 2473 3283 2862 3354; x_wconf 87' lang='lat' dir='ltr'><strong>conjiciebant,</strong></span> <span class='ocrx_word' id='word_1_509' title='bbox 2916 3285 3255 3340; x_wconf 83' lang='lat' dir='ltr'><strong>allirmantes</strong></span> <span class='ocrx_word' id='word_1_510' title='bbox 3298 3302 3407 3343; x_wconf 89' lang='lat' dir='ltr'><strong>non</strong></span> 
     </span>
    </p>
   </div>
   <div class='ocr_carea' id='block_1_76' title="bbox 1827 3372 3411 3443">
    <p class='ocr_par' dir='ltr' id='par_1_76' title="bbox 1827 3372 3411 3443">
     <span class='ocr_line' id='line_1_76' title="bbox 1827 3372 3411 3443; baseline -0.003 -12"><span class='ocrx_word' id='word_1_511' title='bbox 1827 3392 1949 3431; x_wconf 84' lang='lat' dir='ltr'><strong>esse</strong></span> <span class='ocrx_word' id='word_1_512' title='bbox 1972 3373 2467 3443; x_wconf 86' lang='lat' dir='ltr'><strong>obtemperandnm</strong></span> <span class='ocrx_word' id='word_1_513' title='bbox 2498 3372 2836 3441; x_wconf 88' lang='lat' dir='ltr'><strong>Theophobo</strong></span> <span class='ocrx_word' id='word_1_514' title='bbox 2866 3372 2919 3425; x_wconf 91' lang='lat' dir='ltr'><strong>in</strong></span> <span class='ocrx_word' id='word_1_515' title='bbox 2968 3374 3077 3426; x_wconf 91' lang='lat' dir='ltr'><strong>illis</strong></span> <span class='ocrx_word' id='word_1_516' title='bbox 3105 3388 3226 3442; x_wconf 63' lang='lat' dir='ltr'><strong>qua:</strong></span> <span class='ocrx_word' id='word_1_517' title='bbox 3268 3389 3411 3443; x_wconf 74' lang='lat' dir='ltr'><strong>prae-</strong></span> 
     </span>
    </p>
   </div>
   <div class='ocr_carea' id='block_1_77' title="bbox 1833 3464 3410 3534">
    <p class='ocr_par' dir='ltr' id='par_1_77' title="bbox 1833 3464 3410 3534">
     <span class='ocr_line' id='line_1_77' title="bbox 1833 3464 3410 3534; baseline -0.003 -12"><span class='ocrx_word' id='word_1_518' title='bbox 1833 3480 1913 3522; x_wconf 90' lang='lat' dir='ltr'><strong>ter</strong></span> <span class='ocrx_word' id='word_1_519' title='bbox 1945 3483 2057 3520; x_wconf 89' lang='lat' dir='ltr'><strong>rem</strong></span> <span class='ocrx_word' id='word_1_520' title='bbox 2098 3475 2155 3520; x_wconf 91' lang='lat' dir='ltr'><strong>et</strong></span> <span class='ocrx_word' id='word_1_521' title='bbox 2184 3466 2479 3519; x_wconf 87' lang='lat' dir='ltr'><strong>utilitatem</strong></span> <span class='ocrx_word' id='word_1_522' title='bbox 2508 3464 2786 3528; x_wconf 78' lang='lat' dir='ltr'><strong>suaderet,</strong></span> <span class='ocrx_word' id='word_1_523' title='bbox 2842 3465 3146 3534; x_wconf 87' lang='lat' dir='ltr'><strong>majestatis</strong></span> <span class='ocrx_word' id='word_1_524' title='bbox 3194 3464 3410 3517; x_wconf 87' lang='lat' dir='ltr'><strong>scilicet</strong></span> 
     </span>
    </p>
   </div>
   <div class='ocr_carea' id='block_1_78' title="bbox 1831 3556 3405 3621">
    <p class='ocr_par' dir='ltr' id='par_1_78' title="bbox 1831 3556 3405 3621">
     <span class='ocr_line' id='line_1_78' title="bbox 1831 3556 3405 3621; baseline -0.003 -8"><span class='ocrx_word' id='word_1_525' title='bbox 1831 3560 2062 3614; x_wconf 84' lang='lat' dir='ltr'><strong>crimine</strong></span> <span class='ocrx_word' id='word_1_526' title='bbox 2093 3572 2218 3616; x_wconf 87' lang='lat' dir='ltr'><strong>eum</strong></span> <span class='ocrx_word' id='word_1_527' title='bbox 2250 3557 2612 3611; x_wconf 80' lang='lat' dir='ltr'><strong>involventes.</strong></span> <span class='ocrx_word' id='word_1_528' title='bbox 2638 3556 2741 3621; x_wconf 86' lang='lat' dir='ltr'><strong>Qui</strong></span> <span class='ocrx_word' id='word_1_529' title='bbox 2770 3556 2888 3609; x_wconf 89' lang='lat' dir='ltr'><strong>zelo</strong></span> <span class='ocrx_word' id='word_1_530' title='bbox 2911 3556 3099 3609; x_wconf 89' lang='lat' dir='ltr'><strong>divino</strong></span> <span class='ocrx_word' id='word_1_531' title='bbox 3123 3556 3405 3618; x_wconf 85' lang='lat' dir='ltr'><strong>incensus,</strong></span> 
     </span>
    </p>
   </div>
   <div class='ocr_carea' id='block_1_79' title="bbox 1830 3648 3407 3719">
    <p class='ocr_par' dir='ltr' id='par_1_79' title="bbox 1830 3648 3407 3719">
     <span class='ocr_line' id='line_1_79' title="bbox 1830 3648 3407 3719; baseline -0.003 -13"><span class='ocrx_word' id='word_1_532' title='bbox 1830 3654 1974 3707; x_wconf 90' lang='lat' dir='ltr'><strong>sicut</strong></span> <span class='ocrx_word' id='word_1_533' title='bbox 1997 3651 2180 3705; x_wconf 77' lang='lat' dir='ltr'><strong>Helias</strong></span> <span class='ocrx_word' id='word_1_534' title='bbox 2205 3649 2513 3712; x_wconf 87' lang='lat' dir='ltr'><strong>Thesbites,</strong></span> <span class='ocrx_word' id='word_1_535' title='bbox 2548 3648 2635 3719; x_wconf 92' lang='lat' dir='ltr'><strong>pie</strong></span> <span class='ocrx_word' id='word_1_536' title='bbox 2668 3659 2722 3702; x_wconf 90' lang='lat' dir='ltr'><strong>et</strong></span> <span class='ocrx_word' id='word_1_537' title='bbox 2746 3649 2985 3717; x_wconf 82' lang='lat' dir='ltr'><strong>graviter</strong></span> <span class='ocrx_word' id='word_1_538' title='bbox 3018 3649 3407 3716; x_wconf 82' lang='lat' dir='ltr'><strong>imperatorem</strong></span> 
     </span>
    </p>
   </div>
   <div class='ocr_carea' id='block_1_80' title="bbox 1830 3740 3407 3813">
    <p class='ocr_par' dir='ltr' id='par_1_80' title="bbox 1830 3740 3407 3813">
     <span class='ocr_line' id='line_1_80' title="bbox 1830 3740 3407 3813; baseline -0.003 -15"><span class='ocrx_word' id='word_1_539' title='bbox 1830 3745 2081 3813; x_wconf 86' lang='lat' dir='ltr'><strong>increpat</strong></span> <span class='ocrx_word' id='word_1_540' title='bbox 2111 3744 2358 3809; x_wconf 89' lang='lat' dir='ltr'><strong>alterque</strong></span> <span class='ocrx_word' id='word_1_541' title='bbox 2416 3741 2650 3794; x_wconf 88' lang='lat' dir='ltr'><strong>Phinees</strong></span> <span class='ocrx_word' id='word_1_542' title='bbox 2708 3741 2909 3793; x_wconf 78' lang='lat' dir='ltr'><strong>zelotes</strong></span> <span class='ocrx_word' id='word_1_543' title='bbox 2962 3740 3167 3803; x_wconf 87' lang='lat' dir='ltr'><strong>evadit,</strong></span> <span class='ocrx_word' id='word_1_544' title='bbox 3213 3755 3407 3793; x_wconf 84' lang='lat' dir='ltr'><strong>secans</strong></span> 
     </span>
    </p>
   </div>
   <div class='ocr_carea' id='block_1_81' title="bbox 1833 3831 3401 3905">
    <p class='ocr_par' dir='ltr' id='par_1_81' title="bbox 1833 3831 3401 3905">
     <span class='ocr_line' id='line_1_81' title="bbox 1833 3831 3401 3905; baseline -0.003 -16"><span class='ocrx_word' id='word_1_545' title='bbox 1833 3845 2090 3905; x_wconf 88' lang='lat' dir='ltr'><strong>tanquam</strong></span> <span class='ocrx_word' id='word_1_546' title='bbox 2136 3835 2316 3904; x_wconf 80' lang='lat' dir='ltr'><strong>gladio</strong></span> <span class='ocrx_word' id='word_1_547' title='bbox 2372 3847 2627 3887; x_wconf 89' lang='lat' dir='ltr'><strong>sermone</strong></span> <span class='ocrx_word' id='word_1_548' title='bbox 2677 3846 2778 3885; x_wconf 91' lang='lat' dir='ltr'><strong>suo</strong></span> <span class='ocrx_word' id='word_1_549' title='bbox 2832 3831 3093 3901; x_wconf 85' lang='lat' dir='ltr'><strong>injustam</strong></span> <span class='ocrx_word' id='word_1_550' title='bbox 3150 3833 3268 3902; x_wconf 85' lang='lat' dir='ltr'><strong>ejus</strong></span> <span class='ocrx_word' id='word_1_551' title='bbox 3295 3833 3401 3902; x_wconf 74' lang='lat'><strong>61</strong></span> 
     </span>
    </p>
   </div>
   <div class='ocr_carea' id='block_1_82' title="bbox 1832 3923 3403 3997">
    <p class='ocr_par' dir='ltr' id='par_1_82' title="bbox 1832 3923 3403 3997">
     <span class='ocr_line' id='line_1_82' title="bbox 1832 3923 3403 3997; baseline -0.004 -15"><span class='ocrx_word' id='word_1_552' title='bbox 1832 3928 2222 3997; x_wconf 90' lang='lat' dir='ltr'><strong>suspicionem,</strong></span> <span class='ocrx_word' id='word_1_553' title='bbox 2248 3934 2410 3994; x_wconf 89' lang='lat' dir='ltr'><strong>atque</strong></span> <span class='ocrx_word' id='word_1_554' title='bbox 2432 3924 2609 3993; x_wconf 88' lang='lat' dir='ltr'><strong>palam</strong></span> <span class='ocrx_word' id='word_1_555' title='bbox 2634 3923 2738 3978; x_wconf 89' lang='lat' dir='ltr'><strong>hoc</strong></span> <span class='ocrx_word' id='word_1_556' title='bbox 2760 3923 3047 3986; x_wconf 75' lang='lat' dir='ltr'><strong>dicit,l‘ore</strong></span> <span class='ocrx_word' id='word_1_557' title='bbox 3072 3931 3133 3977; x_wconf 90' lang='lat' dir='ltr'><strong>ut</strong></span> <span class='ocrx_word' id='word_1_558' title='bbox 3156 3924 3403 3979; x_wconf 87' lang='lat' dir='ltr'><strong>debitum</strong></span> 
     </span>
    </p>
   </div>
   <div class='ocr_carea' id='block_1_83' title="bbox 1835 4012 3404 4083">
    <p class='ocr_par' dir='ltr' id='par_1_83' title="bbox 1835 4012 3404 4083">
     <span class='ocr_line' id='line_1_83' title="bbox 1835 4012 3404 4083; baseline -0.003 -10"><span class='ocrx_word' id='word_1_559' title='bbox 1835 4019 2104 4074; x_wconf 89' lang='lat' dir='ltr'><strong>sustineat</strong></span> <span class='ocrx_word' id='word_1_560' title='bbox 2128 4016 2568 4071; x_wconf 88' lang='lat' dir='ltr'><strong>Christianorum</strong></span> <span class='ocrx_word' id='word_1_561' title='bbox 2595 4014 2805 4083; x_wconf 63' lang='lat' dir='ltr'><strong>tropaei,</strong></span> <span class='ocrx_word' id='word_1_562' title='bbox 2826 4012 2973 4083; x_wconf 90' lang='lat' dir='ltr'><strong>quod</strong></span> <span class='ocrx_word' id='word_1_563' title='bbox 2996 4014 3140 4069; x_wconf 87' lang='lat' dir='ltr'><strong>Deus</strong></span> <span class='ocrx_word' id='word_1_564' title='bbox 3170 4024 3404 4069; x_wconf 83' lang='lat' dir='ltr'><strong>avertat.</strong></span> 
     </span>
    </p>
   </div>
   <div class='ocr_carea' id='block_1_84' title="bbox 1832 4105 3405 4178">
    <p class='ocr_par' dir='ltr' id='par_1_84' title="bbox 1832 4105 3405 4178">
     <span class='ocr_line' id='line_1_84' title="bbox 1832 4105 3405 4178; baseline -0.003 -12"><span class='ocrx_word' id='word_1_565' title='bbox 1832 4112 1912 4165; x_wconf 82' lang='lat' dir='ltr'><strong>Ad</strong></span> <span class='ocrx_word' id='word_1_566' title='bbox 1948 4112 2064 4165; x_wconf 67' lang='lat' dir='ltr'><strong>haic</strong></span> <span class='ocrx_word' id='word_1_567' title='bbox 2090 4125 2214 4165; x_wconf 91' lang='lat' dir='ltr'><strong>cum</strong></span> <span class='ocrx_word' id='word_1_568' title='bbox 2252 4109 2555 4178; x_wconf 83' lang='lat' dir='ltr'><strong>imperator</strong></span> <span class='ocrx_word' id='word_1_569' title='bbox 2588 4105 2951 4160; x_wconf 85' lang='lat' dir='ltr'><strong>immoderato</strong></span> <span class='ocrx_word' id='word_1_570' title='bbox 2981 4108 3166 4163; x_wconf 90' lang='lat' dir='ltr'><strong>animo</strong></span> <span class='ocrx_word' id='word_1_571' title='bbox 3198 4107 3405 4161; x_wconf 88' lang='lat' dir='ltr'><strong>irasce-</strong></span> 
     </span>
    </p>
   </div>
   <div class='ocr_carea' id='block_1_85' title="bbox 1830 4198 3408 4277">
    <p class='ocr_par' dir='ltr' id='par_1_85' title="bbox 1830 4198 3408 4277">
     <span class='ocr_line' id='line_1_85' title="bbox 1830 4198 3408 4277; baseline -0.006 -16"><span class='ocrx_word' id='word_1_572' title='bbox 1830 4216 1983 4262; x_wconf 90' lang='lat' dir='ltr'><strong>retur</strong></span> <span class='ocrx_word' id='word_1_573' title='bbox 2019 4206 2161 4277; x_wconf 90' lang='lat' dir='ltr'><strong>(erat</strong></span> <span class='ocrx_word' id='word_1_574' title='bbox 2194 4204 2343 4258; x_wconf 91' lang='lat' dir='ltr'><strong>enim</strong></span> <span class='ocrx_word' id='word_1_575' title='bbox 2376 4200 2704 4257; x_wconf 91' lang='lat' dir='ltr'><strong>commotior</strong></span> <span class='ocrx_word' id='word_1_576' title='bbox 2749 4198 3013 4253; x_wconf 91' lang='lat' dir='ltr'><strong>iracundo</strong></span> <span class='ocrx_word' id='word_1_577' title='bbox 3062 4198 3303 4263; x_wconf 77' lang='lat' dir='ltr'><strong>fervore,</strong></span> <span class='ocrx_word' id='word_1_578' title='bbox 3347 4210 3408 4252; x_wconf 88' lang='lat' dir='ltr'><strong>ut</strong></span> 
     </span>
    </p>
   </div>
   <div class='ocr_carea' id='block_1_86' title="bbox 1827 4288 3404 4368">
    <p class='ocr_par' dir='ltr' id='par_1_86' title="bbox 1827 4288 3404 4368">
     <span class='ocr_line' id='line_1_86' title="bbox 1827 4288 3404 4368; baseline -0.006 -16"><span class='ocrx_word' id='word_1_579' title='bbox 1827 4300 1983 4368; x_wconf 85' lang='lat' dir='ltr'><strong>cujus</strong></span> <span class='ocrx_word' id='word_1_580' title='bbox 2013 4297 2230 4350; x_wconf 89' lang='lat' dir='ltr'><strong>animus</strong></span> <span class='ocrx_word' id='word_1_581' title='bbox 2260 4310 2323 4348; x_wconf 84' lang='lat' dir='ltr'><strong>ex</strong></span> <span class='ocrx_word' id='word_1_582' title='bbox 2354 4293 2550 4347; x_wconf 88' lang='lat' dir='ltr'><strong>vitiosa</strong></span> <span class='ocrx_word' id='word_1_583' title='bbox 2577 4289 2824 4359; x_wconf 90' lang='lat' dir='ltr'><strong>corporis</strong></span> <span class='ocrx_word' id='word_1_584' title='bbox 2864 4288 3191 4345; x_wconf 87' lang='lat' dir='ltr'><strong>habitudine</strong></span> <span class='ocrx_word' id='word_1_585' title='bbox 3224 4290 3404 4345; x_wconf 87' lang='lat' dir='ltr'><strong>labem</strong></span> 
     </span>
    </p>
   </div>
   <div class='ocr_carea' id='block_1_87' title="bbox 1827 4380 3407 4457">
    <p class='ocr_par' dir='ltr' id='par_1_87' title="bbox 1827 4380 3407 4457">
     <span class='ocr_line' id='line_1_87' title="bbox 1827 4380 3407 4457; baseline -0.003 -15"><span class='ocrx_word' id='word_1_586' title='bbox 1827 4384 2229 4457; x_wconf 88' lang='lat' dir='ltr'><strong>contraheret),</strong></span> <span class='ocrx_word' id='word_1_587' title='bbox 2263 4381 2761 4439; x_wconf 85' lang='lat' dir='ltr'><strong>calumniatoribus</strong></span> <span class='ocrx_word' id='word_1_588' title='bbox 2810 4380 2979 4435; x_wconf 90' lang='lat' dir='ltr'><strong>etiam</strong></span> <span class='ocrx_word' id='word_1_589' title='bbox 3029 4394 3162 4436; x_wconf 90' lang='lat' dir='ltr'><strong>vero</strong></span> <span class='ocrx_word' id='word_1_590' title='bbox 3209 4394 3407 4451; x_wconf 43' lang='lat' dir='ltr'><strong>super-</strong></span> 
     </span>
    </p>
   </div>
   <div class='ocr_carea' id='block_1_88' title="bbox 1450 4478 2125 4537">
    <p class='ocr_par' dir='ltr' id='par_1_88' title="bbox 1450 4478 2125 4537">
     <span class='ocr_line' id='line_1_88' title="bbox 1450 4478 2125 4537; baseline -0.006 0"><span class='ocrx_word' id='word_1_591' title='bbox 1450 4480 1682 4537; x_wconf 68' lang='lat' dir='ltr'><strong>VARUE</strong></span> <span class='ocrx_word' id='word_1_592' title='bbox 1720 4478 2125 4535; x_wconf 85' lang='lat' dir='ltr'><strong>LECTIONES.</strong></span> 
     </span>
    </p>
   </div>
   <div class='ocr_carea' id='block_1_89' title="bbox 207 4568 1299 4645">
    <p class='ocr_par' dir='ltr' id='par_1_89' title="bbox 207 4568 1299 4645">
     <span class='ocr_line' id='line_1_89' title="bbox 207 4568 1299 4645; baseline 0.002 -18"><span class='ocrx_word' id='word_1_593' title='bbox 207 4574 263 4645; x_wconf 13' lang='grc' dir='ltr'><strong>δικ</strong></span> <span class='ocrx_word' id='word_1_594' title='bbox 290 4572 642 4645; x_wconf 73' lang='grc' dir='ltr'>τρυρμᾲρχας</span> <span class='ocrx_word' id='word_1_595' title='bbox 818 4570 861 4601; x_wconf 69' lang='grc' dir='ltr'><strong>δ’</strong></span> <span class='ocrx_word' id='word_1_596' title='bbox 894 4575 1199 4645; x_wconf 66' lang='grc' dir='ltr'>στασιώτην</span> <span class='ocrx_word' id='word_1_597' title='bbox 1239 4575 1299 4629; x_wconf 85' lang='lat' dir='ltr'><strong>L.</strong></span> 
     </span>
    </p>
   </div>
   <div class='ocr_carea' id='block_1_90' title="bbox 128 4640 965 4709">
    <p class='ocr_par' dir='ltr' id='par_1_90' title="bbox 128 4640 965 4709">
     <span class='ocr_line' id='line_1_90' title="bbox 128 4640 965 4709; baseline -0.007 -9"><span class='ocrx_word' id='word_1_598' title='bbox 128 4644 283 4700; x_wconf 76' lang='grc' dir='ltr'>κατὰ</span> <span class='ocrx_word' id='word_1_599' title='bbox 310 4640 401 4699; x_wconf 50' lang='grc' dir='ltr'><strong>ιδ(</strong></span> <span class='ocrx_word' id='word_1_600' title='bbox 432 4640 486 4674; x_wconf 11' lang='grc' dir='ltr'><strong>ἠδ’</strong></span> <span class='ocrx_word' id='word_1_601' title='bbox 512 4640 866 4709; x_wconf 81' lang='grc' dir='ltr'>συκοφάντων</span> <span class='ocrx_word' id='word_1_602' title='bbox 901 4641 965 4695; x_wconf 89' lang='lat' dir='ltr'><strong>L.</strong></span> 
     </span>
    </p>
   </div>
   <div class='ocr_carea' id='block_1_91' title="bbox 1396 4566 3406 4649">
    <p class='ocr_par' dir='ltr' id='par_1_91' title="bbox 1396 4566 3406 4649">
     <span class='ocr_line' id='line_1_91' title="bbox 1396 4566 3406 4649; baseline -0.003 -18"><span class='ocrx_word' id='word_1_603' title='bbox 1396 4578 1440 4609; x_wconf 73' lang='grc'>⁸³</span> <span class='ocrx_word' id='word_1_604' title='bbox 1464 4578 1627 4632; x_wconf 84' lang='grc' dir='ltr'>αὑτὸν</span> <span class='ocrx_word' id='word_1_605' title='bbox 1664 4578 1727 4632; x_wconf 75' lang='grc' dir='ltr'><strong>ι..</strong></span> <span class='ocrx_word' id='word_1_606' title='bbox 1804 4578 1849 4609; x_wconf 66' lang='grc'><strong>⁸⁸</strong></span> <span class='ocrx_word' id='word_1_607' title='bbox 1870 4578 2158 4649; x_wconf 82' lang='grc' dir='ltr'>ὲνήροντες</span> <span class='ocrx_word' id='word_1_608' title='bbox 2189 4578 2252 4633; x_wconf 86' lang='lat' dir='ltr'><strong>L.</strong></span> <span class='ocrx_word' id='word_1_609' title='bbox 2331 4578 2374 4609; x_wconf 67' lang='grc' dir='ltr'><strong>δ’</strong></span> <span class='ocrx_word' id='word_1_610' title='bbox 2401 4573 2619 4645; x_wconf 79' lang='grc' dir='ltr'>ὑφέξειν</span> <span class='ocrx_word' id='word_1_611' title='bbox 2657 4572 2719 4628; x_wconf 89' lang='lat' dir='ltr'><strong>L.</strong></span> <span class='ocrx_word' id='word_1_612' title='bbox 2798 4570 2844 4605; x_wconf 78' lang='lat'>“</span> <span class='ocrx_word' id='word_1_613' title='bbox 2875 4566 2963 4641; x_wconf 78' lang='grc' dir='ltr'><strong>ἦν]</strong></span> <span class='ocrx_word' id='word_1_614' title='bbox 2994 4572 3059 4641; x_wconf 69' lang='grc' dir='ltr'>ἣν</span> <span class='ocrx_word' id='word_1_615' title='bbox 3090 4570 3152 4626; x_wconf 76' lang='grc' dir='ltr'><strong>ι..</strong></span> <span class='ocrx_word' id='word_1_616' title='bbox 3218 4574 3261 4605; x_wconf 67' lang='grc' dir='ltr'><strong>δ’</strong></span> <span class='ocrx_word' id='word_1_617' title='bbox 3289 4574 3406 4645; x_wconf 80' lang='grc' dir='ltr'>καὶ]</span> 
     </span>
    </p>
   </div>
   <div class='ocr_carea' id='block_1_92' title="bbox 1337 4712 2221 4770">
    <p class='ocr_par' dir='ltr' id='par_1_92' title="bbox 1337 4712 2221 4770">
     <span class='ocr_line' id='line_1_92' title="bbox 1337 4712 2221 4770; baseline 0 -3"><span class='ocrx_word' id='word_1_618' title='bbox 1337 4712 1581 4767; x_wconf 81' lang='lat' dir='ltr'><strong>STEPII.</strong></span> <span class='ocrx_word' id='word_1_619' title='bbox 1615 4712 1960 4770; x_wconf 78' lang='lat' dir='ltr'><strong>BERGLERI</strong></span> <span class='ocrx_word' id='word_1_620' title='bbox 1994 4713 2221 4769; x_wconf 69' lang='lat' dir='ltr'><strong>NOTIE.</strong></span> 
     </span>
    </p>
   </div>
   <div class='ocr_carea' id='block_1_93' title="bbox 204 4807 1790 4879">
    <p class='ocr_par' dir='ltr' id='par_1_93' title="bbox 204 4807 1790 4879">
     <span class='ocr_line' id='line_1_93' title="bbox 204 4807 1790 4879; baseline 0.003 -16"><span class='ocrx_word' id='word_1_621' title='bbox 204 4807 581 4879; x_wconf 13' lang='lat' dir='ltr'><strong>(25)7Katpoig</strong></span> <span class='ocrx_word' id='word_1_622' title='bbox 624 4817 853 4879; x_wconf 83' lang='lat' dir='ltr'><strong>tantum</strong></span> <span class='ocrx_word' id='word_1_623' title='bbox 918 4808 1127 4873; x_wconf 86' lang='lat' dir='ltr'><strong>turbat,</strong></span> <span class='ocrx_word' id='word_1_624' title='bbox 1193 4823 1296 4862; x_wconf 87' lang='lat' dir='ltr'><strong>nec</strong></span> <span class='ocrx_word' id='word_1_625' title='bbox 1351 4807 1519 4862; x_wconf 89' lang='lat' dir='ltr'><strong>habet</strong></span> <span class='ocrx_word' id='word_1_626' title='bbox 1548 4807 1710 4863; x_wconf 89' lang='lat' dir='ltr'><strong>Cont.</strong></span> <span class='ocrx_word' id='word_1_627' title='bbox 1748 4815 1790 4867; x_wconf 79' lang='grc' dir='ltr'><strong>Β</strong></span> 
     </span>
    </p>
   </div>
   <div class='ocr_carea' id='block_1_94' title="bbox 128 4878 1716 4950">
    <p class='ocr_par' dir='ltr' id='par_1_94' title="bbox 128 4878 1716 4950">
     <span class='ocr_line' id='line_1_94' title="bbox 128 4878 1716 4950; baseline -0.003 -16"><span class='ocrx_word' id='word_1_628' title='bbox 128 4878 513 4948; x_wconf 77' lang='lat' dir='ltr'><strong>Theophanis,</strong></span> <span class='ocrx_word' id='word_1_629' title='bbox 539 4878 635 4948; x_wconf 93' lang='lat' dir='ltr'><strong>qui</strong></span> <span class='ocrx_word' id='word_1_630' title='bbox 666 4882 739 4935; x_wconf 91' lang='lat' dir='ltr'><strong>ita</strong></span> <span class='ocrx_word' id='word_1_631' title='bbox 764 4897 818 4950; x_wconf 89' lang='lat' dir='ltr'><strong>p.</strong></span> <span class='ocrx_word' id='word_1_632' title='bbox 854 4880 920 4933; x_wconf 84' lang='lat'><strong>77</strong></span> <span class='ocrx_word' id='word_1_633' title='bbox 946 4896 957 4930; x_wconf 92' lang='lat'><strong>:</strong></span> <span class='ocrx_word' id='word_1_634' title='bbox 983 4879 1270 4950; x_wconf 45' lang='grc' dir='ltr'>ὑπὸ-χεῖρα</span> <span class='ocrx_word' id='word_1_635' title='bbox 1296 4878 1468 4930; x_wconf 79' lang='grc' dir='ltr'>τελεῖν</span> <span class='ocrx_word' id='word_1_636' title='bbox 1492 4882 1605 4941; x_wconf 80' lang='grc' dir='ltr'>τοῖς</span> <span class='ocrx_word' id='word_1_637' title='bbox 1634 4881 1716 4942; x_wconf 87' lang='grc' dir='ltr'><strong>είς</strong></span> 
     </span>
    </p>
   </div>
   <div class='ocr_carea' id='block_1_95' title="bbox 130 4945 1722 5083">
    <p class='ocr_par' dir='ltr' id='par_1_95' title="bbox 130 4945 1722 5083">
     <span class='ocr_line' id='line_1_95' title="bbox 132 4945 1722 5022; baseline -0.001 -18"><span class='ocrx_word' id='word_1_638' title='bbox 132 4945 480 5022; x_wconf 78' lang='grc' dir='ltr'>στρατηγίαν</span> <span class='ocrx_word' id='word_1_639' title='bbox 529 4945 907 5017; x_wconf 66' lang='grc' dir='ltr'>τεταγμένοις,</span> <span class='ocrx_word' id='word_1_640' title='bbox 962 4951 1051 5018; x_wconf 76' lang='grc' dir='ltr'><strong>ἐφ’</strong></span> <span class='ocrx_word' id='word_1_641' title='bbox 1082 4945 1157 5003; x_wconf 80' lang='grc' dir='ltr'>ὧν</span> <span class='ocrx_word' id='word_1_642' title='bbox 1205 4945 1313 5000; x_wconf 59' lang='grc' dir='ltr'>’καὶ</span> <span class='ocrx_word' id='word_1_643' title='bbox 1364 4950 1722 5020; x_wconf 85' lang='grc' dir='ltr'>τουρμὰρχας</span> 
     </span>
     <span class='ocr_line' id='line_1_96' title="bbox 130 5017 777 5083; baseline 0.002 -10"><span class='ocrx_word' id='word_1_644' title='bbox 130 5022 457 5074; x_wconf 72' lang='grc' dir='ltr'>ἐπιστατεῖν</span> <span class='ocrx_word' id='word_1_645' title='bbox 481 5017 777 5083; x_wconf 73' lang='grc' dir='ltr'>ἐξετίθετο.</span> 
     </span>
    </p>
   </div>
   <div class='ocr_carea' id='block_1_96' title="bbox 212 5089 1725 5161">
    <p class='ocr_par' dir='ltr' id='par_1_96' title="bbox 212 5089 1725 5161">
     <span class='ocr_line' id='line_1_97' title="bbox 212 5089 1725 5161; baseline 0.001 -17"><span class='ocrx_word' id='word_1_646' title='bbox 212 5089 329 5158; x_wconf 72' lang='grc'>(26)</span> <span class='ocrx_word' id='word_1_647' title='bbox 359 5089 576 5161; x_wconf 79' lang='grc' dir='ltr'>Τούτων</span> <span class='ocrx_word' id='word_1_648' title='bbox 602 5104 712 5144; x_wconf 89' lang='lat' dir='ltr'><strong>non</strong></span> <span class='ocrx_word' id='word_1_649' title='bbox 757 5099 841 5146; x_wconf 86' lang='lat' dir='ltr'><strong>est</strong></span> <span class='ocrx_word' id='word_1_650' title='bbox 873 5090 1272 5155; x_wconf 88' lang='lat' dir='ltr'><strong>necessarium,</strong></span> <span class='ocrx_word' id='word_1_651' title='bbox 1318 5106 1419 5146; x_wconf 84' lang='lat' dir='ltr'><strong>nec</strong></span> <span class='ocrx_word' id='word_1_652' title='bbox 1469 5102 1555 5145; x_wconf 88' lang='lat' dir='ltr'><strong>est</strong></span> <span class='ocrx_word' id='word_1_653' title='bbox 1580 5091 1725 5161; x_wconf 88' lang='lat' dir='ltr'><strong>apud</strong></span> 
     </span>
    </p>
   </div>
   <div class='ocr_carea' id='block_1_97' title="bbox 132 5159 605 5216">
    <p class='ocr_par' dir='ltr' id='par_1_97' title="bbox 132 5159 605 5216">
     <span class='ocr_line' id='line_1_98' title="bbox 132 5159 605 5216; baseline -0.008 1"><span class='ocrx_word' id='word_1_654' title='bbox 132 5161 307 5216; x_wconf 88' lang='lat' dir='ltr'><strong>Cont.</strong></span> <span class='ocrx_word' id='word_1_655' title='bbox 344 5168 405 5213; x_wconf 91' lang='lat' dir='ltr'><strong>ut</strong></span> <span class='ocrx_word' id='word_1_656' title='bbox 428 5159 605 5213; x_wconf 84' lang='lat' dir='ltr'><strong>vides.</strong></span> 
     </span>
    </p>
   </div>
   <div class='ocr_carea' id='block_1_98' title="bbox 206 5229 1273 5372">
    <p class='ocr_par' dir='ltr' id='par_1_98' title="bbox 206 5229 1273 5372">
     <span class='ocr_line' id='line_1_99' title="bbox 206 5229 1273 5372; baseline 0.005 -88"><span class='ocrx_word' id='word_1_657' title='bbox 206 5230 331 5372; x_wconf 62' lang='grc'>(27)</span> <span class='ocrx_word' id='word_1_658' title='bbox 365 5229 527 5284; x_wconf 89' lang='lat' dir='ltr'><strong>Cont.</strong></span> <span class='ocrx_word' id='word_1_659' title='bbox 629 5245 679 5286; x_wconf 94' lang='lat' dir='ltr'><strong>c.</strong></span> <span class='ocrx_word' id='word_1_660' title='bbox 717 5232 910 5288; x_wconf 83' lang='lat' dir='ltr'><strong>eadem</strong></span> <span class='ocrx_word' id='word_1_661' title='bbox 940 5233 1056 5288; x_wconf 85' lang='lat' dir='ltr'><strong>fere</strong></span> <span class='ocrx_word' id='word_1_662' title='bbox 1084 5234 1273 5289; x_wconf 87' lang='lat' dir='ltr'><strong>verba.</strong></span> 
     </span>
     <span class='ocr_line' id='line_1_100' title="bbox 231 5300 1273 5372; baseline 0.004 -19"><span class='ocrx_word' id='word_1_663' title='bbox 231 5302 327 5367; x_wconf 75' lang='lat'><strong>28)</strong></span> <span class='ocrx_word' id='word_1_664' title='bbox 356 5300 438 5355; x_wconf 90' lang='lat' dir='ltr'><strong>Ita</strong></span> <span class='ocrx_word' id='word_1_665' title='bbox 472 5312 763 5372; x_wconf 75' lang='lat' dir='ltr'><strong>scriptum,</strong></span> <span class='ocrx_word' id='word_1_666' title='bbox 797 5319 923 5357; x_wconf 88' lang='lat' dir='ltr'><strong>cum</strong></span> <span class='ocrx_word' id='word_1_667' title='bbox 956 5306 1192 5359; x_wconf 90' lang='lat' dir='ltr'><strong>deberet</strong></span> <span class='ocrx_word' id='word_1_668' title='bbox 1242 5321 1273 5357; x_wconf 91' lang='grc' dir='ltr'><strong>σ</strong></span> 
     </span>
    </p>
   </div>
   <div class='ocr_carea' id='block_1_99' title="bbox 231 5300 1727 5367">
    <p class='ocr_par' dir='ltr' id='par_1_99' title="bbox 231 5300 1727 5367">
     <span class='ocr_line' id='line_1_101' title="bbox 231 5300 1727 5367; baseline 0.004 -14"><span class='ocrx_word' id='word_1_669' title='bbox 231 5300 327 5367; x_wconf 75' lang='lat'><strong>28)</strong></span> <span class='ocrx_word' id='word_1_670' title='bbox 356 5300 438 5355; x_wconf 89' lang='lat' dir='ltr'><strong>Ita</strong></span> <span class='ocrx_word' id='word_1_671' title='bbox 472 5300 763 5367; x_wconf 82' lang='lat' dir='ltr'><strong>scriptum,</strong></span> <span class='ocrx_word' id='word_1_672' title='bbox 797 5319 923 5357; x_wconf 88' lang='lat' dir='ltr'><strong>cum</strong></span> <span class='ocrx_word' id='word_1_673' title='bbox 956 5306 1192 5359; x_wconf 90' lang='lat' dir='ltr'><strong>deberet</strong></span> <span class='ocrx_word' id='word_1_674' title='bbox 1242 5305 1591 5366; x_wconf 82' lang='grc' dir='ltr'>στασιώτιδα,</span> <span class='ocrx_word' id='word_1_675' title='bbox 1629 5317 1727 5359; x_wconf 88' lang='lat' dir='ltr'><strong>aut</strong></span> 
     </span>
    </p>
   </div>
   <div class='ocr_carea' id='block_1_100' title="bbox 132 5370 1722 5446">
    <p class='ocr_par' dir='ltr' id='par_1_100' title="bbox 132 5370 1722 5446">
     <span class='ocr_line' id='line_1_102' title="bbox 132 5370 1722 5446; baseline 0.004 -21"><span class='ocrx_word' id='word_1_676' title='bbox 132 5370 793 5446; x_wconf 57' lang='lat' dir='ltr'><strong>oragttogdiv._Posteri_us</strong></span> <span class='ocrx_word' id='word_1_677' title='bbox 820 5374 1048 5446; x_wconf 84' lang='lat' dir='ltr'><strong>omnino</strong></span> <span class='ocrx_word' id='word_1_678' title='bbox 1084 5391 1277 5429; x_wconf 89' lang='lat' dir='ltr'><strong>verum</strong></span> <span class='ocrx_word' id='word_1_679' title='bbox 1301 5387 1528 5446; x_wconf 84' lang='lat' dir='ltr'><strong>prepter</strong></span> <span class='ocrx_word' id='word_1_680' title='bbox 1563 5390 1722 5446; x_wconf 57' lang='lat' dir='ltr'><strong>seqq,</strong></span> 
     </span>
    </p>
   </div>
   <div class='ocr_carea' id='block_1_101' title="bbox 211 5439 1723 5521">
    <p class='ocr_par' dir='ltr' id='par_1_101' title="bbox 211 5439 1723 5521">
     <span class='ocr_line' id='line_1_103' title="bbox 211 5439 1723 5521; baseline 0.002 -27"><span class='ocrx_word' id='word_1_681' title='bbox 211 5439 329 5521; x_wconf 58' lang='lat'><strong>(29)</strong></span> <span class='ocrx_word' id='word_1_682' title='bbox 350 5440 461 5521; x_wconf 62' lang='lat' dir='ltr'><strong>Pro</strong></span> <span class='ocrx_word' id='word_1_683' title='bbox 485 5443 1003 5521; x_wconf 74' lang='grc' dir='ltr'>ὲκριπισθήσεσθαι.</span> <span class='ocrx_word' id='word_1_684' title='bbox 1021 5445 1180 5521; x_wconf 84' lang='lat' dir='ltr'><strong>_Solet</strong></span> <span class='ocrx_word' id='word_1_685' title='bbox 1201 5439 1350 5501; x_wconf 78' lang='lat' dir='ltr'><strong>enini</strong></span> <span class='ocrx_word' id='word_1_686' title='bbox 1372 5439 1610 5501; x_wconf 78' lang='lat' dir='ltr'><strong>aoristos</strong></span> <span class='ocrx_word' id='word_1_687' title='bbox 1632 5439 1723 5514; x_wconf 81' lang='lat' dir='ltr'><strong>qui</strong></span> 
     </span>
    </p>
   </div>
   <div class='ocr_carea' id='block_1_102' title="bbox 129 5514 1449 5587">
    <p class='ocr_par' dir='ltr' id='par_1_102' title="bbox 129 5514 1449 5587">
     <span class='ocr_line' id='line_1_104' title="bbox 129 5514 1449 5587; baseline 0.004 -21"><span class='ocrx_word' id='word_1_688' title='bbox 129 5514 409 5587; x_wconf 42' lang='lat' dir='ltr'><strong>preteriti</strong></span> <span class='ocrx_word' id='word_1_689' title='bbox 437 5522 568 5566; x_wconf 88' lang='lat' dir='ltr'><strong>sunt</strong></span> <span class='ocrx_word' id='word_1_690' title='bbox 593 5515 861 5587; x_wconf 69' lang='lat' dir='ltr'><strong>temporis</strong></span> <span class='ocrx_word' id='word_1_691' title='bbox 886 5530 987 5585; x_wconf 89' lang='lat' dir='ltr'><strong>pro</strong></span> <span class='ocrx_word' id='word_1_692' title='bbox 1014 5514 1202 5571; x_wconf 82' lang='lat' dir='ltr'><strong>l&#39;uturo</strong></span> <span class='ocrx_word' id='word_1_693' title='bbox 1223 5532 1449 5587; x_wconf 88' lang='lat' dir='ltr'><strong>ponere.</strong></span> 
     </span>
    </p>
   </div>
   <div class='ocr_carea' id='block_1_103' title="bbox 207 5581 741 5651">
    <p class='ocr_par' dir='ltr' id='par_1_103' title="bbox 207 5581 741 5651">
     <span class='ocr_line' id='line_1_105' title="bbox 207 5581 741 5651; baseline 0.004 -14"><span class='ocrx_word' id='word_1_694' title='bbox 207 5582 327 5651; x_wconf 78' lang='grc'>(50)</span> <span class='ocrx_word' id='word_1_695' title='bbox 359 5581 495 5636; x_wconf 85' lang='lat' dir='ltr'><strong>Zon.</strong></span> <span class='ocrx_word' id='word_1_696' title='bbox 530 5598 584 5651; x_wconf 88' lang='lat' dir='ltr'><strong>p.</strong></span> <span class='ocrx_word' id='word_1_697' title='bbox 618 5581 741 5639; x_wconf 65' lang='lat'><strong>152.</strong></span> 
     </span>
    </p>
   </div>
   <div class='ocr_carea' id='block_1_104' title="bbox 208 5651 722 5722">
    <p class='ocr_par' dir='ltr' id='par_1_104' title="bbox 208 5651 722 5722">
     <span class='ocr_line' id='line_1_106' title="bbox 208 5651 722 5722; baseline 0.004 -17"><span class='ocrx_word' id='word_1_698' title='bbox 208 5653 330 5721; x_wconf 83' lang='lat'><strong>(5|)</strong></span> <span class='ocrx_word' id='word_1_699' title='bbox 353 5651 514 5707; x_wconf 88' lang='lat' dir='ltr'><strong>Cont.</strong></span> <span class='ocrx_word' id='word_1_700' title='bbox 543 5668 598 5722; x_wconf 93' lang='lat' dir='ltr'><strong>p.</strong></span> <span class='ocrx_word' id='word_1_701' title='bbox 633 5654 722 5707; x_wconf 65' lang='lat' dir='ltr'><strong>8i.</strong></span> 
     </span>
    </p>
   </div>
   <div class='ocr_carea' id='block_1_105' title="bbox 208 5722 977 5795">
    <p class='ocr_par' dir='ltr' id='par_1_105' title="bbox 208 5722 977 5795">
     <span class='ocr_line' id='line_1_107' title="bbox 208 5722 977 5795; baseline 0.008 -18"><span class='ocrx_word' id='word_1_702' title='bbox 208 5722 329 5795; x_wconf 20' lang='lat'><strong>(572)</strong></span> <span class='ocrx_word' id='word_1_703' title='bbox 354 5722 515 5795; x_wconf 66' lang='lat' dir='ltr'><strong>gent.</strong></span> <span class='ocrx_word' id='word_1_704' title='bbox 554 5738 608 5792; x_wconf 91' lang='lat' dir='ltr'><strong>p.</strong></span> <span class='ocrx_word' id='word_1_705' title='bbox 635 5726 723 5789; x_wconf 71' lang='grc'>84,</span> <span class='ocrx_word' id='word_1_706' title='bbox 758 5726 812 5779; x_wconf 93' lang='lat' dir='ltr'><strong>in</strong></span> <span class='ocrx_word' id='word_1_707' title='bbox 851 5726 977 5783; x_wconf 83' lang='lat' dir='ltr'><strong>line.</strong></span> 
     </span>
    </p>
   </div>
   <div class='ocr_carea' id='block_1_106' title="bbox 203 5793 1461 5870">
    <p class='ocr_par' dir='ltr' id='par_1_106' title="bbox 203 5793 1461 5870">
     <span class='ocr_line' id='line_1_108' title="bbox 203 5793 1461 5870; baseline 0.006 -21"><span class='ocrx_word' id='word_1_708' title='bbox 203 5793 326 5870; x_wconf 51' lang='grc' dir='ltr'>(ἐξ)</span> <span class='ocrx_word' id='word_1_709' title='bbox 345 5793 514 5870; x_wconf 63' lang='grc' dir='ltr'>Ῑειεε</span> <span class='ocrx_word' id='word_1_710' title='bbox 535 5795 714 5870; x_wconf 69' lang='lat' dir='ltr'><strong>solent</strong></span> <span class='ocrx_word' id='word_1_711' title='bbox 742 5812 865 5851; x_wconf 89' lang='lat' dir='ltr'><strong>esse</strong></span> <span class='ocrx_word' id='word_1_712' title='bbox 887 5799 1051 5870; x_wconf 86' lang='lat' dir='ltr'><strong>hujus</strong></span> <span class='ocrx_word' id='word_1_713' title='bbox 1075 5802 1461 5861; x_wconf 89' lang='lat' dir='ltr'><strong>transitiones.</strong></span> 
     </span>
    </p>
   </div>
   <div class='ocr_carea' id='block_1_107' title="bbox 202 5862 1723 5946">
    <p class='ocr_par' dir='ltr' id='par_1_107' title="bbox 202 5862 1723 5946">
     <span class='ocr_line' id='line_1_109' title="bbox 202 5862 1723 5946; baseline 0.01 -31"><span class='ocrx_word' id='word_1_714' title='bbox 202 5864 319 5935; x_wconf 68' lang='grc' dir='ltr'>(τι)</span> <span class='ocrx_word' id='word_1_715' title='bbox 337 5862 499 5919; x_wconf 85' lang='lat' dir='ltr'><strong>Cont.</strong></span> <span class='ocrx_word' id='word_1_716' title='bbox 522 5881 575 5934; x_wconf 90' lang='lat' dir='ltr'><strong>p.</strong></span> <span class='ocrx_word' id='word_1_717' title='bbox 597 5862 990 5925; x_wconf 71' lang='grc' dir='ltr'>84.-Λύτόνῖ.</span> <span class='ocrx_word' id='word_1_718' title='bbox 1018 5872 1093 5926; x_wconf 87' lang='lat' dir='ltr'><strong>Ita</strong></span> <span class='ocrx_word' id='word_1_719' title='bbox 1114 5874 1402 5946; x_wconf 81' lang='lat' dir='ltr'><strong>scriptum,</strong></span> <span class='ocrx_word' id='word_1_720' title='bbox 1427 5891 1533 5931; x_wconf 92' lang='lat' dir='ltr'><strong>non</strong></span> <span class='ocrx_word' id='word_1_721' title='bbox 1555 5876 1723 5946; x_wconf 69' lang='grc' dir='ltr'>αὐτῷ.</span> 
     </span>
    </p>
   </div>
   <div class='ocr_carea' id='block_1_108' title="bbox 473 5965 1122 6035">
    <p class='ocr_par' dir='ltr' id='par_1_108' title="bbox 473 5965 1122 6035">
     <span class='ocr_line' id='line_1_110' title="bbox 473 5965 1122 6035; baseline 0.015 -10"><span class='ocrx_word' id='word_1_722' title='bbox 473 5965 745 6027; x_wconf 77' lang='grc' dir='ltr'>ΡΑτιιοι..</span> <span class='ocrx_word' id='word_1_723' title='bbox 796 5968 913 6029; x_wconf 76' lang='lat' dir='ltr'><strong>Gn.</strong></span> <span class='ocrx_word' id='word_1_724' title='bbox 964 5973 1122 6035; x_wconf 73' lang='lat' dir='ltr'><strong>CIX.</strong></span> 
     </span>
    </p>
   </div>
   <div class='ocr_carea' id='block_1_109' title="bbox 1894 4808 3406 4879">
    <p class='ocr_par' dir='ltr' id='par_1_109' title="bbox 1894 4808 3406 4879">
     <span class='ocr_line' id='line_1_111' title="bbox 1894 4808 3406 4879; baseline -0.001 -16"><span class='ocrx_word' id='word_1_725' title='bbox 1894 4809 2007 4876; x_wconf 81' lang='lat'><strong>(35)</strong></span> <span class='ocrx_word' id='word_1_726' title='bbox 2038 4808 2203 4863; x_wconf 88' lang='lat' dir='ltr'><strong>Cedr.</strong></span> <span class='ocrx_word' id='word_1_727' title='bbox 2239 4823 2297 4878; x_wconf 92' lang='lat' dir='ltr'><strong>p.</strong></span> <span class='ocrx_word' id='word_1_728' title='bbox 2339 4808 2466 4863; x_wconf 71' lang='lat'><strong>527.</strong></span> <span class='ocrx_word' id='word_1_729' title='bbox 2492 4809 2801 4879; x_wconf 10' lang='lat' dir='ltr'><strong>Estrautem</strong></span> <span class='ocrx_word' id='word_1_730' title='bbox 2830 4808 3257 4879; x_wconf 18' lang='grc' dir='ltr'>ννυκτοπόλιμος</span> <span class='ocrx_word' id='word_1_731' title='bbox 3308 4827 3406 4864; x_wconf 80' lang='grc' dir='ltr'>νυ-</span> 
     </span>
    </p>
   </div>
   <div class='ocr_carea' id='block_1_110' title="bbox 1819 4878 2997 4948">
    <p class='ocr_par' dir='ltr' id='par_1_110' title="bbox 1819 4878 2997 4948">
     <span class='ocr_line' id='line_1_112' title="bbox 1819 4878 2997 4948; baseline -0.002 -15"><span class='ocrx_word' id='word_1_732' title='bbox 1819 4884 2113 4948; x_wconf 84' lang='grc' dir='ltr'>κτομαχία,</span> <span class='ocrx_word' id='word_1_733' title='bbox 2141 4895 2249 4948; x_wconf 89' lang='lat' dir='ltr'><strong>qua</strong></span> <span class='ocrx_word' id='word_1_734' title='bbox 2268 4894 2403 4933; x_wconf 87' lang='lat' dir='ltr'><strong>voce</strong></span> <span class='ocrx_word' id='word_1_735' title='bbox 2426 4878 2735 4934; x_wconf 82' lang='lat' dir='ltr'><strong>Herodotus</strong></span> <span class='ocrx_word' id='word_1_736' title='bbox 2761 4878 2955 4932; x_wconf 92' lang='lat' dir='ltr'><strong>utitur.</strong></span> <span class='ocrx_word' id='word_1_737' title='bbox 2994 4900 2997 4901; x_wconf 50' lang='grc' dir='ltr'><strong>ν</strong></span> 
     </span>
    </p>
   </div>
   <div class='ocr_carea' id='block_1_111' title="bbox 1896 4950 3407 5020">
    <p class='ocr_par' dir='ltr' id='par_1_111' title="bbox 1896 4950 3407 5020">
     <span class='ocr_line' id='line_1_113' title="bbox 1896 4950 3407 5020; baseline -0.001 -16"><span class='ocrx_word' id='word_1_738' title='bbox 1896 4951 2007 5020; x_wconf 74' lang='lat'><strong>(36)</strong></span> <span class='ocrx_word' id='word_1_739' title='bbox 2039 4950 2267 5012; x_wconf 77' lang='lat' dir='ltr'><strong>Utiliter,</strong></span> <span class='ocrx_word' id='word_1_740' title='bbox 2316 4964 2514 5018; x_wconf 91' lang='lat' dir='ltr'><strong>nempe</strong></span> <span class='ocrx_word' id='word_1_741' title='bbox 2547 4964 2610 5002; x_wconf 80' lang='lat' dir='ltr'><strong>ex</strong></span> <span class='ocrx_word' id='word_1_742' title='bbox 2655 4956 2836 5020; x_wconf 83' lang='lat' dir='ltr'><strong>mente</strong></span> <span class='ocrx_word' id='word_1_743' title='bbox 2877 4951 3143 5015; x_wconf 87' lang='lat' dir='ltr'><strong>auctoris,</strong></span> <span class='ocrx_word' id='word_1_744' title='bbox 3200 4950 3296 5004; x_wconf 86' lang='lat' dir='ltr'><strong>sed</strong></span> <span class='ocrx_word' id='word_1_745' title='bbox 3348 4960 3407 5005; x_wconf 88' lang='lat' dir='ltr'><strong>ut</strong></span> 
     </span>
    </p>
   </div>
   <div class='ocr_carea' id='block_1_112' title="bbox 1823 5017 3402 5088">
    <p class='ocr_par' dir='ltr' id='par_1_112' title="bbox 1823 5017 3402 5088">
     <span class='ocr_line' id='line_1_114' title="bbox 1823 5017 3402 5088; baseline -0.002 -12"><span class='ocrx_word' id='word_1_746' title='bbox 1823 5017 2248 5076; x_wconf 81' lang='lat' dir='ltr'><strong>calumniatores</strong></span> <span class='ocrx_word' id='word_1_747' title='bbox 2295 5017 2590 5081; x_wconf 87' lang='lat' dir='ltr'><strong>dicebant,</strong></span> <span class='ocrx_word' id='word_1_748' title='bbox 2633 5017 2916 5084; x_wconf 79' lang='lat' dir='ltr'><strong>inutiliter,</strong></span> <span class='ocrx_word' id='word_1_749' title='bbox 2969 5022 3117 5088; x_wconf 88' lang='lat' dir='ltr'><strong>quod</strong></span> <span class='ocrx_word' id='word_1_750' title='bbox 3172 5022 3402 5085; x_wconf 79' lang='lat' dir='ltr'><strong>clarius.</strong></span> 
     </span>
    </p>
   </div>
   <div class='ocr_carea' id='block_1_113' title="bbox 1826 5090 2577 5152">
    <p class='ocr_par' dir='ltr' id='par_1_113' title="bbox 1826 5090 2577 5152">
     <span class='ocr_line' id='line_1_115' title="bbox 1826 5090 2577 5152; baseline -0.005 -7"><span class='ocrx_word' id='word_1_751' title='bbox 1826 5092 2174 5152; x_wconf 83' lang='grc' dir='ltr'>ἀλυσιτελῶς.</span> <span class='ocrx_word' id='word_1_752' title='bbox 2209 5091 2277 5145; x_wconf 87' lang='grc' dir='ltr'><strong>Ει</strong></span> <span class='ocrx_word' id='word_1_753' title='bbox 2307 5091 2381 5145; x_wconf 84' lang='lat' dir='ltr'><strong>ita</strong></span> <span class='ocrx_word' id='word_1_754' title='bbox 2414 5090 2577 5143; x_wconf 81' lang='lat' dir='ltr'><strong>verti.</strong></span> 
     </span>
    </p>
   </div>
   <div class='ocr_carea' id='block_1_114' title="bbox 1894 5161 2407 5231">
    <p class='ocr_par' dir='ltr' id='par_1_114' title="bbox 1894 5161 2407 5231">
     <span class='ocr_line' id='line_1_116' title="bbox 1894 5161 2407 5231; baseline -0.006 -14"><span class='ocrx_word' id='word_1_755' title='bbox 1894 5164 2004 5229; x_wconf 82' lang='grc'>(57)</span> <span class='ocrx_word' id='word_1_756' title='bbox 2039 5161 2198 5217; x_wconf 90' lang='lat' dir='ltr'><strong>Cont.</strong></span> <span class='ocrx_word' id='word_1_757' title='bbox 2233 5177 2287 5231; x_wconf 92' lang='lat' dir='ltr'><strong>p.</strong></span> <span class='ocrx_word' id='word_1_758' title='bbox 2319 5161 2407 5215; x_wconf 64' lang='grc'>84.</span> 
     </span>
    </p>
   </div>
   <div class='ocr_carea' id='block_1_115' title="bbox 1892 5228 2671 5301">
    <p class='ocr_par' dir='ltr' id='par_1_115' title="bbox 1892 5228 2671 5301">
     <span class='ocr_line' id='line_1_117' title="bbox 1892 5228 2671 5301; baseline -0.005 -14"><span class='ocrx_word' id='word_1_759' title='bbox 1892 5228 2001 5301; x_wconf 76' lang='grc'>(58)</span> <span class='ocrx_word' id='word_1_760' title='bbox 2033 5228 2499 5300; x_wconf 73' lang='grc' dir='ltr'>1ηοριεάὺιιιὶιιπ</span> <span class='ocrx_word' id='word_1_761' title='bbox 2528 5228 2671 5284; x_wconf 90' lang='lat' dir='ltr'><strong>istis.</strong></span> 
     </span>
    </p>
   </div>
   <div class='ocr_carea' id='block_1_116' title="bbox 1903 5300 3407 5372">
    <p class='ocr_par' dir='ltr' id='par_1_116' title="bbox 1903 5300 3407 5372">
     <span class='ocr_line' id='line_1_118' title="bbox 1903 5300 3407 5372; baseline 0.005 -19"><span class='ocrx_word' id='word_1_762' title='bbox 1903 5304 2013 5371; x_wconf 75' lang='lat'><strong>(39)</strong></span> <span class='ocrx_word' id='word_1_763' title='bbox 2042 5303 2307 5372; x_wconf 77' lang='lat' dir='ltr'><strong>Ambigue</strong></span> <span class='ocrx_word' id='word_1_764' title='bbox 2342 5301 2609 5371; x_wconf 87' lang='lat' dir='ltr'><strong>loquitur.</strong></span> <span class='ocrx_word' id='word_1_765' title='bbox 2657 5300 2863 5369; x_wconf 90' lang='lat' dir='ltr'><strong>duplici</strong></span> <span class='ocrx_word' id='word_1_766' title='bbox 2906 5301 3292 5372; x_wconf 77' lang='lat' dir='ltr'><strong>ambiguitate.</strong></span> <span class='ocrx_word' id='word_1_767' title='bbox 3344 5315 3407 5361; x_wconf 91' lang='lat' dir='ltr'><strong>ut</strong></span> 
     </span>
    </p>
   </div>
   <div class='ocr_carea' id='block_1_117' title="bbox 1828 5374 3408 5443">
    <p class='ocr_par' dir='ltr' id='par_1_117' title="bbox 1828 5374 3408 5443">
     <span class='ocr_line' id='line_1_119' title="bbox 1828 5374 3408 5443; baseline 0.001 -14"><span class='ocrx_word' id='word_1_768' title='bbox 1828 5384 1920 5429; x_wconf 90' lang='lat' dir='ltr'><strong>aut</strong></span> <span class='ocrx_word' id='word_1_769' title='bbox 1946 5376 2051 5429; x_wconf 88' lang='lat' dir='ltr'><strong>sit:</strong></span> <span class='ocrx_word' id='word_1_770' title='bbox 2083 5374 2193 5443; x_wconf 79' lang='lat' dir='ltr'><strong>fore</strong></span> <span class='ocrx_word' id='word_1_771' title='bbox 2231 5382 2286 5425; x_wconf 84' lang='lat' dir='ltr'><strong>ut</strong></span> <span class='ocrx_word' id='word_1_772' title='bbox 2321 5375 2511 5426; x_wconf 78' lang='lat' dir='ltr'><strong>sentiat</strong></span> <span class='ocrx_word' id='word_1_773' title='bbox 2546 5380 2595 5423; x_wconf 84' lang='lat' dir='ltr'><strong>et</strong></span> <span class='ocrx_word' id='word_1_774' title='bbox 2638 5388 2755 5424; x_wconf 83' lang='lat' dir='ltr'><strong>eum</strong></span> <span class='ocrx_word' id='word_1_775' title='bbox 2780 5374 3033 5443; x_wconf 69' lang='lat' dir='ltr'><strong>peniteat</strong></span> <span class='ocrx_word' id='word_1_776' title='bbox 3075 5376 3408 5443; x_wconf 71' lang='lat' dir='ltr'><strong>impedivisse</strong></span> 
     </span>
    </p>
   </div>
   <div class='ocr_carea' id='block_1_118' title="bbox 1829 5441 3401 5512">
    <p class='ocr_par' dir='ltr' id='par_1_118' title="bbox 1829 5441 3401 5512">
     <span class='ocr_line' id='line_1_120' title="bbox 1829 5441 3401 5512; baseline 0 -12"><span class='ocrx_word' id='word_1_777' title='bbox 1829 5447 2105 5500; x_wconf 81' lang='lat' dir='ltr'><strong>victoriam</strong></span> <span class='ocrx_word' id='word_1_778' title='bbox 2131 5442 2555 5498; x_wconf 78' lang='lat' dir='ltr'><strong>Christianorum</strong></span> <span class='ocrx_word' id='word_1_779' title='bbox 2606 5458 2723 5510; x_wconf 74' lang='lat' dir='ltr'><strong>quae</strong></span> <span class='ocrx_word' id='word_1_780' title='bbox 2764 5441 2945 5511; x_wconf 78' lang='lat' dir='ltr'><strong>futura</strong></span> <span class='ocrx_word' id='word_1_781' title='bbox 2992 5441 3197 5512; x_wconf 72' lang='lat' dir='ltr'><strong>fuisset,</strong></span> <span class='ocrx_word' id='word_1_782' title='bbox 3258 5458 3401 5500; x_wconf 86' lang='lat' dir='ltr'><strong>aut:</strong></span> 
     </span>
    </p>
   </div>
   <div class='ocr_carea' id='block_1_119' title="bbox 1833 5513 3407 5586">
    <p class='ocr_par' dir='ltr' id='par_1_119' title="bbox 1833 5513 3407 5586">
     <span class='ocr_line' id='line_1_121' title="bbox 1833 5513 3407 5586; baseline 0 -15"><span class='ocrx_word' id='word_1_783' title='bbox 1833 5518 1944 5586; x_wconf 77' lang='lat' dir='ltr'><strong>fore</strong></span> <span class='ocrx_word' id='word_1_784' title='bbox 1979 5526 2032 5569; x_wconf 86' lang='lat' dir='ltr'><strong>ut</strong></span> <span class='ocrx_word' id='word_1_785' title='bbox 2073 5516 2276 5569; x_wconf 85' lang='lat' dir='ltr'><strong>cladem</strong></span> <span class='ocrx_word' id='word_1_786' title='bbox 2312 5513 2736 5568; x_wconf 77' lang='lat' dir='ltr'><strong>Christianorum</strong></span> <span class='ocrx_word' id='word_1_787' title='bbox 2787 5516 3048 5586; x_wconf 71' lang='lat' dir='ltr'><strong>patiatur,</strong></span> <span class='ocrx_word' id='word_1_788' title='bbox 3080 5531 3198 5583; x_wconf 69' lang='lat' dir='ltr'><strong>qua!</strong></span> <span class='ocrx_word' id='word_1_789' title='bbox 3219 5518 3407 5579; x_wconf 68' lang='lat' dir='ltr'><strong>debeat</strong></span> 
     </span>
    </p>
   </div>
   <div class='ocr_carea' id='block_1_120' title="bbox 1828 5585 3407 5655">
    <p class='ocr_par' dir='ltr' id='par_1_120' title="bbox 1828 5585 3407 5655">
     <span class='ocr_line' id='line_1_122' title="bbox 1828 5585 3407 5655; baseline -0.001 -14"><span class='ocrx_word' id='word_1_790' title='bbox 1828 5585 1965 5655; x_wconf 75' lang='lat' dir='ltr'><strong>ﬁeri.</strong></span> <span class='ocrx_word' id='word_1_791' title='bbox 2000 5585 2124 5639; x_wconf 89' lang='lat' dir='ltr'><strong>Sive</strong></span> <span class='ocrx_word' id='word_1_792' title='bbox 2152 5586 2225 5638; x_wconf 89' lang='lat' dir='ltr'><strong>ita</strong></span> <span class='ocrx_word' id='word_1_793' title='bbox 2260 5586 2497 5655; x_wconf 89' lang='lat' dir='ltr'><strong>primum</strong></span> <span class='ocrx_word' id='word_1_794' title='bbox 2527 5602 2538 5635; x_wconf 90' lang='lat'><strong>:</strong></span> <span class='ocrx_word' id='word_1_795' title='bbox 2579 5587 2688 5652; x_wconf 75' lang='lat' dir='ltr'><strong>[ore</strong></span> <span class='ocrx_word' id='word_1_796' title='bbox 2714 5594 2769 5636; x_wconf 86' lang='lat' dir='ltr'><strong>ut</strong></span> <span class='ocrx_word' id='word_1_797' title='bbox 2801 5601 2977 5651; x_wconf 66' lang='lat' dir='ltr'><strong>paena;</strong></span> <span class='ocrx_word' id='word_1_798' title='bbox 3004 5585 3116 5637; x_wconf 83' lang='lat' dir='ltr'><strong>luat</strong></span> <span class='ocrx_word' id='word_1_799' title='bbox 3136 5588 3407 5653; x_wconf 76' lang='lat' dir='ltr'><strong>impedita-</strong></span> 
     </span>
    </p>
   </div>
   <div class='ocr_carea' id='block_1_121' title="bbox 1831 5655 3402 5724">
    <p class='ocr_par' dir='ltr' id='par_1_121' title="bbox 1831 5655 3402 5724">
     <span class='ocr_line' id='line_1_123' title="bbox 1831 5655 3402 5724; baseline -0.003 -11"><span class='ocrx_word' id='word_1_800' title='bbox 1831 5658 2252 5713; x_wconf 80' lang='lat' dir='ltr'><strong>Christianorum</strong></span> <span class='ocrx_word' id='word_1_801' title='bbox 2271 5656 2520 5718; x_wconf 68' lang='lat' dir='ltr'><strong>victoria,</strong></span> <span class='ocrx_word' id='word_1_802' title='bbox 2566 5671 2683 5724; x_wconf 70' lang='lat' dir='ltr'><strong>qua:</strong></span> <span class='ocrx_word' id='word_1_803' title='bbox 2736 5664 2851 5708; x_wconf 87' lang='lat' dir='ltr'><strong>erat</strong></span> <span class='ocrx_word' id='word_1_804' title='bbox 2891 5655 3092 5723; x_wconf 84' lang='lat' dir='ltr'><strong>futura,</strong></span> <span class='ocrx_word' id='word_1_805' title='bbox 3154 5655 3402 5711; x_wconf 87' lang='lat' dir='ltr'><strong>deinde:</strong></span> 
     </span>
    </p>
   </div>
   <div class='ocr_carea' id='block_1_122' title="bbox 1832 5725 2691 5797">
    <p class='ocr_par' dir='ltr' id='par_1_122' title="bbox 1832 5725 2691 5797">
     <span class='ocr_line' id='line_1_124' title="bbox 1832 5725 2691 5797; baseline -0.006 -16"><span class='ocrx_word' id='word_1_806' title='bbox 1832 5731 1942 5797; x_wconf 80' lang='lat' dir='ltr'><strong>fore</strong></span> <span class='ocrx_word' id='word_1_807' title='bbox 1980 5739 2036 5779; x_wconf 88' lang='lat' dir='ltr'><strong>ut</strong></span> <span class='ocrx_word' id='word_1_808' title='bbox 2066 5729 2303 5795; x_wconf 78' lang='lat' dir='ltr'><strong>patiatur</strong></span> <span class='ocrx_word' id='word_1_809' title='bbox 2325 5725 2547 5783; x_wconf 85' lang='lat' dir='ltr'><strong>cladem.</strong></span> <span class='ocrx_word' id='word_1_810' title='bbox 2585 5736 2691 5779; x_wconf 91' lang='lat' dir='ltr'><strong>etc.</strong></span> 
     </span>
    </p>
   </div>
   <div class='ocr_carea' id='block_1_123' title="bbox 1905 5796 3406 5865">
    <p class='ocr_par' dir='ltr' id='par_1_123' title="bbox 1905 5796 3406 5865">
     <span class='ocr_line' id='line_1_125' title="bbox 1905 5796 3406 5865; baseline 0.001 -13"><span class='ocrx_word' id='word_1_811' title='bbox 1905 5799 2012 5865; x_wconf 69' lang='grc'>(40)</span> <span class='ocrx_word' id='word_1_812' title='bbox 2046 5800 2121 5852; x_wconf 88' lang='lat' dir='ltr'><strong>lta</strong></span> <span class='ocrx_word' id='word_1_813' title='bbox 2148 5798 2435 5865; x_wconf 86' lang='lat' dir='ltr'><strong>scriptum.</strong></span> <span class='ocrx_word' id='word_1_814' title='bbox 2468 5797 2561 5849; x_wconf 87' lang='lat' dir='ltr'><strong>sed</strong></span> <span class='ocrx_word' id='word_1_815' title='bbox 2613 5811 2716 5848; x_wconf 88' lang='lat' dir='ltr'><strong>una</strong></span> <span class='ocrx_word' id='word_1_816' title='bbox 2768 5810 2923 5849; x_wconf 89' lang='lat' dir='ltr'><strong>voce.</strong></span> <span class='ocrx_word' id='word_1_817' title='bbox 2966 5796 3161 5865; x_wconf 84' lang='lat' dir='ltr'><strong>Inepte</strong></span> <span class='ocrx_word' id='word_1_818' title='bbox 3216 5808 3406 5856; x_wconf 83' lang='lat' dir='ltr'><strong>autem</strong></span> 
     </span>
    </p>
   </div>
   <div class='ocr_carea' id='block_1_124' title="bbox 1837 5866 2905 5937">
    <p class='ocr_par' dir='ltr' id='par_1_124' title="bbox 1837 5866 2905 5937">
     <span class='ocr_line' id='line_1_126' title="bbox 1837 5866 2905 5937; baseline -0.003 -14"><span class='ocrx_word' id='word_1_819' title='bbox 1837 5873 2101 5924; x_wconf 43' lang='lat' dir='ltr'><strong>allieisfat</strong></span> <span class='ocrx_word' id='word_1_820' title='bbox 2138 5867 2248 5936; x_wconf 83' lang='lat' dir='ltr'><strong>hic,</strong></span> <span class='ocrx_word' id='word_1_821' title='bbox 2281 5868 2324 5920; x_wconf 90' lang='lat' dir='ltr'><strong>si</strong></span> <span class='ocrx_word' id='word_1_822' title='bbox 2356 5868 2468 5937; x_wconf 85' lang='lat' dir='ltr'><strong>ipse</strong></span> <span class='ocrx_word' id='word_1_823' title='bbox 2499 5866 2571 5919; x_wconf 88' lang='lat' dir='ltr'><strong>ita</strong></span> <span class='ocrx_word' id='word_1_824' title='bbox 2591 5868 2905 5935; x_wconf 84' lang='lat' dir='ltr'><strong>scripserat.</strong></span> 
     </span>
    </p>
   </div>
   <div class='ocr_carea' id='block_1_125' title="bbox 2978 5964 3051 6027">
    <p class='ocr_par' dir='ltr' id='par_1_125' title="bbox 2978 5964 3051 6027">
     <span class='ocr_line' id='line_1_127' title="bbox 2978 5964 3051 6027; baseline 0.027 -2"><span class='ocrx_word' id='word_1_825' title='bbox 2978 5964 3051 6027; x_wconf 76' lang='grc'><strong>34</strong></span> 
     </span>
    </p>
   </div>
  </div>
