4146 6436
699 364 834 426 1075

1977 353 2294 413 JUSEPHI
2334 353 2644 413 GENESII

3835 361 3963 424 1076

692 488 818 543 qua:
873 487 1072 526 nomen
1108 468 1320 538 accepit
1374 485 1402 521 a
1462 482 1590 520 casu
1647 463 2092 533 Bellemphontis
2147 464 2278 518 illuc

2393 463 2477 515 mi
2511 465 2646 533 πρῖις
2701 463 2761 515 τὸ
2793 465 2838 494 ⁷⁸
2870 464 3085 536 Ταρσοῦ
3121 465 3217 534 τῆς
3248 467 3492 531 Κῦςικος,
3543 470 3663 538 ἥτις
3722 471 3799 540 (4)
3835 472 3963 524 ὠνό-

692 563 924 633 profecti
956 570 1011 615 et
1062 562 1116 615 in
1169 560 1354 630 planta
1393 557 1571 627 pedis,
1606 573 1729 626 qua:
1795 555 1996 624 ταρσὸς
2049 554 2277 619 dicitur,

695 655 904 724 aliquid
941 653 1112 722 passi,
1141 661 1241 707 aut
1274 651 1423 720 quod
1448 650 1664 704 Taurus
1692 662 1851 701 mons
1877 646 2100 702 Tersias
2126 647 2280 702 dice-

696 756 856 801 retur
891 746 1174 815 primitus,
1204 744 1332 813 quia
1368 744 1584 813 primus
1622 742 1861 796 siccatus
1891 739 2086 794 fuisset
2127 749 2281 808 post-

693 856 858 911 quam
891 850 1036 895 terra
1065 839 1275 894 diluvio
1308 842 1507 892 obruta
1540 837 1751 890 fuerat:
1778 835 1886 906 67
1919 833 2106 904 τέρσαι
2134 833 2280 887 enim

693 933 969 1004 significat
1005 932 1234 986 siccare.
1285 932 1381 984 Est
1415 938 1600 983 autem
1656 928 1774 981 haec
1829 926 1962 980 urbs
1996 926 2280 992 depressa,

692 1024 957 1094 quoniam
1014 1023 1230 1079 Taurus
1291 1023 1450 1090 longe
1510 1021 1728 1089 lateque
1786 1017 2120 1085 conspicuus
2174 1023 2282 1079 est,

691 1121 923 1189 ejusque
971 1117 1210 1172 collibus
1259 1124 1435 1185 septa.
1469 1114 1572 1168 Per
1628 1113 1768 1166 hanc
1823 1109 2060 1164 mediam
2105 1107 2286 1162 ﬂuens

692 1209 920 1280 Cydnus
971 1207 1270 1263 fecundam
1310 1205 1481 1260 efficit
1533 1214 1757 1258 terram.
1793 1201 2026 1256 Condita
2064 1201 2169 1254 fuit
2216 1199 2285 1252 ab

693 1299 1083 1364 Erichthonio,
1106 1305 1375 1368 occupata
1399 1297 1468 1350 ab
1492 1297 1719 1358 Orsane,
1745 1308 1856 1346 uno
1879 1308 1945 1347 ex
1971 1291 2283 1352 Titanibus,

693 1403 750 1446 et
779 1401 1109 1447 restaurata.
1138 1391 1264 1445 Fuit
1294 1397 1480 1442 autem
1511 1388 1642 1442 olim
1671 1386 1860 1457 Cydno
1885 1384 2052 1439 ﬂuvio
2085 1384 2284 1446 insula,

695 1501 819 1554 qua:
851 1485 948 1538 illo
989 1483 1237 1552 undique
1265 1482 1508 1535 allucnte
1537 1481 1590 1534 in
1631 1480 1774 1533 hane
1801 1478 2030 1532 formam
2064 1477 2285 1529 redacta

695 1587 798 1632 est.
830 1578 958 1633 Sive
984 1578 1173 1648 potius
1199 1591 1228 1629 a
1260 1573 1623 1628 Semiramide
1647 1571 1950 1625 instaurata
1974 1579 2029 1623 et
2057 1568 2288 1638 diligen-

699 1672 810 1725 tius
841 1672 1062 1725 condita
1098 1670 1224 1734 fuit,
1257 1669 1418 1737 cujus
1444 1665 1738 1736 imaginem
1778 1665 1943 1718 etiam
1991 1663 2100 1715 illic
2132 1663 2286 1714 aiunt

697 1762 1009 1816 dedicatam
1063 1759 1311 1824 Herculi,
1364 1759 1670 1812 adstantem
1721 1756 1864 1810 Nino
1918 1753 2116 1806 marito
2145 1767 2282 1816 sun;

2384 573 2588 625 μασται
2617 559 2683 627 τῇ
2711 555 2916 610 πτώσει
2940 557 3372 629 Βελλεροφόντου
3396 561 3576 614 ἐκεῖσε
3607 565 3964 633 φοιτήσαντος

2382 650 2474 702 καὶ
2529 649 2669 703 κατὰ
2703 649 2795 702 τὸν
2854 650 3057 720 ταρσὸν
3112 651 3544 722 πεπονθότοςοῆ
3601 655 3812 723 Τερσὸς
3863 658 3966 708 ἀπὸ

2381 742 2475 796 τοῦ
2508 741 2722 811 Ταῦρον
2749 741 2794 773 ⁷⁸
2819 741 2896 812 (5)
2918 742 2979 794 τὸ
3007 742 3133 812 ὄρος
3156 743 3395 813 Τερσίαν
3412 745 3710 814 κεκλῆσθαι
3733 748 3795 798 τι
3817 751 3965 816 πρὶν,

2384 834 2472 886 διὰ
2502 834 2564 886 τὸ
2595 834 2813 903 πρῶτον
2833 835 3214 907 ἀνικμωθῆναι
3242 837 3376 889 αὐτὸ
3430 838 3823 904 κατακλυσμοῦ
3883 840 3971 903 ἐξο

2385 927 2760 994 υδατωθείσης
2804 928 2939 996 γῆς’
2969 928 3164 998 τέρσαι
3206 929 3316 998 γὰρ
3355 930 3416 981 τὸ
3446 930 3783 1000 ἀναξηρᾶναι
3821 933 3865 960 ⁷⁷
3900 933 3968 999 (Li)

2383 1019 2624 1087 λέγεται.
2667 1019 2937 1090 ’Υπάρχει
2987 1020 3045 1072 δὲ
3079 1019 3219 1089 αῦτη
3251 1021 3582 1092 παράδυτος,
3616 1021 3695 1090 τῷ
3753 1024 3974 1090 ἐμφανῆ

2384 1105 2527 1164 εἶναι
2548 1111 2642 1164 τὸν
2668 1109 2885 1180 Ταῦρον
2911 1110 3007 1163 καὶ
3023 1110 3217 1162 τούτου
3235 1114 3348 1174 τοῖς
3383 1111 3640 1181 γηλόφοις
3665 1113 3971 1181 εἴργεσθαι,

2385 1199 2592 1268 ταύτης
2625 1199 2681 1254 δέ
2695 1200 2787 1252 διὰ
2810 1201 2981 1269 μέσου
3003 1200 3211 1254 Κύδνον
3237 1201 3330 1253 τὸν
3353 1202 3603 1271 ποταμὸν
3617 1202 3879 1254 ὁδεύοντα
3898 1202 3974 1272 (7)

2387 1290 2620 1362 εῦφορον
2653 1291 3024 1361 χρηματίζειν
3050 1290 3153 1362 τὴν
3189 1291 3396 1362 χώραν.
3431 1293 3541 1345 Καὶ
3566 1294 3672 1360 μὴν
3705 1293 3978 1361 ὑπὺἙριο

2389 1382 2604 1453 χθονίου
2647 1383 2881 1447 κτίσεως
2908 1384 3186 1454 ἐτετεύχει
3220 1384 3322 1456 (8),
3354 1386 3660 1454 κατεσχέθη
3711 1386 3768 1437 δὲ
3824 1387 3978 1453 παρὰ

2401 1476 2666 1546 Ὀρσάνου
2689 1477 2810 1540 ἐνὸς
2837 1477 2948 1529 τῶν
2978 1477 3224 1530 Τιτάνων
3267 1477 3359 1530 καὶ
3382 1479 3708 1539 ἐπικτίσεως
3735 1477 3974 1545 εἴληχεν.

2387 1564 2498 1621 Ἦν
2522 1569 2579 1621 δὲ
2613 1569 2781 1624 πάλαι
2812 1569 3008 1637 Κύδνῳ
3039 1569 3117 1637 τῷ
3152 1569 3388 1640 ποταμῷ
3415 1569 3490 1639 (9)
3520 1572 3707 1638 νῆσος,
3735 1571 3861 1637 ἥτις
3886 1569 3976 1619 ὑπ’

2390 1660 2556 1712 αὑτοῦ
2591 1660 3034 1731 περικλυζομένη
3094 1662 3174 1723 εἰς
3205 1659 3306 1732 τὴν
3363 1661 3459 1713 νῦν
3493 1660 3642 1714 θέσιν
3687 1660 3974 1730 ἐλήλυθεν.

2394 1755 2515 1806 Εῐτε
2544 1752 2656 1824 (10)
2682 1754 2834 1824 παρὰ
2870 1754 3234 1824 Σεμιράμεως
3259 1753 3562 1820 ἐπισκευῆς
3597 1753 3692 1805 καὶ
3720 1752 3977 1820 οἰκισμοῦ

700 1862 890 1921 postea
918 1853 1103 1906 diruta
1135 1847 1733 1919 transmigrationibus,
1763 1861 1792 1898 a
1821 1844 2192 1912 Sardanapan
2222 1859 2287 1898 ex

2394 1845 2640 1916 μείζονος
2672 1846 2995 1917 εὐτύχησεν,
3033 1847 3205 1916 αὐτῆς
3228 1864 3287 1898 τε
3314 1844 3426 1916 (11)
3455 1844 3642 1897 είκόνα
3671 1844 3856 1896 ἐκείσέ
3881 1861 3980 1910 φα-

701 1943 1064 1996 fundamento
1100 1957 1206 1995 una
1235 1955 1360 1995 cum
1387 1939 1657 1994 Anchiala
1684 1938 1868 1991 denuo
1902 1937 2145 2001 condita,
2173 1937 2288 2006 qui~

700 2033 807 2086 bus
859 2032 1156 2102 inscriptio
1184 2032 1328 2085 facta
1364 2047 1378 2085 :
1417 2029 1527 2084 Rex
1554 2029 1742 2083 Ninive
1785 2028 2204 2097 Anacyndaraxi
2247 2029 2284 2097 f.

700 2139 807 2177 uno
829 2122 913 2176 die
935 2123 1160 2177 Tarsum
1183 2132 1231 2176 et
1257 2121 1575 2177 Anchialum
1595 2121 1891 2188 azdiﬁcavit.
1913 2120 2087 2175 Porro
2117 2119 2288 2174 filium

698 2229 863 2268 suum
924 2230 1279 2269 amerumnes
1333 2213 1599 2283 prmmisit
1633 2228 1824 2267 versus
1852 2213 2123 2266 orientem
2163 2228 2287 2267 cum

699 2305 938 2360 maxime
964 2306 1330 2360 orientalibus
1355 2315 1411 2360 et
1443 2303 1690 2358 strenuis
1720 2304 1938 2367 Turcis,
1972 2305 2063 2374 qui
2095 2313 2152 2358 et
2185 2304 2287 2373 ipsi

701 2398 866 2451 vicini
904 2407 1085 2463 erant,
1141 2398 1208 2453 ad
1243 2397 1435 2452 decem
1497 2397 1668 2451 millia
1717 2396 1986 2459 virorum,
2029 2397 2289 2467 adjuncto

703 2488 1094 2542 Armeniorum
1123 2488 1386 2542 universo
1431 2486 1703 2549 exercitu,
1747 2495 1806 2540 et
1847 2485 2288 2555 Besparacanita,

702 2580 821 2649 ipso
852 2582 1024 2635 etiam
1053 2579 1195 2634 duce
1226 2579 1454 2642 dueum,
1487 2588 1544 2632 et
1586 2578 1786 2632 Amere
1819 2585 1951 2631 tunc
1995 2578 2289 2633 Melitenen

700 2674 1159 2739 administrante,
1213 2675 1308 2744 qui
1367 2671 1511 2741 apud
1557 2673 1918 2726 Daximonem
1977 2675 2289 2742 congregati

701 2774 880 2820 castra
909 2773 1240 2836 posuerunt.
1274 2764 1331 2819 Id
1367 2764 1514 2818 enim
1552 2763 1770 2818 consilii
1814 2763 2085 2818 dederant
2125 2764 2292 2819 Ame-

705 2860 960 2912 ramnuni
1014 2858 1113 2929 qui
1165 2871 1290 2911 cum
1343 2857 1463 2926 ipso
1514 2865 1694 2920 erant,
1726 2864 1786 2910 ut
1813 2857 1931 2924 ejus
1981 2856 2126 2910 ﬁlius
2166 2872 2291 2911 cum

704 2945 920 3001 idoneis
945 2947 1124 3016 copiis
1149 2945 1310 3016 prior
1338 2947 1538 3008 exiret,
1577 2963 1596 2997 ι
1643 2944 1700 2999 Si
1729 2946 1774 2998 is
1799 2944 2019 3008 vicerit,
2059 2963 2077 2996 ι
2112 2945 2295 3000 dicen-

706 3048 810 3102 tes,
841 3058 859 3090 ι
901 3040 1010 3093 erit
1040 3049 1096 3093 et
1123 3054 1295 3109 penes
1335 3047 1388 3094 te
1419 3038 1648 3092 victoria
1679 3057 1691 3090 :
1721 3038 1808 3093 sin
1853 3038 2060 3102 minus,
2095 3038 2292 3093 saltem

705 3133 856 3187 salus
883 3143 939 3187 et
962 3133 1348 3187 incolumitas.
1388 3151 1406 3184 ι

2394 1955 2476 1990 σιν
2496 1936 2856 2005 ἁφωσιῶσθαι
2890 1939 2936 1970 ⁷⁸
2952 1937 3031 2009 τῷ
3062 1938 3344 2009 Ἠρακλεῖ,
3374 1937 3795 2008 παρισταμένην
3833 1937 3982 2003 Νίνῳ

2389 2029 2469 2099 τῷ
2495 2029 2703 2100 ταύτης
2733 2030 2918 2100 ἀνδρί·
2952 2030 3094 2101 μετὰ
3115 2030 3172 2084 δέ
3193 2030 3355 2084 τοῦτο
3380 2029 3770 2099 ἐρειπιωθεῖσα
3797 2029 3844 2058 τ’
3864 2032 3981 2090 ταῖς

2394 2124 2752 2192 μετοικήσεσι
2793 2123 2946 2195 παρὰ
3000 2123 3436 2196 Σαρδαναπάλου
3485 2124 3550 2176 ἐκ
3605 2122 3827 2192 βάθρων
3888 2124 3986 2173 σὺν

2410 2215 2674 2286 Ἀγχιάλῃ
2723 2217 3059 2282 ἀνέκτισται,
3119 2216 3207 2285 ἐφ’
3255 2211 3345 2280 αἷς
3393 2217 3829 2286 ἐπιγέγραπται·
3887 2217 3984 2267 Νιο-

2392 2305 2891 2373 νευὴςβασιλεὺς
2905 2307 3421 2376 Ἀνοκυνδοράξου
3438 2306 3578 2372 παῖς
3593 2305 3781 2375 ἐνμιῇ
3798 2305 3988 2375 ἡμέρᾳ

2399 2400 2630 2466 Ταρσόν
2662 2416 2727 2454 τε
2761 2403 2862 2454 καί
2899 2400 3216 2470 Ἀγχιάλην
3247 2401 3485 2470 ἔδειμεν
3515 2401 3560 2431 ⁸ο
3586 2400 3721 2470 (12).
3769 2400 3880 2452 Τὸν
3931 2399 3988 2451 δέ

2394 2491 2524 2543 ίδιον
2563 2490 2678 2543 υἱὸν
2704 2493 2731 2544 ὁ
2761 2493 3120 2563 ἀμερουμνὶμ
3172 2493 3283 2562 (15)
3320 2492 3709 2563 προεξέπεμψε
3742 2492 3888 2544 κατὰ
3931 2493 3990 2543 τὸ

2395 2581 2532 2651 πρὸς
2568 2582 2832 2653 ἀνατολὴν
2864 2585 2964 2637 σὺν
2995 2586 3113 2646 τοῖς
3137 2584 3629 2647 ἀνατολικωτάτοις
3657 2583 3768 2636 τῶν
3798 2583 3992 2652 ἀνδρι-

2395 2675 2508 2726 κῶν
2559 2675 2842 2745 Τούρκων,
2883 2677 2979 2729 καὶ
3006 2677 3192 2740 αὐτοῖς
3231 2677 3632 2745 γειτνιάζουσιν
3659 2676 3800 2749 (14),
3858 2677 3992 2746 ἄχρι

2395 2766 2653 2836 χιλιάδων
2701 2767 2756 2832 ι’,
2813 2768 2954 2838 μετὰ
3002 2769 3184 2839 πάσης
3221 2770 3322 2839 τῆς
3380 2769 3441 2834 ἐξ
3479 2769 3786 2838 ’Δρμενίων
3819 2785 3992 2838 στρα-

2393 2862 2515 2924 τιᾶς
2547 2861 2683 2932 (l5),
2716 2860 2813 2914 τοῦ
2859 2879 2918 2915 τε
2956 2864 3465 2932 Βεσπαρακανίτου,
3526 2862 3624 2915 καὶ
3669 2861 3843 2914 αὑτοῦ
3890 2861 3994 2913 τοῦ

2395 2955 2656 3025 ἄρχοντος
2683 2955 2794 3007 τῶν
2851 2955 3155 3025 ἀρχόντων,
3187 2956 3283 3009 καὶ
3319 2957 3498 3026 Ἀμερ
3532 2955 3644 3026 (16)
3676 2955 3994 3024 τηνικαῦτα

2395 3042 2495 3111 τὴν
2522 3043 2838 3113 Μελιτηνὴν
2861 3043 2907 3075 ⁸¹
2955 3043 3260 3110 διέποντος,
3299 3045 3350 3097 οἳ
3385 3045 3527 3098 κατὰ
3573 3045 3668 3098 τὸν
3729 3046 3994 3114 Δαξιμῶ-

2395 3150 2462 3186 να
2495 3134 2542 3166 ”
2579 3135 2692 3205 (l7)
2727 3136 3081 3206 συνήχθησαν
3127 3137 3757 3207 στρατοπεδευσάμενοι.
3800 3138 3994 3200 Οὕτως

706 3228 817 3296 γὰρ
851 3227 946 3280 τοῦ
985 3225 1378 3296 ἀμεραμνουνῆ
1436 3227 1486 3279 oi
1538 3225 1644 3278 ὑπὸ
1674 3227 1832 3296 χεῖρα
1871 3224 2070 3295 βουλὴν
2109 3225 2452 3279 συντιθέασιν
2506 3228 2641 3299 (18),
2699 3230 2791 3283 τὸν
2835 3232 2936 3300 μὲν
2989 3231 3156 3285 αὐτοῦ
3206 3233 3322 3286 υίὺν
3392 3236 3532 3303 μετὰ
3591 3239 3992 3305 προσηκούσης

705 3317 1020 3386 προεξιὲναι
1041 3318 1355 3387 δυνάμεωςο
1391 3335 1410 3368 ι
1442 3318 1554 3371 Καὶ
1586 3319 1634 3370 εί
1662 3319 1763 3388 μὲν
1789 3311 1942 3380 οὗτος
1979 3318 2288 3389 νικήσειεν,
2319 3319 2475 3374 ἔσται
2505 3323 2602 3375 καὶ
2627 3323 2710 3374 σοὶ
2742 3325 3062 3394 νικητήριον
3089 3341 3102 3353 ·
3155 3327 3202 3378 εί
3237 3325 3294 3378 δέ
3318 3328 3392 3396 ξγε
3459 3328 3520 3379 τὸ
3569 3329 3842 3394 ἐναντίον,
3889 3331 3994 3383 κᾶν

706 3408 766 3459 τὸ
808 3409 1078 3477 σωτήριον
1099 3409 1232 3477 (111).
1279 3427 1298 3459 ι

775 3502 889 3573 68
916 3501 1010 3557 llis
1042 3503 1250 3558 auditis
1273 3503 1618 3573 Theophilus
1643 3517 1839 3556 eorum
1869 3504 1962 3572 qui
1990 3519 2058 3557 ex
2079 3504 2287 3559 oriente

2471 3502 2656 3556 Ταῦτα
2678 3504 2938 3573 Θεόφιλος
2960 3505 3272 3577 διακηκοὼς
3292 3505 3357 3560 ἐκ
3375 3523 3433 3558 τε
3454 3505 3564 3561 τῶν
3583 3508 3860 3577 ἀνατολῆς
3879 3495 3992 3577 (ΞΟ)

707 3595 925 3647 collecti
955 3606 1116 3648 erant
1145 3602 1202 3649 et
1226 3611 1293 3649 ex
1317 3595 1628 3659 occidente,
1677 3609 1780 3648 nec
1810 3610 1921 3648 non
1971 3596 2288 3662 Persarum,

708 3694 1007 3756 congregat
1054 3688 1384 3742 exercitum.
1419 3688 1590 3741 Porro
1636 3702 1703 3739 ex
1741 3685 1896 3756 Syria
1937 3685 2156 3741 Mauuel
2205 3703 2294 3741 re-

709 3777 908 3841 dierat,
943 3779 1350 3848 pristinamque
1379 3778 1767 3847 praefecturam
1797 3777 2118 3832 scholarum
2151 3778 2296 3832 obti-

709 3871 899 3927 nebat.
932 3872 1232 3941 Progresso
1263 3879 1448 3926 autem
1478 3871 1726 3926 exercitu
1759 3869 1827 3924 ad
1874 3870 2087 3935 Anzen,
2111 3871 2295 3926 locum

709 3963 786 4017 ita
849 3961 1082 4027 dictum,
1135 3963 1314 4016 voluit
1365 3965 1668 4032 imperator
1723 3961 1981 4015 hostilem
2041 3971 2294 4031 spectare

710 4055 1042 4109 exercitum.
1083 4054 1186 4120 Qui
1214 4055 1268 4107 in
1311 4055 1491 4107 locum
1539 4053 1835 4123 quemdam
1866 4053 2078 4106 editum
2115 4069 2144 4106 a
2181 4052 2294 4106 Ma-

713 4146 876 4201 nuele
901 4147 1196 4212 adductus,
1226 4147 1346 4215 ipso
1387 4147 1589 4200 intuitu
1618 4146 1856 4216 conjecit
1889 4144 2292 4201 Saracenorum

2401 3597 2804 3666 ἀγηγερμένων
2831 3598 2878 3628 ⁸³
2912 3597 3004 3649 καὶ
3049 3597 3260 3660 δύσεως
3312 3600 3406 3650 καὶ
3439 3600 3669 3668 Περσῶν
3699 3602 3990 3668 ἐπαγείρει

2405 3688 2770 3758 στρατόπεδον
2792 3703 2804 3716 ·
2828 3684 2896 3757 ἦν
2916 3688 2973 3742 δέ
2992 3689 3101 3743 ἀπὸ
3118 3689 3323 3759 Συρίας
3338 3693 3365 3742 ὁ
3385 3690 3643 3758 Μανουὴλ
3659 3693 3860 3744 νεωστὶ
3879 3691 3989 3760 (21)

2403 3779 2742 3851 ἐξεληλυθὼς
2775 3781 2870 3833 καὶ
2915 3784 3016 3851 τῆς
3050 3782 3158 3852 πρὸ
3189 3784 3289 3852 τῆς
3331 3782 3513 3852 φυγῆς
3557 3785 3990 3853 στρατηγήπως

2404 3873 2527 3926 τότε
2561 3873 2671 3926 τῶν
2707 3873 2912 3944 σχολῶν
2960 3873 3074 3944 (2‘2)
3104 3875 3442 3946 προστασίας
3493 3875 3986 3945 μεταποιούμενος.

2407 3965 2694 4036 Προϊόντος
2715 3965 2807 4018 οῦν
2830 3966 2925 4018 τοῦ
2946 3966 3315 4037 στρατοπέδου
3339 3966 3481 4020 κατᾶ
3509 3967 3604 4020 τὸν
3637 3968 3986 4037 Ἀνζὴνβὸ).

2398 4055 2544 4109 οὕτω
2590 4057 2792 4127 χωρίον
2827 4056 3197 4127 καλούμενον,
3235 4059 3520 4131 προῃρέθη
3580 4060 3608 4109 ὁ
3638 4059 3901 4128 βασιλεὺς
3932 4059 3988 4109 τὸ

2398 4147 2509 4200 τῶν
2540 4149 2808 4202 ἐναντίων
2847 4149 3153 4204 θεάσασθαι
3208 4151 3525 4220 στράτευμα
3562 4151 3677 4221 (24)
3703 4168 3714 4179 ·
3754 4151 3814 4203 ὃν
3854 4151 3991 4203 κατά

1997 4283 2234 4340 νΑΒΗΕ
2274 4284 2679 4344 LECTIONES.

784 4400 830 4430 ⁷⁸
858 4397 940 4467 τὸ)
976 4397 1162 4466 potius
1203 4397 1308 4467 adt,
1361 4397 1456 4451 sed
1489 4397 1641 4451 deest
1680 4399 1933 4452 verbum.

715 4471 757 4500 ”
787 4466 1157 4539 ὲρῤιπωθείσα
1193 4466 1256 4521 L.

2042 4401 2086 4432 το
2126 4399 2237 4432 Τηῧ

1361 4397 1456 4451 sed
1489 4397 1641 4451 deest
1680 4399 1933 4452 verbum.
2042 4401 2086 4432 "
2126 4397 2362 4469 Ταῦρον]
2413 4400 2618 4470 ταύρου
2655 4401 2717 4454 ι..
2830 4401 2876 4430 ⁷⁷
2906 4399 3077 4468 ἁναξη
3121 4401 3154 4453 ά

1334 4468 1381 4500 ⁸ο
1402 4468 1604 4537 ἐδημεν
1627 4467 1688 4521 L.
1767 4468 1810 4499 "
1850 4469 2130 4539 μελιτίνην
2156 4469 2217 4522 L.
2293 4471 2339 4501 "
2357 4471 2643 4540 δοξημῶνα
2662 4471 2723 4531 L,
2748 4469 3059 4539 Δαζημῶνα

2413 4400 2618 4470 ταύρου
2655 4401 2717 4454 L.
2830 4401 2876 4470 ’ξ’
2906 4399 3280 4470 ἁναξηρᾲνθαι
3318 4401 3378 4454 L.
3492 4400 3535 4432 ⁷⁸
3560 4400 3904 4468 ἀφοσιῶσθαι
3928 4399 3987 4452 L.

3231 4471 3277 4502 ⁸³
3304 4473 3715 4539 ἀγειγερμένων
3739 4470 3801 4524 L.

1921 4586 2168 4642 STEPH.
2194 4587 2546 4643 BERGLERI
2573 4583 2804 4641 ΝΟΤΑΕ.

785 4705 860 4773 (1)
896 4704 978 4757 lta
1000 4702 1206 4772 scripta
1228 4701 1342 4755 haec
1364 4711 1512 4757 sunt.
1547 4703 1954 4758 Parentheseos
1982 4703 2136 4772 signa
2174 4702 2293 4773 ipse
2326 4706 2372 4765 υ
2402 4719 2455 4772 p.
2495 4703 2619 4756 550.

713 4776 840 4829 feci.
892 4776 987 4828 Est
1014 4781 1198 4827 autem
1227 4773 1547 4843 satis_longa
1576 4784 1646 4838 (et
1698 4773 2108 4841 intempestiva.
2141 4774 2290 4827 Fini-

713 4856 804 4899 tur
843 4853 1028 4898 autem
1069 4859 1139 4915 _p.
1194 4843 1296 4896 1⁵18
1325 4843 1378 4915 [⁸1
1426 4860 1480 4914 p.
1535 4843 1650 4914 67].
1682 4845 1872 4898 Voluit
1919 4843 2159 4915 fortasse
2193 4846 2292 4896 im-

714 4915 1017 4985 perfectam
1067 4913 1506 4985 hic_orﬁati'onem
1541 4913 1667 4985 post
1685 4915 2065 4983 parenthesin:
2114 4913 2296 4969 absol-

713 4983 869 5048 vere,
894 4987 990 5040 sed
1025 5001 1135 5039 non
1165 4983 1317 5037 fecit.

785 5056 862 5123 (5)
893 5057 970 5110 Ita
985 5056 1276 5123 scriptum,
1298 5069 1423 5125 eum
1444 5055 1920 5125 deberetTaGpw.
1941 5054 2167 5108 Αυιάπδ
2181 5053 2297 5118 τοῦ,

714 5126 947 5194 Ταῦρον.
984 5126 1076 5181 Sic
1111 5140 1275 5193 supra
1309 5123 1450 5178 forte
1471 5129 1605 5195 πρὸς
1627 5123 1842 5195 Ταρσὸν
1873 5126 2190 5195 legendum.

789 5196 865 5265 (6)
889 5197 963 5250 Ita
997 5195 1291 5266 scriptum,
1321 5213 1451 5261 non,
1481 5206 1541 5250 ut
1578 5196 1767 5262 debet,
1792 5196 2153 5267 ἀνεξηράνθαι
2176 5209 2300 5249 cum

714 5277 1032 5337 augmento.

787 5339 864 5403 (7)
900 5337 1061 5392 Deest
1106 5337 1329 5407 aliquod
1376 5337 1647 5399 verbum,
1685 5345 1744 5390 ut
1777 5337 1946 5405 φασὶν
1999 5344 2094 5390 aut
2145 5335 2302 5405 ἴσμεν

715 5413 810 5460 aut
835 5407 1036 5461 simile.

811 5477 864 5538 8)
901 5479 1124 5532 Deliria.
1161 5478 1308 5534 Nihil
1340 5486 1525 5548 potest
1554 5476 1671 5533 fieri
1695 5477 1940 5532 stultius.

811 5548 865 5617 9)
899 5548 1176 5617 Scriptum
1215 5547 1496 5617 ποταμῶν.
1533 5549 1702 5603 Error
1732 5564 1797 5604 ex
1825 5564 1941 5618 seq.
1972 5547 2155 5618 νῆσος.

820 5620 899 5671 tut
936 5620 1227 5675 Pueriliter
1258 5622 1554 5674 connectit.

818 5690 904 5761 11)
933 5690 1140 5761 Inepte.
1176 5693 1379 5746 Saltem
1406 5691 1640 5746 dixisset
1676 5686 1742 5761 ἧς
1773 5691 1885 5744 καί.

787 5760 902 5825 (12)
925 5760 1087 5814 Cont.
1120 5778 1172 5830 p.
1202 5763 1288 5816 78.

789 5831 900 5895 (15)
943 5832 1020 5885 lla
1048 5847 1194 5886 nunc
1232 5833 1523 5900 scriptum.
1551 5833 1689 5893 ilmo
1712 5831 2289 5901 dvpapoupvip.)Cedr.

2474 4775 2586 4838 (14)
2612 4773 2773 4827 Cout.
2802 4789 2858 4842 p.
2888 4773 2977 4834 78,
3007 4769 3173 4842 Qedr.
3205 4785 3259 4839 p.
3287 4770 3410 4842 550.

2473 4843 2586 4910 (15)
2609 4843 2770 4897 Cont.
2803 4839 2862 4912 ᾖ).
2898 4844 2988 4904 78,
3011 4840 3176 4912 Qedr.
3209 4855 3264 4908 p.
3295 4839 3424 4912 δῖός).

2477 4909 2589 4982 (I6)
2615 4913 2780 4968 Cont.
2808 4909 2863 4980 ᾗ).
2895 4912 2984 4972 78.
3006 4910 3179 4982 _Cedr.
3206 4925 3262 4979 p.
3284 4909 3417 4982 ξω.

2478 4978 2591 5054 (l7)
2622 4978 2899 5054 Scriptum
2924 4978 3252 5054 ΔδοζημῷναΔ
3283 4978 3421 5050 [imo
3468 4978 3810 5054 δοξημῶνα],
3850 4979 3996 5054 apud

2406 5049 2582 5110 cont.
2615 5049 2973 5122 Theophanis,
3029 5049 3323 5120 Δαζημόνα
3365 5065 3464 5120 per
3517 5049 3800 5114 omicron,
3856 5049 4001 5119 apud

2399 5124 2566 5181 Cedr.
2589 5140 2644 5193 p.
2675 5121 2800 5185 530’,
2838 5121 3182 5193 Δαζύμηνον.

2476 5192 2778 5264 (18)(ὶοιιι.
2808 5208 2866 5262 p.
2900 5192 2992 5264 78.

2474 5259 2586 5331 (19)
2615 5264 2776 5318 Cont.
2811 5259 2865 5331 ᾗ).
2898 5261 2989 5323 78,
3021 5259 3186 5316 Cedr.
3222 5277 3276 5330 p.
3303 5260 3433 5316 550.

2467 5335 2581 5405 (20)
2606 5334 2769 5389 Cont.
2798 5348 2852 5405 p.
2885 5331 2975 5384 79.

2475 5400 2588 5474 (2|)
2617 5405 2696 5458 lla
2728 5400 3026 5474 scriptum,
3053 5417 3166 5455 non
3193 5400 3409 5474 vacuari
3428 5401 3524 5474 (ξ).

2481 5468 2595 5547 (22)
2626 5468 2976 5544 Nempe—erat
3006 5471 3356 5525 Domesticus
3377 5468 3730 5535 Seholarum,
3755 5480 3817 5525 ut
3835 5468 4004 5525 Com.

2434 5562 2595 5688 ,(ξὲὸ)
2630 5617 2709 5671 Ita
2740 5624 2794 5670 et
2833 5614 2994 5688 Cont.
3019 5628 3101 5688 ‘p.
3139 5613 3229 5678 79,
3280 5612 3441 5688 ᾡςδὲ
3472 5613 3624 5688 κατα
3669 5612 3763 5688 τὴν
3803 5609 4006 5688 ’,ενζῇς

2408 5681 2806 5775 οῦτωζὶχῶροινν
2865 5681 3203 5753 καλούμενον
3282 5682 3518 5752 ἐγένετο.
3602 5683 3759 5752 Apud
3829 5681 4005 5736 Cedr.

2409 5775 2460 5828 p.
2496 5756 2859 5824 550,ἮἈνζίν.

2482 5830 2594 5896 (21)
2626 5829 2786 5885 Com.
2826 5845 2879 5898 p.
2912 5828 2997 5893 79,
3023 5825 3186 5882 Cedr.
3210 5841 3263 5895 p.
3296 5823 3417 5878 550.
