4146 6436
149 427 272 496 1081

1478 426 1749 487 REGUM
1790 426 1936 487 LIB.
1984 426 2097 486 IlI.

3267 421 3401 487 1082

146 543 334 610 κλῆσιν
358 537 702 610 ὶπευμοιρῶν
736 537 849 609 (56)
889 540 981 592 καὶ
1012 537 1132 599 ταῖς
1187 535 1250 590 ἐκ
1283 535 1547 605 βασιλέως
1576 536 1716 590 κατὰ

1828 538 2108 592 mulierem
2140 546 2199 592 ut
2226 547 2283 592 et
2306 535 2414 591 sibi
2460 535 2782 604 praediceret
2826 536 2927 605 71
2978 535 3187 590 futura.
3222 535 3400 600 Atque

146 632 439 706 πρεσϐείαν
484 632 671 700 τιμαῖς
718 629 1110 700 ἁϐρυνόμενος,
1148 628 1590 699 προσφθέγγεται
1641 629 1719 698 τῷ

142 725 347 793 γυναίῳ
372 725 516 793 ιρεῖν
554 722 650 775 καὶ
683 721 830 790 αύτῴ
883 721 950 774 τὰ
995 722 1251 790 ἐσόμενα.
1288 721 1361 772 Τὸ
1393 719 1449 772 δὲ
1488 720 1720 790 διαπρυ-

148 816 275 878 σίως
300 815 361 867 τὸ
394 814 586 884 μέλλον
632 810 1085 881 ὰποφοιϐἀζεται,
1125 811 1316 881 ὅτιπερ
1370 828 1389 861 ι
1449 810 1621 873 Αὐτὸς
1654 811 1717 863 σὺ

146 907 239 961 καὶ
276 905 347 959 τὰ
381 904 451 958 σὰ
482 904 650 958 τέκνα
677 904 792 975 (5³1)
819 903 1238 973 ἀποκαρήσεσθε
1300 902 1721 972 ἱερωθησὸμενοι

145 998 419 1070 κληρικῶν
440 998 824 1066 καταστήματι
843 996 935 1050 ἐπὶ
955 996 1357 1066 αὐτοκράτορος
1380 996 1681 1049 Βασιλείου.
1696 1014 1714 1047 ι

151 1094 214 1147 '0
247 1093 343 1147 καὶ
367 1092 589 1153 πάντως
622 1089 924 1159 ἐκϐέϐηκεν
948 1104 963 1119 ο
994 1087 1401 1158 προσοχθίσεως
1425 1088 1535 1159 γὰρ
1564 1089 1719 1159 βασι-

144 1185 300 1255 λικῆς
328 1181 479 1252 αὐτῷ
512 1182 931 1253 προπριψάσης
962 1179 1075 1251 (58)
1110 1179 1181 1232 τὰ
1231 1178 1335 1248 τῆς
1383 1179 1721 1249 προφητείας

147 1280 244 1332 σὺν
267 1277 337 1347 τῇ
364 1273 458 1328 τοῦ
495 1273 612 1344 βίου
636 1274 861 1342 τελευτῇ
894 1270 1270 1342 πεπεράτωτο.
1314 1270 1722 1341 Παραπλησίως

145 1364 239 1421 οὖν
288 1366 386 1419 καὶ
430 1364 649 1433 Νικήτᾳ
698 1361 803 1431 υἱῷ
847 1360 944 1414 τοῦ
1002 1360 1191 1425 αὐτοῦ,
1230 1359 1323 1413 ἐπὶ
1362 1359 1455 1412 τοῦ
1517 1356 1721 1412 εἰδικοῦ

149 1458 408 1530 σεκρίτου
439 1456 552 1527 (59)
606 1455 1006 1525 καθηγουμένῳ
1054 1454 1123 1520 ’⁸,
1160 1452 1254 1506 τοῦ
1303 1450 1571 1522 βασιλέως
1600 1451 1722 1503 ἑπι-

149 1548 538 1617 γογγύσαντος.
594 1547 668 1598 Οὐ
711 1544 817 1615 μὴν
871 1544 1009 1598 ἀλλὰ
1054 1544 1150 1597 καὶ
1198 1542 1459 1613 Γεωργίῳ
1501 1542 1581 1611 τῷ
1624 1540 1726 1605 τὰς

152 1638 554 1711 στρατιωτικὰς
578 1637 691 1708 (60)
713 1636 933 1699 δέλτους
956 1634 1395 1705 πεπιστευμένῳ,
1422 1634 1483 1698 ἐξ
1506 1627 1580 1688 ὧν
1613 1632 1726 1704 (61)

146 1728 491 1784 ἀπεκτάνθαι
543 1727 624 1799 τῷ
677 1727 819 1795 ξίφει
874 1727 968 1779 ἐπὶ
1017 1726 1277 1796 σφενδόνῃ
1335 1728 1400 1795 τῇ
1441 1725 1581 1779 κατὰ
1631 1722 1726 1776 τοῦ

148 1820 378 1877 ἱππικοῦ
429 1819 814 1891 ἀγωνίσματος
877 1818 974 1872 καὶ
1026 1820 1205 1872 πᾶσαν
1264 1816 1430 1871 αὐτοῦ
1490 1815 1727 1888 ὓπαρξιν

1824 630 1913 684 illa
1942 632 2089 684 clare
2126 629 2456 684 vaticinatur
2484 627 2617 697 quid
2669 631 2719 683 ei
2761 638 3090 682 eventurum
3124 635 3287 689 esset,
3318 626 3401 680 di-

1822 737 1987 777 cens:
2038 739 2056 772 I
2105 721 2184 775 Tu
2235 720 2508 789 liberique
2565 719 2643 774 tui
2702 717 3092 782 tondebimini,
3144 716 3401 772 sacrandi

1822 816 2152 870 clericorum
2200 814 2393 868 habitu
2427 824 2483 869 et
2528 821 2699 875 statu,
2752 812 3083 882 imperatore
3115 811 3335 865 Basilio.
3377 829 3397 862 ι

1821 908 1877 963 Id
1907 906 2055 978 quod
2090 907 2319 961 omnino
2344 907 2593 977 contigit.
2620 904 2758 961 Cum
2787 906 2933 959 enim
2959 906 3013 959 in
3037 904 3401 959 oﬁensionem

1822 1003 2174 1072 imperatoris
2237 1002 2583 1065 incurrisset,
2616 1002 2906 1071 praedictio
2958 1016 3084 1055 cum
3115 1002 3243 1055 vitae
3296 999 3404 1054 ﬁne

1821 1092 1989 1146 ﬁnem
2020 1094 2214 1148 sortita
2244 1100 2349 1147 est.
2376 1091 2642 1145 Similiter
2662 1092 2865 1146 Niceta:
2888 1089 3004 1145 tilio
3031 1092 3153 1160 ejus
3178 1088 3402 1159 speciali

1820 1193 2037 1239 secreto
2096 1185 2413 1255 prmposito,
2459 1200 2587 1240 cum
2644 1185 2944 1254 imperator
2992 1184 3400 1239 infremuisset:

1820 1293 1925 1332 nec
1959 1277 2142 1332 minus
2172 1276 2407 1349 Georgio
2434 1278 2521 1332 cui
2551 1277 2818 1331 militares
2853 1277 3049 1331 tabulae
3072 1274 3405 1331 concredita:

1822 1378 2020 1439 erant;
2070 1369 2189 1424 fore
2246 1369 2654 1425 interﬁceretur
2700 1369 2882 1442 gladio
2932 1368 2988 1423 in
3026 1369 3192 1422 funda
3244 1367 3402 1432 circi,

1822 1461 2115 1532 omnisque
2143 1463 2265 1535 ejus
2300 1462 2608 1517 substantia
2656 1464 2787 1517 ﬁsco
2840 1461 3197 1531 imperatorio
3245 1458 3403 1513 addi-

1824 1564 2062 1611 ceretur.
2088 1557 2295 1610 Praeter
2320 1556 2440 1609 haec
2469 1553 2725 1624 prredixit
2753 1552 2954 1608 mulier
2981 1551 3071 1605 illa
3097 1549 3407 1620 Theophila

1824 1647 2114 1717 imperium
2147 1656 2272 1715 post
2303 1654 2535 1702 mortem
2583 1646 2706 1716 ejus
2754 1645 2925 1700 ﬁlium
2956 1660 3055 1713 per
3087 1644 3236 1696 vices
3279 1655 3407 1696 eum

1826 1743 2001 1789 matre
2029 1741 2436 1803 suscepturum,
2463 1749 2715 1803 quosque
2746 1734 2862 1804 ipse
2898 1732 3241 1803 profanasset
3281 1732 3410 1784 ima-

1827 1826 2015 1897 ginum
2063 1826 2247 1881 cultus
2287 1825 2518 1897 gloriam
2561 1826 2831 1881 illustrem
2874 1834 3290 1885 consecuturos,-
3324 1824 3408 1891 ip-

142 1915 360 1987 ταμείῳ
383 1912 464 1984 τῷ
493 1912 759 1984 βασιλικῷ
789 1911 1110 1983 ἀνειλῆφθαι
1151 1910 1288 1983 (62).
1333 1909 1478 1981 Πρὸς
1515 1909 1726 1974 τούτοις

1829 1933 2061 1988 sumque
2093 1917 2463 1988 patriarcham
2505 1916 2835 1974 defectionis
2863 1915 3143 1971 infamiam
3193 1914 3412 1969 subitu—

144 2008 396 2061 ὶπειπεῖν
441 2005 504 2059 τὸ
556 2004 781 2074 γύναιον
840 2001 919 2073 τῷ
961 2001 1207 2072 Θεοφίλῳ
1262 1999 1578 2055 ἁποϐιοῦντι
1627 1998 1728 2071 τὴν

146 2098 428 2170 βασιλείαν
474 2097 567 2152 τδν
606 2096 773 2151 αύτοῠ
831 2094 949 2148 υἱὸν
997 2095 1142 2149 κατὰ
1181 2092 1469 2163 διαμοιϐὴν
1522 2093 1620 2145 σὺν
1660 2094 1728 2163 τῇ

139 2193 382 2264 τεκούσῃ
414 2187 815 2261 προσδέξασθαι
869 2185 1007 2258 (6'5),
1057 2187 1127 2242 τά
1169 2205 1227 2241 τε
1278 2187 1409 2256 παρ’
1441 2185 1604 2240 αὐτοῦ
1633 2203 1731 2256 χυ-

140 2282 446 2351 δαιούμενα
493 2281 602 2333 τῶν
651 2280 876 2335 εἰκόνων
907 2279 1231 2349 σεϐάσματα
1274 2280 1431 2349 δόξης
1492 2279 1726 2349 μεγαλο-

140 2373 389 2445 πρεποῦς
419 2370 739 2442 εὐτυχῆσαι,
787 2371 952 2424 αὐτὸν
1007 2388 1067 2423 τε
1092 2370 1184 2423 τὸν
1210 2370 1561 2440 πατριάρχην
1592 2369 1729 2422 καθ-

139 2470 353 2538 αιρέσει
403 2467 787 2539 διυϐρισθῆναι
817 2468 885 2521 ⁸⁷.
951 2466 1009 2519 '0
1051 2465 1144 2519 οὖν
1177 2465 1426 2535 βασιλεὺς
1456 2468 1569 2530 τοῖς
1592 2483 1724 2537 προ-

1829 2027 1974 2066 rum.
2002 2012 2192 2082 Itaque
2245 2011 2545 2082 imperator
2574 2011 2662 2067 his
2688 2010 3141 2081 praedictionibss
3188 2008 3411 2078 penitus

1828 2116 2146 2171 persuasus,
2184 2101 2546 2171 jurejurando
2595 2100 2931 2155 constrinxit
2977 2114 3204 2153 uxorem
3252 2112 3409 2151 suam

1827 2202 1882 2249 et
1912 2192 2292 2248 Theoctistum
2321 2193 2678 2263 logothetam,
2709 2201 2770 2247 ut
2795 2208 2902 2247 nec
2944 2191 3245 2261 quidquam
3296 2204 3412 2243 om-

1829 2287 1959 2340 nino
1990 2295 2204 2340 mutare
2233 2285 2501 2340 auderent
2524 2292 2645 2355 post
2668 2285 2787 2355 ejus
2813 2293 3045 2339 mortem
3072 2299 3263 2338 eorum
3290 2297 3411 2352 quae

1829 2377 1946 2446 ipse
1974 2377 2265 2443 sanxisset,
2297 2385 2353 2432 et
2384 2393 2454 2432 ne
2483 2376 2753 2432 Joannem
2788 2375 3014 2445 quidem
3055 2371 3411 2445 patriarchali

1833 2469 1965 2525 sede
1994 2470 2286 2539 pellerent.

138 2563 379 2633 λεχθεῖσι
410 2561 507 2615 καὶ
545 2562 603 2614 ὲν
652 2559 826 2631 τούτῳ
900 2560 1263 2631 πιστούμενος
1293 2566 1295 2574 ‘
1329 2561 1753 2631 κατηγγυάσατο
1802 2562 2090 2633 διορκώσει
2140 2563 2242 2632 τήν
2296 2580 2355 2615 τε
2409 2561 2574 2616 αὐτοῦ
2619 2561 2868 2631 γαμετὴν
2916 2559 3012 2615 καὶ
3071 2559 3163 2612 τὸν
3197 2556 3415 2626 λογοθὲ.

140 2675 242 2727 την
270 2653 725 2725 (64)Θεόκτιστον
763 2652 857 2707 τοῦ
893 2653 1061 2723 μηδὲν
1110 2653 1429 2725 ἑτεροιῶσαι
1486 2652 1881 2723 τετολμηκέναι
1929 2655 2065 2723 μετά
2113 2652 2215 2724 τὴν
2245 2652 2409 2706 αὐτοῦ
2455 2652 2711 2725 τελευτὴν
2779 2652 2887 2705 τῶν
2916 2649 3046 2721 παρ’
3099 2648 3261 2703 αὑτοῦ
3320 2649 3417 2699 ὲκ-

141 2748 591 2819 τεθεσπισμένων
619 2748 681 2801 τὸ
709 2748 927 2801 σύνολον
948 2748 1085 2817 (65),
1108 2748 1203 2801 καὶ
1233 2752 1371 2817 μήτε
1401 2747 1494 2802 τὸν
1535 2748 1775 2820 Ἰωάννη·
1826 2748 1907 2802 τοῦ
1938 2747 2337 2820 πατριαρχικοῦ
2379 2748 2648 2819 ὲξωθῆσαι
2681 2747 2793 2819 (66)
2822 2747 3133 2818 ἱδρύματος.

218 2847 339 2899 Οὐκ
361 2847 592 2916 ἠρεμεῖν
620 2844 678 2898 δὲ
720 2845 750 2898 ὁ
796 2843 1050 2914 βασιλεὺς
1083 2845 1362 2915 ὲκεκρίκει
1415 2845 1507 2897 ἐπὶ
1535 2847 1602 2915 τῇ
1632 2847 1729 2899 τοῦ

162 2939 424 3010 ’Δμορίου
445 2941 797 3010 καταστροφῇ
830 2930 1084 3008 χαλεπῶς
1112 2938 1413 3008 ἀνιώμενος
1441 2954 1455 2970 ·
1509 2939 1590 2991 διὸ
1638 2939 1733 2992 καὶ

151 3032 367 3086 στέλλει
394 3032 531 3102 πρὸς
549 3030 641 3084 τὸν
669 3030 814 3100 ρἧα
842 3030 1126 3102 Φραγγὶας
1151 3031 1245 3084 τὸν
1273 3030 1566 3099 πατρίκιον
1604 3030 1735 3084 Θεο-

146 3124 333 3177 δόσιον
362 3121 454 3176 τὸν
484 3125 548 3177 ἐκ
575 3121 959 3187 Βαϐουτζίκων
986 3122 1033 3154 ’³
1061 3122 1173 3191 (67)
1205 3122 1409 3191 φυέντα
1431 3124 1527 3176 καὶ
1564 3124 1732 3177 αὑτοῦ

146 3214 446 3283 ἀγχιστέα.
510 3212 606 3266 τοῦ
659 3212 780 3266 κατ’
851 3214 1175 3285 ἐπικουρίαν
1232 3213 1523 3268 συνθέσθαι
1585 3214 1735 3285 αὐτῷ

1901 2847 2074 2901 Porro
2098 2846 2402 2916 imperator
2426 2846 2656 2902 minime
2680 2844 3080 2916 quiescendum
3133 2840 3239 2897 sibi
3288 2853 3413 2897 esse

1829 2938 2076 2994 decrevit
2106 2948 2331 3009 propter
2374 2938 2583 2994 Amorii
2612 2938 2980 2994 eversionem.
3013 2936 3195 3002 Quare
3246 2932 3418 2988 mittit

1831 3030 1899 3086 ad
1938 3046 2121 3101 regem
2155 3031 2405 3087 Francia:
2442 3031 2817 3086 Theodosium
2858 3030 3153 3101 patricium
3201 3029 3307 3098 72
3348 3043 3415 3082 ex

1834 3121 2234 3176 Babuzicorum
2283 3121 2511 3187 familia,
2555 3120 2816 3177 afﬁnitate
2879 3123 2985 3177 sibi
3036 3125 3313 3193 junctum,
3356 3127 3417 3174 ut

1833 3214 2130 3268 auxiliares
2157 3214 2342 3283 copias
2376 3214 2445 3267 ab
2475 3228 2541 3268 eo
2572 3222 2921 3283 compararet
2962 3227 3306 3273 numerosas,
3353 3224 3417 3263 ac

148 3302 583 3373 πολυάνθρωπον
614 3302 950 3375 στράτευμα,
988 3304 1084 3357 καί
1113 3320 1266 3366 τινας
1303 3305 1727 3376 ὑποστρατήγων

1841 3306 1908 3359 dc
1930 3305 2167 3359 ducibus
2191 3306 2311 3374 ejus
2332 3305 2503 3374 aliqui
2529 3305 2787 3374 regiones
2815 3305 3089 3374 urbesque
3115 3304 3419 3360 Saracena-

148 3390 323 3445 αὐτοῦ
358 3391 549 3461 χωρῶν
609 3408 669 3444 τε
722 3391 819 3444 καὶ
867 3390 1076 3444 πόλεών
1129 3392 1283 3453 τινὰς
1337 3392 1727 3462 Σαρακηνικῶν

1840 3414 1961 3452 rum
1991 3398 2134 3453 inter
2165 3396 2392 3466 Libyam
2415 3405 2471 3452 et
2497 3396 2681 3452 Asiam
2710 3398 3131 3467 pepularentur.

146 3485 265 3537 τῶν
298 3482 503 3553 μεταξὺ
532 3482 742 3550 Λιϐύης
777 3482 887 3554 (68)
936 3483 1030 3536 καὶ
1073 3483 1257 3545 Ἀσίας
1284 3484 1734 3553 καταληΐσασθαι.

221 3577 307 3647 Τῇ
360 3574 418 3628 δὲ
469 3575 774 3646 προτεραίᾳ
820 3573 963 3627 κατὰ
1016 3574 1219 3644 Συρίαν
1272 3575 1563 3645 διατρίϐων
1624 3577 1736 3647 (69)

147 3667 178 3720 ὁ
218 3664 485 3736 Μανουὴλ
540 3664 599 3719 ἐν
657 3681 717 3717 τε
762 3663 937 3732 λόγων
987 3663 1337 3735 πολυπείρων
1373 3666 1585 3718 συνέσει
1643 3668 1739 3721 καὶ

144 3758 414 3829 πράξεων
440 3757 575 3829 περὶ
615 3755 812 3811 πολλοῦ
858 3756 1166 3826 ἐπεπόθητο
1192 3757 1272 3827 τῷ
1296 3774 1354 3810 τε
1377 3757 1606 3827 ἀρχηγῷ
1626 3758 1736 3812 τῶν

144 3850 476 3924 ’Δγαρηνῶν
527 3850 622 3904 καὶ
674 3850 789 3912 τοῖς
823 3848 973 3918 αύτῷ
1030 3848 1589 3919 παραδυναστεύουσι,
1640 3851 1736 3905 καὶ

146 3944 419 4008 πλείστας
483 3941 878 4013 ἀνδραγαθίας,
943 3940 1066 3996 καθ’
1132 3942 1258 3997 ὅσον
1312 3942 1505 4013 χρόνον
1557 3942 1737 3996 ἐκεῖσε

141 4039 329 4107 διῆγε,
360 4036 502 4091 κατὰ
520 4036 633 4091 τῶν
656 4034 1099 4107 ἀντιμαχούντων
1121 4036 1309 4098 αὐτοῖς
1342 4033 1738 4104 πλησιοχώρων

140 4150 207 4187 τε
262 4132 362 4185 καὶ
413 4129 524 4184 τῶν
583 4128 773 4202 πόρῥω
833 4127 1210 4199 διῳκισμένων
1257 4127 1553 4199 εἰργάσατο
1597 4126 1734 4197 (70),

140 4219 223 4280 ὧν
254 4223 325 4278 τὰ
351 4221 522 4277 πλείω
551 4221 691 4293 μετὰ
711 4219 821 4275 τῶν
847 4219 992 4275 κατὰ
1017 4219 1272 4291 φυλακὴν
1306 4219 1417 4291 (71)
1451 4218 1735 4291 αἰχμαλώ-

1903 3576 2173 3631 Caeterum
2203 3576 2489 3646 superiore
2522 3584 2767 3645 tempore
2784 3574 3000 3629 Manuel
3031 3589 3154 3628 cum
3179 3572 3234 3627 in
3255 3571 3412 3644 Syria

1836 3676 2298 3731 commoraretur,
2356 3677 2584 3737 propter
2642 3668 2952 3723 doctrinam
3012 3674 3067 3720 et
3116 3665 3413 3719 multarum

1835 3777 2020 3817 rerum
2085 3761 2483 3830 experientiam
2541 3760 2777 3815 multum
2842 3757 3232 3828 diligebatura
3275 3757 3417 3824 duce

1836 3853 2212 3924 Agarenorum
2237 3853 2417 3923 iisque
2450 3853 2545 3923 qui
2567 3854 2722 3925 juxta
2766 3867 2893 3907 eum
2926 3851 3225 3921 plurimum
3264 3851 3418 3905 vale-

1835 3945 1988 4011 bant,
2015 3946 2366 4015 plurimaque
2389 3946 2656 4015 praeclara
2684 3943 2927 3999 facinora
2959 3943 3109 3997 omni
3152 3943 3245 3997 illo
3275 3951 3418 3997 tem-

1838 4053 1970 4107 pore
2000 4053 2109 4106 quo
2132 4038 2207 4093 ibi
2232 4037 2506 4094 habitavit
2550 4037 2816 4092 adversus
2862 4037 3251 4107 belligerantes
3291 4051 3417 4091 cum

1841 4130 1973 4199 ipsis
2021 4145 2148 4185 eum
2202 4130 2419 4187 vicinos
2475 4138 2593 4187 tum
2649 4128 2871 4199 longius
2926 4136 3172 4183 remotos
3220 4126 3417 4192 edidit,

1839 4237 2143 4295 eorumque
2184 4224 2452 4296 pleraque
2502 4238 2629 4279 cum
2675 4221 2938 4279 Romanis
2990 4220 3244 4292 captivis,
3281 4235 3423 4292 quos

337 4409 342 4413 ,
1427 4358 1665 4414 VARIE
1699 4359 2107 4422 LECTIONES.

214 4461 265 4492 "
299 4453 763 4525 κατηγορουμένῳ
796 4452 862 4510 ν.
939 4456 986 4488 "
1016 4452 1368 4525 ἐξωθῆναιν.
1445 4455 1492 4488 ³⁸
1525 4454 1863 4525 βαϐουτζίξω
1885 4456 1950 4513 L.

1341 4574 1585 4633 STEPH.
1615 4576 1793 4632 BERG
1806 4576 1961 4634 LERI
1996 4577 2229 4635 NOTJE.

216 4686 345 4771 (ἔξρὶ
390 4685 550 4744 ϐοηιο
604 4704 660 4759 ρο
714 4688 798 4744 76-
863 4688 1013 4760 Sym-
1065 4689 1197 4761 Los-
1261 4705 1316 4759 ι».
1367 4691 1505 4757 431,
1562 4690 1727 4748 Cedr.
1763 4694 1809 4751 ι)
1901 4694 2020 4771 (65)
2046 4697 2123 4750 lla
2148 4695 2437 4771 scriptum,
2465 4713 2577 4771 non
2610 4695 3025 4771 προσδέξεσθαι,
3052 4691 3202 4771 quod
3234 4691 3419 4771 requi-

141 4775 200 4830 p.
239 4775 367 4813 ou.

217 4829 336 4900 (57)
372 4828 521 4900 Sym.
546 4828 682 4899 Log.
716 4828 754 4883 l.
783 4844 862 4900 οη
893 4828 1057 4885 Cedr.
1095 4829 1132 4884 l.
1164 4845 1214 4885 e.

218 4899 336 4972 (εει
372 4899 596 4972 Passive
614 4900 820 4972 posuit.
850 4899 911 4955 In
933 4915 1090 4970 seqq.
1126 4900 1407 4972 praeterita
1436 4911 1494 4957 et
1523 4902 1732 4958 aorista

140 4970 309 5037 ponit
338 4985 439 5039 pro
469 4969 690 5025 futuris.

218 5041 339 5108 (59)
376 5040 500 5094 Fuit
526 5050 583 5095 et
609 5041 863 5108 σεκρέτον
896 5042 1132 5109 γενικδν,
1159 5050 1222 5096 ut
1252 5042 1343 5097 hic
1374 5044 1600 5099 εἰδικόν.

220 5110 341 5176 (60)
358 5109 533 5185 _Ced_r.
560 5126 615 5179 p.
644 5111 774 5185 _518.
821 5112 913 5166 ubi
945 5112 1441 5185 ιιιῐιιυιη-Γεωργίῳ
1462 5114 1540 5183 τῷ
1568 5131 1731 5183 στρα-

139 5180 607 5267 τξυςτικεῖιὶδγω.
643 5180 777 5267 Log:
824 5197 881 5267 ι)ζ
944 5183 1070 5267 εει,
1110 5180 1314 5237 ἰηίιὶο.’
1351 5180 1605 5267 (Ζοιιιίρ.
1637 5180 1727 5248 76,

142 5250 243 5323 ubi
278 5249 375 5323 καῖ
406 5249 679 5323 Γεὼργιον
718 5249 781 5305 δὲ
826 5249 917 5323 τὸν
953 5255 1053 5316 τὰς
1086 5255 1483 5323 στρατιωτικὰς
1514 5249 1730 5319 δέλτους

141 5320 557 5395 ζττειλημμένον
586 5322 683 5395 ἐπι
727 5322 985 5395 σφενδδνῃ
1016 5326 1083 5395 τῇ
1114 5320 1257 5377 κατὰ
1274 5324 1366 5395 τον
1399 5325 1733 5395 ίμπόδρομον

141 5326 557 5392 ἰπειλημμένον
586 5326 679 5373 ἐπὶ
727 5326 985 5394 σφενδόνῃ
1016 5341 1043 5377 τ
1114 5326 1257 5377 κατὰ
1274 5326 1366 5376 τὸν
1399 5326 1733 5395 ίμπόδρομον

140 5390 564 5469 ᾴποκτανβθῆναι
599 5391 696 5469 καὶ
739 5393 842 5469 τὴν
897 5326 1133 5469 ὓπαρξιν
1162 5392 1329 5469 αύτοῦ
1357 5393 1435 5464 τῷ
1471 5394 1733 5469 βασιλικῷ

141 5460 478 5536 ἀνειλῆφθαι
506 5462 737 5536 ταμείῳ.
780 5460 877 5516 Ille
917 5460 1433 5536 etiamjutNostcr',
1471 5460 1731 5536 imperite

142 5532 357 5605 aorista
376 5539 445 5605 et
470 5532 749 5605 praeterita
779 5536 935 5601 ponit
965 5551 1065 5605 pro
1096 5534 1316 5591 futuris.

223 5602 346 5673 (6f)
376 5597 515 5656 111υῦ
529 5602 611 5677 -ὲξ
635 5597 849 5677 diunon
894 5597 1123 5675 apparet
1154 5606 1286 5677 quid
1314 5604 1403 5659 hic
1429 5607 1532 5662 sibi
1574 5608 1730 5671 velit,

140 5688 254 5801 aee
285 5681 378 5795 elstl
402 5673 547 5742 apud
573 5672 1046 5741 Continuatorein,
1077 5672 1186 5747 qui'
1212 5676 1405 5732 iisdem
1458 5679 1571 5735 fere
1605 5694 1730 5733 ver-

188 5761 239 5801 is
271 5760 304 5796 u
338 5760 350 5798 I
384 5759 472 5798 ur.

188 5746 239 5801 is
271 5744 472 5798 utitur.

222 5814 340 5883 (62)
376 5814 483 5888 Aut
513 5814 707 5888 ἐπεῖπε
743 5817 1036 5888 legendum
1085 5830 1179 5874 aut
1206 5820 1361 5877 deest
1389 5822 1637 5884 verbum,
1669 5834 1721 5875 ut

145 5886 372 5954 λέγεται
404 5884 485 5939 vel
520 5885 698 5944 simie.
735 5884 979 5945 ου’(ἶοιιι.
1021 5907 1071 5960 p.
1118 5892 1204 5946 75.

1838 4766 2156 4820 rebatur.—
2194 4766 2269 4820 Td
2307 4784 2371 4820 τε
2404 4769 2542 4831 παρ’
2586 4766 2772 4821 αὑτοῦ
2802 4782 3022 4833 -μεγκ
3052 4766 3414 4833 εὐτυχῆσαι.

1834 4836 2064 4959 ξοιὲἇὸι)
2147 4836 2235 4902 75,
2273 4836 2424 4908 Sym.
2455 4837 2617 4909 sLog.
2675 4853 2730 4908 p.
2796 4832 3015 4901 421,11.
3072 4834 3202 4896 ﬁne,
3251 4832 3420 4887 Cedr.

1834 4922 2209 5046 ι”αῗίῖὸοηι
2272 4994 2330 5048 p.
2377 4978 2465 5042 76,
2493 4977 2659 5034 Cedr.
2712 4978 2839 5042 sas,
2905 4974 3000 5031 ubi
3056 4972 3284 5029 additur
3325 4971 3420 5026 τὸν

1831 5047 2159 5118 τοῦθρὸμου
2191 5047 2483 5118 λογοθέτην
2531 5048 2879 5101 Θεόκτιστον.

1905 5116 2015 5189 (ϐὄ)
2046 5117 2192 5187 Sym.
2229 5118 2364 5189 Log.
2391 5116 2449 5189 p.
2477 5119 2601 5179 422,
2635 5118 2819 5189 initio.

1904 5188 2017 5256 (66)
2050 5189 2127 5241 lta
2168 5187 2457 5258 scriptum.
2494 5188 2819 5258 Requiritur
2844 5187 3169 5258 ἐξωσθῆναι.

1906 5253 2017 5328 (67)
2045 5259 2205 5312 Gont.
2241 5253 2299 5328 p:
2331 5261 2439 5314 85:
2480 5261 2577 5321 Ὃς
2594 5253 2784 5321 ὀὕτως
2822 5253 3052 5328 ἐλέγετο
3071 5253 3418 5328 ὁ-Βαϐούτςιο

1836 5323 1950 5391 κος.
2002 5323 2163 5384 Cedr.
2315 5331 2443 5395 552,
2488 5330 2541 5383 in
2586 5329 2807 5394 ﬁne,éx
2832 5326 2927 5381 τοῦ
2952 5328 3063 5381 τῶν
3088 5323 3416 5389 Βουϐουτζε-

1834 5416 1946 5451 κων
1978 5398 2360 5467 καταγόμενος
2386 5401 2599 5467 γένους.

1904 5470 2018 5535 (68)
2047 5471 2125 5525 Ita
2161 5470 2277 5525 [nec
2306 5471 2531 5539 scripta.
2566 5470 2729 5524 Cedr.
2760 5483 2815 5538 p.
2842 5467 2980 5539 7555.

1909 5540 2016 5611 (69)
2053 5536 2444 5611 Intempestive
2491 5542 2692 5596 recidit
2737 5536 2806 5611 ad
2836 5536 3272 5611 Manuelem,_de
3307 5549 3420 5611 quo

1834 5606 2018 5667 toties.
2058 5606 2549 5682 Igitur-superiora
2575 5610 2877 5666 inculcabit
2920 5624 3097 5680 usque
3129 5606 3197 5662 ad
3221 5623 3275 5678 p.
3313 5608 3417 5662 200

1832 5683 2117 5756 [?],_a|iter
2144 5690 2308 5752 atque
2333 5682 2518 5756 aliter.

1903 5752 2015 5821 (70)
2044 5753 2205 5808 Cont.
2244 5770 2297 5823 p.
2332 5753 2419 5816 75,
2448 5754 2502 5807 in
2538 5753 2665 5808 fine.

1904 5824 2014 5889 (7H
2050 5825 2210 5880 (ἴοιιῐ.
2240 5821 2291 5895 (ν
2325 5824 2410 5887 7f,
2444 5823 2625 5885 initio,
2665 5825 2810 5893 Sun.
2862 5823 2994 5895 Log.
3031 5840 3086 5893 ρ.
3113 5821 3239 5875 4'20.
