4146 6436
128 351 266 416 1035

1454 356 1725 416 REGUM
1769 358 1917 417 LIB.
1963 358 2073 417 IlI.

3241 362 3379 431 1986

123 462 445 534 θρηνησάτω
478 462 503 513 ὁ
565 459 697 529 ἐμὸς
747 459 893 522 ἄπας
944 460 1068 523 λαὸς
1128 462 1267 531 (81),
1322 462 1705 535 ἐπολοφυρέτω

1814 476 1988 533 natus,
2042 477 2299 537 totusque
2353 466 2642 523 domestici
2697 470 2957 527 famulitii
3010 490 3141 544 grex
3186 476 3386 541 ululet,

126 572 191 624 με
226 553 529 621 σύγκλητος
571 556 664 604 καὶ
724 550 947 619 σύμπαν
981 552 1042 605 τὸ
1092 554 1229 623 πρὸς
1275 552 1574 624 θεραπείαν
1620 557 1697 609 ol—

125 650 267 699 κεϊον
316 644 590 715 ἄθροισμα
643 642 1032 709 διολολυξάτω,
1124 645 1319 715 ὅτιπερ
1400 647 1585 715 κομῶν
1631 651 1697 718 τῇ

123 737 335 807 νεότητι
364 736 461 788 σὺν
495 734 815 804 εὐδαιμονίᾳ
863 734 1105 806 τοσαύτῃ
1162 736 1287 805 ἄρτι
1344 736 1549 789 τούτων
1611 740 1701 790 ὲκ-

122 827 561 897 τειχισθὴσομαι,
598 824 777 895 πολλῷ
830 826 886 879 δὲ
931 825 1129 895 μᾶλλον
1190 827 1448 895 γυναικὸς
1480 830 1701 893 νεαζού-

124 938 224 990 σης
249 920 360 988 (85)
392 920 487 972 καὶ
512 919 699 981 παιδὸς
724 919 946 989 άνήϐου,
975 913 1049 972 ὧν
1069 920 1167 991 τὴν
1201 922 1456 991 στέρησιν
1487 923 1703 986 πάντως

124 1015 221 1066 καὶ
252 1012 355 1083 πρὸ
405 1012 661 1081 τελευτῆς
718 1013 1110 1081 ἀποκλαίομαι,
1159 1014 1257 1084 οὐχ
1305 1010 1466 1087 ἦττον
1497 1015 1610 1084 (86)
1648 1017 1705 1069 δὲ

123 1107 223 1175 τὴν
267 1103 446 1157 αὐτῶν
496 1103 735 1173 ἐρημίαν
786 1103 807 1134 ⁸
852 1106 992 1174 μετά
1018 1123 1079 1173 γε
1137 1105 1236 1176 τὴν
1288 1106 1454 1160 αὐτοῦ
1501 1106 1521 1138 ³
1575 1108 1708 1160 ἀπο-

122 1184 338 1251 ϐίωσιν.
399 1197 498 1251 Διά
549 1214 630 1249 τοι
687 1196 858 1250 ταῦτα
925 1197 1206 1268 μέμνησθέ
1267 1216 1370 1269 μου
1411 1199 1547 1269 (87),
1601 1214 1707 1251 πα-

130 1289 395 1358 ρακαλῶ,
446 1288 555 1341 τῶν
606 1288 865 1342 τοιούτων
910 1289 1234 1343 τελευταίων
1294 1290 1555 1361 ῥημάτων
1616 1290 1711 1343 καὶ

122 1383 225 1451 τῆς
284 1380 559 1452 ἡμετέροις
610 1382 748 1451 πρὸς
806 1382 952 1451 ὑμᾶς
995 1383 1338 1454 προμηθείας
1392 1383 1485 1436 κοιλ⁸
1535 1381 1709 1452 γαλη-

123 1474 351 1543 νότητος
398 1473 545 1545 (88)’
590 1466 666 1528 ὧν
716 1473 959 1526 ἀντίδοτὲ
1011 1491 1102 1545 μοι
1153 1473 1251 1546 τὴν
1298 1475 1436 1545 μετά
1482 1474 1713 1527 θάνατον

132 1564 355 1616 εὔνοιαν
404 1564 542 1634 πρὸς
625 1564 859 1626 αὐτοὺς,
912 1564 1103 1635 ὥσπερ
1162 1566 1258 1618 καὶ
1310 1565 1399 1618 ἐπ’
1469 1565 1593 1636 ἐμοὶ
1643 1565 1714 1619 τὰ

125 1656 226 1723 τῆς
275 1655 620 1726 εὐγνώμονος
653 1656 748 1708 κα)Ι
800 1655 965 1726 ὀρθῆς
1006 1655 1300 1719 διαθέσεως
1344 1656 1715 1727 διανοούμενοι

124 1747 225 1799 καὶ
281 1747 812 1819 καταπραττόμενοι.
869 1747 983 1801 Οὐκ
1027 1747 1107 1801 ἔτι
1136 1747 1244 1816 γὰρ
1275 1748 1417 1817 ὑμᾶς
1452 1747 1716 1817 θεάσομαι

1802 561 1910 631 74
1948 561 2095 630 quod
2139 562 2341 616 ﬂorens
2371 568 2529 614 aetate
2563 576 2626 615 ac
2674 563 2936 619 felicitate
2984 576 3131 620 tanta
3162 567 3275 636 jam
3315 568 3387 622 ab

1804 653 1922 706 istis
1977 651 2292 720 separabor,
2330 651 2616 720 multoque
2668 654 2841 721 magis
2890 654 3039 723 quod
3093 656 3161 709 ab
3216 675 3388 714 uxore

1805 741 2035 797 ﬂorente
2060 741 2282 810 ﬁlioque
2306 742 2613 811 impubere,
2635 758 2870 811 quorum
2898 746 3169 814 jacturam
3197 749 3387 817 utique

1805 842 1861 888 et
1884 844 2011 887 ante
2040 833 2252 887 obitum
2279 832 2527 903 deploro,
2553 850 2657 889 nec
2680 834 2863 889 minus
2887 845 3067 890 autem
3097 838 3391 893 orbitatem

1807 940 1998 979 eorum
2036 935 2159 995 post
2191 940 2375 979 meum
2434 940 2464 979 e
2516 928 2629 981 vita
2683 926 3010 981 discessum.
3048 927 3395 999 Quapmpter

1809 1024 2164 1080 mementote,
2201 1030 2413 1085 quaeso,
2453 1014 2621 1083 hujus
2653 1016 2972 1071 novissimae
3000 1017 3269 1070 orationis
3300 1034 3395 1071 no-

1810 1121 2047 1179 straeque
2064 1124 2192 1179 erga
2215 1124 2314 1164 vos
2339 1123 2485 1163 cura:
2510 1115 2567 1161 et
2588 1109 3049 1173 mansuetudinis,
3069 1124 3281 1179 proque
3312 1109 3399 1163 his

1813 1203 2026 1257 reddite
2086 1202 2223 1255 mihi
2278 1210 2404 1271 post
2436 1216 2615 1255 meam
2672 1208 2910 1255 mortem
2963 1202 3395 1258 benivolentiam

1811 1309 1940 1363 erga
1968 1292 2137 1363 ipsos,
2164 1291 2325 1361 quasi
2366 1307 2497 1362 erga
2540 1307 2628 1346 me
2660 1293 2841 1362 ipsum
2875 1292 3013 1361 grati
3047 1308 3110 1347 ac
3152 1293 3291 1346 recti
3321 1293 3397 1345 af-

1813 1385 1991 1440 fectus
2018 1383 2196 1439 ollicia
2224 1383 2553 1438 meditantes
2598 1393 2655 1460 et
2697 1385 3071 1454 perlicientes.
3103 1385 3221 1438 Non
3250 1385 3397 1437 enim

1815 1478 2051 1547 amplius
2078 1491 2176 1530 vos
2198 1476 2401 1530 videbo
2428 1475 2679 1546 posthac,
2715 1492 2824 1529 non
2863 1477 3066 1531 talibus
3096 1475 3402 1531 obsecrabo

1820 1569 2042 1631 verbis,
2103 1583 2213 1621 non
2273 1568 2441 1622 tantis
2500 1568 2863 1622 commovebo
2916 1569 3129 1622 animos
3186 1578 3404 1623 vestros

1818 1659 2319 1724 adhortationibus,
2356 1675 2468 1713 non
2506 1661 2831 1715 obtestabor
2877 1674 3001 1714 cum
3055 1660 3333 1728 laerymis.
3376 1678 3393 1708 ι

1819 1747 1949 1802 Post
1982 1747 2144 1802 talem
2176 1746 2530 1816 imperatoris
2572 1749 2967 1803 allocutionem
2999 1749 3207 1802 multus
3232 1750 3408 1818 ejula-

122 1838 220 1891 τοῦ
279 1839 487 1904 λοιποῦ,
535 1841 598 1892 οὐ
629 1839 893 1902 τοιούτοις
944 1838 1401 1911 παρακαλέσομαι
1448 1840 1710 1911 ῥήμασιν,

1817 1848 1907 1891 tus
1934 1845 1989 1891 et
2022 1836 2261 1906 gemitus
2313 1846 2371 1891 et
2426 1838 2679 1906 ploratus
2723 1839 2791 1891 ab
2825 1839 3085 1893 omnibus
3113 1838 3405 1905 edebatur,

128 1932 193 1982 οὐ
265 1931 560 1995 τοσαύταις
642 1932 1039 2004 δυσωπήσομαι
1090 1934 1501 2004 παραινέσεσιν,
1559 1932 1659 2002 οὐχ
1710 1930 1974 1983 ἱκετεύσω
2033 1930 2131 1984 σὺν
2185 1929 2449 1999 δάκρυσιν
2508 1929 2641 2000 (89).
2708 1929 2963 1999 ίΤοιαῦτα
3025 1930 3410 1998 προσειπόντες

120 2030 217 2083 τοῦ
246 2029 507 2099 βασιλέως
531 2029 697 2092 πολὺς
746 2029 982 2101 ὀδυρμὸς
1035 2031 1341 2101 στεναγμός
1392 2047 1449 2084 τε
1476 2030 1573 2084 κα).
1599 2027 1845 2090 κωκυτὸς
1866 2025 2021 2096 παρά
2042 2026 2263 2079 πάντων
2289 2024 2663 2095 ἀνεπέμπετο.

197 2125 500 2191 Συγκυκῶν
557 2125 614 2177 δὲ
644 2125 905 2193 Θεόφιλος
944 2127 1006 2180 τὸ
1059 2127 1161 2197 τῆς
1208 2128 1489 2191 εὐσεϐείας
1541 2127 1712 2181 ἄκλυ-

124 2232 256 2268 στον
285 2214 395 2284 (90)
456 2215 696 2282 πέλαγος
739 2216 866 2281 τοὺς
896 2218 953 2270 ἐν
986 2218 1136 2290 αὐτῷ
1170 2218 1434 2283 πλέοντας
1462 2220 1715 2290 ἀκυμάνο

122 2326 238 2370 τως
267 2308 456 2371 δεινῶς
481 2308 836 2374 ὲκλυδώνιζεν
860 2310 972 2380 (9|)
1003 2328 1015 2343 '
1051 2313 1108 2365 ὲν
1133 2306 1213 2373 οἷς
1236 2312 1331 2365 καὶ
1358 2312 1449 2366 τὸν
1482 2313 1714 2381 σύγκελ-

1886 2125 2026 2180 Dum
2068 2131 2250 2179 autem
2307 2122 2670 2178 conturbaret
2715 2122 3059 2192 Theophilus
3116 2122 3399 2193 religionis

1818 2216 2177 2287 tranquillum
2212 2230 2388 2281 mare,
2435 2214 2762 2285 navigantes
2790 2213 2847 2268 in
2874 2229 2942 2269 eo
2973 2215 3094 2270 sine
3143 2214 3407 2271 ﬂuctibus

1813 2311 1948 2364 diris
1969 2308 2427 2364 ﬂuctuationibus
2449 2306 2700 2363 exercuit
2723 2324 2736 2360 :
2760 2316 2927 2376 atque
2951 2307 3096 2361 inter
3118 2306 3221 2360 hos
3242 2306 3408 2361 etiam

122 2399 219 2449 λον
256 2396 475 2466 Μιχαὴλ
504 2396 605 2464 τῆς
650 2398 1131 2468 Ἱεροσολυμίτιδος
1178 2399 1200 2431 ⁸
1230 2400 1557 2471 ὁμηγύρεως
1603 2402 1710 2472 (92)

1817 2402 2139 2459 Michaelem
2181 2400 2488 2472 syncellum
2534 2398 3023 2471 Hierosolymitani
3074 2408 3254 2454 cretus
3284 2412 3411 2453 cum

124 2491 225 2544 σὺν
290 2488 408 2559 ἄμα
456 2488 671 2551 πολλοῖς
736 2492 1006 2562 ἀσκηταῖς
1062 2493 1331 2562 φυλακαῖς
1398 2494 1710 2548 ἐναπέκλει-

1822 2495 2014 2551 multis
2061 2495 2349 2550 monachis
2392 2494 2450 2547 in
2508 2507 2791 2548 carcerem
2846 2491 3098 2555 inclusit,
3151 2491 3411 2560 interque

123 2598 220 2634 σεν
266 2582 402 2652 (95),
452 2580 571 2652 μεθ’
622 2574 698 2636 ὧν
737 2580 1018 2655 Θεοφάνην
1068 2602 1129 2637 τε
1160 2586 1257 2639 καὶ
1297 2584 1573 2654 Θεόδωρον
1594 2588 1710 2650 τοὺς

1819 2603 1915 2643 eos
1950 2588 2345 2657 Theophanem
2393 2594 2451 2640 et
2480 2584 2862 2649 Theodorum,
2892 2582 3218 2639 orthodoxae
3272 2580 3402 2635 ﬁdei

122 2676 227 2742 τῆς
294 2670 603 2742 ὀρθοδοξίας
663 2674 1042 2737 συνασπιστάς
1092 2674 1205 2745 (οι)
1256 2674 1542 2737 Σκυθικῶς
1603 2678 1710 2727 ὲπι-

1819 2680 2162 2743 tlel'ensores,
2194 2677 2456 2749 Scythico
2486 2692 2639 2731 more
2667 2674 2725 2730 in
2750 2674 3033 2731 frontibus
3070 2673 3409 2741 conscripsit

125 2762 499 2833 προσωπείοις
532 2764 552 2795 ⁷
582 2763 918 2834 διεγράψατο
949 2766 1306 2836 κεντήμασιν.
1348 2766 1608 2819 Τοιαῦται
1656 2766 1710 2837 δὴ

1820 2772 2060 2843 punctis.
2111 2771 2275 2827 Tales
2331 2781 2604 2840 tantaque
2654 2769 2914 2839 procella;
2962 2767 3083 2837 ipso
3135 2768 3413 2823 excitante

124 2858 227 2912 καὶ
253 2854 518 2912 τοσαῦται
543 2859 600 2911 al
643 2858 785 2911 κατά
814 2859 913 2927 τῆς
954 2858 1237 2923 εὐσεϐείας
1282 2859 1449 2914 αὐτοῦ
1494 2859 1710 2913 θύελλαι

1821 2864 2087 2919 adversus
2138 2862 2460 2933 religionem
2510 2863 2857 2934 ingruerunt.
2901 2859 3047 2928 Quin
3077 2868 3133 2916 et
3173 2859 3230 2913 in
3283 2875 3414 2914 aere

121 2951 539 3021 διενέσκηπτον.
580 2948 657 3005 Οὐ
715 2950 821 3021 μὴν
877 2950 1014 3004 ἀλλὰ
1066 2951 1162 3004 καὶ
1205 2951 1477 3021 χειμῶνες
1529 2952 1710 3005 πολλοὶ

1827 2956 2038 3010 hiemes
2092 2962 2561 3025 tempestatesque
2615 2953 3012 3015 vehementes,
3063 2950 3309 3021 itemque
3360 2961 3417 3006 et

123 3042 256 3096 κατ’
289 3042 471 3111 ἀέρος,
505 3041 796 3113 δυσφορίαι
821 3059 881 3095 τε
932 3043 1028 3096 καὶ
1072 3042 1379 3113 αὐχμηρίαι
1426 3043 1519 3097 καὶ
1567 3060 1710 3096 σιτο-

1825 3044 2122 3108 siccitates,
2147 3052 2205 3099 et
2234 3043 2471 3112 penuria
2502 3042 2581 3097 rei
2612 3041 2991 3098 frumentariae
3036 3056 3104 3097 ex
3146 3042 3418 3110 intempe-

120 3137 271 3191 δείαι
322 3136 386 3190 ὲκ
448 3136 803 3206 δυσκρασίας,
852 3136 1059 3205 παλμοί
1103 3153 1164 3189 τε
1218 3136 1314 3189 καὶ
1368 3135 1710 3207 ἀναϐρασμο)

1827 3138 1932 3201 rie,
1957 3136 2355 3192 concussiones
2385 3134 2492 3205 75
2525 3134 2770 3205 denique
2820 3145 2879 3189 et
2924 3144 3197 3190 tremores
3234 3143 3415 3198 terrae,

122 3230 231 3299 γῆς
270 3227 391 3282 καθ’
448 3227 669 3299 ἡμέραν
706 3227 817 3295 (95)
871 3228 972 3296 τῆς
1019 3226 1187 3280 αὐτοῦ
1246 3226 1527 3296 βασιλείας
1557 3228 1710 3296 γεγό-

1825 3226 1879 3281 in
1912 3226 2107 3281 diebus
2140 3224 2360 3295 imperii
2413 3225 2536 3295 ejus
2591 3225 2948 3288 exstiterunt,
2995 3233 3053 3279 et
3096 3224 3415 3278 summatim

122 3335 310 3383 νασιν,
336 3318 431 3371 καὶ
457 3317 605 3385 φυγὴ
654 3316 884 3369 καθόλου
918 3316 1099 3386 παρῆν
1135 3315 1375 3369 εὐσεϐῶν
1399 3318 1457 3369 ὲν
1486 3318 1710 3386 χειμῶνι

1818 3318 1945 3389 fuga
1976 3326 2097 3373 erat
2125 3316 2345 3387 piorum
2372 3317 2427 3371 in
2465 3316 2650 3371 hieme
2680 3316 2802 3384 ejus
2846 3314 3169 3384 impietatis,
3206 3329 3405 3370 secun—

119 3411 227 3478 τῆς
253 3408 420 3461 αὐτοῦ
448 3407 727 3470 ἀσεϐείας,
763 3408 900 3460 κατὰ
930 3406 990 3459 τὸ
1019 3407 1197 3474 λόγιον
1249 3406 1387 3478 (96),
1413 3414 1506 3461 καὶ
1537 3406 1717 3461 οὐδενὶ

126 3499 340 3560 παντὸς
364 3498 649 3552 Σαϐϐάτου
680 3498 988 3559 ἀνάπαυσις
1022 3498 1082 3562 ἐξ
1124 3499 1521 3569 ἀπανθρωπίας
1550 3496 1716 3550 αὐτοῦ

122 3588 518 3657 θυελλιζούσης
539 3587 884 3659 Χριστιανῶν
916 3587 1210 3656 γαληναίον
1233 3588 1581 3657 κατάστημα.
1607 3586 1719 3639 Καὶ

121 3681 240 3751 γὰρ
306 3682 365 3733 ὲν
422 3682 538 3743 τοῖς
597 3680 858 3742 τοιούτοις
913 3676 1082 3731 αὐτοῦ
1137 3679 1577 3747 κακοτεχνήμασι
1628 3676 1717 3728 τὸν

136 3774 357 3842 Ἰαννῆν
424 3771 774 3842 πατριάρχην
831 3770 1124 3840 καθίστησι
1182 3769 1320 3840 (97),
1389 3768 1719 3838 συμμύστην

125 3868 227 3921 καὶ
260 3866 579 3933 λειτουργὸν
606 3867 706 3935 τῆς
736 3864 1008 3933 κακίστης
1039 3863 1330 3933 αἱρέσεως.

1820 3411 1949 3464 dum
1993 3410 2301 3474 oraculum,
2330 3424 2434 3465 nec
2466 3408 2564 3462 ulli
2592 3407 2792 3478 quovis
2824 3406 3066 3462 Sabbato
3097 3406 3321 3476 requies
3348 3407 3418 3461 ab

1818 3500 1938 3568 ejus
1966 3496 2330 3563 immanitate,
2352 3495 2802 3551 Christianorum
2826 3493 3184 3563 tranquillum
3207 3502 3414 3549 statum

1825 3593 2084 3647 turbante
2116 3601 2171 3646 et
2189 3591 2455 3661 jactante.
2485 3588 2704 3643 Etenim
2736 3588 3007 3660 ejusmodi
3039 3588 3415 3657 improbarum

1823 3682 1943 3750 ejus
1978 3680 2450 3737 machinationum
2497 3686 2553 3731 et
2589 3677 2645 3732 id
2680 3679 2784 3734 fuit
2824 3677 2971 3749 quod
3005 3678 3271 3732 Joannem
3320 3694 3419 3747 pa-

1827 3773 2126 3827 triareham
2171 3771 2481 3834 constituit,
2515 3769 2730 3824 socium
2772 3779 2831 3825 et
2871 3769 3262 3826 administrum
3295 3785 3419 3838 pes-

1830 3866 1983 3919 sima:
2013 3863 2163 3917 illius
2191 3863 2439 3917 haeresis.

207 3958 403 4019 Ὅστις
437 3957 695 4024 Θεόφιλος
737 3956 875 4025 μετὰ
908 3956 1164 4008 πλειόνων
1200 3950 1598 4023 ἐλαττωμάτων
1626 3954 1710 4007 ὑπο

1902 3957 2052 4012 Idem
2083 3956 2431 4026 Theophilus
2465 3956 2519 4009 in
2558 3955 2817 4026 pluribus
2843 3954 2994 4009 vitiis
3019 3954 3184 4008 etiam
3225 3969 3419 4022 super-

125 4054 374 4121 ἐροφρυς
405 4046 472 4122 ἦν
505 4049 639 4120 (98),
678 4049 781 4103 κᾶν
830 4048 887 4101 έν
936 4066 1045 4101 τισι
1082 4049 1189 4101 τῶν
1229 4048 1407 4101 καλῶν
1440 4048 1549 4100 εἴτε
1583 4047 1710 4100 ἐκὼι

1834 4049 2061 4105 ciliosus
2086 4057 2204 4103 erat
2232 4064 2297 4103 ac
2333 4048 2628 4119 superbus,
2674 4045 2929 4117 quamvis
2966 4046 3021 4100 in
3050 4045 3418 4100 laudabilibus

1434 4192 1674 4248 VARIJE
1708 4191 2120 4250 LECTIONES.

200 4316 221 4343 ³
254 4313 437 4382 ἥττων
464 4308 525 4363 L.
604 4309 626 4341 ⁸
657 4307 850 4377 αὐτοῦ)
884 4306 1066 4361 αὐτῶν
1099 4306 1159 4360 L.
1246 4308 1266 4337 ‘
1303 4308 1782 4379 ίεροσολυμήτιδος
1808 4308 1870 4363 L.
1946 4308 1967 4339 "
1996 4308 2088 4361 ἐπὶ
2122 4307 2458 4378 προσωπίοις
2487 4307 2553 4361 L.

1309 4424 1391 4479 ST
1399 4423 1555 4481 EPH.
1585 4422 1937 4479 BERGLERI
1969 4420 2212 4477 NOTz‘E.

202 4544 319 4615 (ει)
352 4543 641 4622 Fiugit_e_t
677 4541 1043 4622 Continuator
1093 4540 1447 4622 Theophanis
1493 4541 1705 4621 oratio-
1741 4541 1783 4596 D
1814 4554 2009 4622 o‘mnes
2042 4536 2187 4622 apud
2228 4534 2509 4622 (Ζυρνξιίιξζ
2541 4535 2629 4622 66,
2672 4534 3004 4622 θριξιξιδχιη.
3035 4534 3412 4622 Ιλοεηρίήιίὲὅ.

125 4605 486 4695 nein,_'quan'i
536 4612 663 4666 data
702 4626 869 4681 opera
914 4611 1047 4665 huic
1079 4605 1295 4691 videtur
1333 4613 1658 4679 opposuisse
1696 4633 1709 4667 :
1822 4608 2018 4693 Georg.
2044 4609 2189 4662 Mun.
2224 4624 2278 4676 p.
2306 4605 2635 4688 525ICedr.
2666 4622 2720 4676 p.
2758 4607 2881 4661 521.
2913 4607 3050 4660 Zou.
3080 4623 3131 4674 p.
3186 4607 3304 4661 HG.
3347 4638 3414 4647 -μ

125 4700 261 4765 tiam
288 4684 364 4738 ibt
385 4691 546 4765 negat
566 4698 624 4765 se
655 4680 929 4765 iacturum
956 4680 1107 4765 quod
1137 4681 1227 4735 hic
1257 4679 1337 4746 iit,
1370 4696 1425 4749 p.
1452 4681 1542 4737 85.
1569 4681 1711 4741 Sane
1822 4682 2072 4765 (κηὲξηρ.
2104 4679 2195 4741 65,
2228 4678 2319 4731 ιι1)ι
2344 4676 2485 4733 fuse.
2520 4676 2669 4747 Sym.
2708 4678 2844 4747 Log.
2875 4692 2931 4747 p.
2966 4676 3070 4730 426
3105 4693 3220 4747 seq.
3250 4677 3413 4732 Cedr.

128 4755 254 4809 haec
278 4750 509 4823 puerilis
530 4751 749 4806 videtur
769 4752 1110 4816 lamentatio,
1823 4765 1877 4819 p.
1913 4750 2038 4823 520.

224 4816 318 4880 85)
349 4822 513 4879 Cedr.
550 4838 605 4892 p.
639 4823 764 4877 585.
1127 4891 1134 4892 ί
1823 4816 1866 4892 ⁷,
1894 4820 2003 4890 (95)
2035 4819 2163 4892 lac.
2189 4820 2338 4874 notis
2366 4816 2618 4892 Thraciis
2641 4816 2983 4886 compunxit,
3019 4833 3255 4886 quarum
3280 4834 3396 4888 pas-

224 4826 318 4880 85)
349 4826 513 4879 Cedr.
550 4838 605 4892 p.
639 4826 764 4877 585.
1894 4826 2003 4890 (95)
2035 4826 2077 4873 l.
2113 4835 2163 4874 c.
2189 4826 2338 4874 notis
2366 4826 2613 4873 Thraciis

198 4826 320 4963 (86)
347 4894 600 4949 Violente
624 4901 680 4948 et
704 4907 965 4963 perverse
989 4891 1254 4963 loquitur.
1286 4924 1355 4933 -—
1385 4892 1601 4947 Αὑτοῦ.
1632 4895 1712 4952 Ita
1826 4889 2104 4963 simaqu
2136 4898 2355 4963 veteres
2373 4888 2613 4963 _r_ne_ntio.

128 4956 429 5035 scriptum.
455 4956 783 5034 Requiritur
816 4964 974 5033 ἐμήν.
1009 4956 1218 5086 Nempe
1256 4965 1345 5020 hic
1391 4964 1558 5018 etiam
1585 4980 1715 5022 con-
1896 4956 2012 5092 (91)
2052 4960 2213 5015 Cout.
2246 4975 2303 5029 p.
2334 4960 2422 5014 85.
2453 4957 2653 5028 Georg.
2677 4956 2824 5011 Mon.
2863 4971 2914 5025 p.
2950 4956 3076 5011 515.

130 5036 375 5089 trarium
402 5035 522 5092 eius
543 5032 690 5092 quod
714 5034 831 5088 vult
854 5033 1008 5092 dicit.
1042 5032 1148 5087 fata
1177 5033 1605 5092 inerversitate.
1918 5030 2008 5092 95)
2041 5030 2119 5084 Ita
2152 5031 2420 5092 scriptum
2459 5043 2585 5083 cum
2624 5027 2857 5082 deberet
2886 5026 3076 5092 ἡμέρα.

130 5026 381 5105 trarium
402 5035 522 5105 ejus
543 5026 1008 5105 quodvnlt'dieit,
1042 5026 1193 5105 fatali
1216 5035 1605 5104 perversitate.
1896 5026 2008 5105 (95)
2041 5030 2119 5105 Ita
2152 5026 2420 5105 scriptum
2459 5043 2585 5083 cum
2607 5026 2857 5105 deberet
2886 5026 3099 5096 ἡμέρας
3134 5030 3189 5083 in
3240 5032 3417 5084 Accu-

1823 5103 2000 5172 sativo
2024 5101 2169 5172 plur.
2206 5099 2353 5172 [vide
2377 5098 2538 5154 Cont.
2564 5114 2627 5172 ρ.
2654 5099 2741 5172 85Σ

1894 5171 2007 5243 (96)
2027 5168 2262 5240 Nempe,
2293 5178 2355 5243 u_t
2375 5178 2531 5243 puto,
2563 5168 2697 5223 illud
2724 5168 2919 5227 Matth.
2957 5186 3102 5243 xxiv,
3123 5169 3197 5225 ‘20
3219 5169 3421 5243 {Orate

1823 5240 2001 5299 autem
2047 5249 2102 5294 ut
2156 5257 2258 5294 non
2303 5240 2400 5309 ﬁat
2454 5241 2582 5311 fuga
2632 5248 2808 5295 vestra
2857 5242 2913 5294 in
2955 5242 3125 5295 hieme
3168 5241 3251 5293 vel
3298 5242 3418 5294 sab-

1829 5318 2011 5453 bazgzl)
2041 5381 2204 5453 Cont.
2234 5394 2288 5450 p.
2318 5380 2406 5445 75,
2452 5380 2809 5453 σειίῦοειειηοε
2841 5378 3247 5453 Grammaticus
3270 5380 3417 5453 (Syn-

1828 5449 2022 5512 celius.
2052 5452 2202 5523 Sym.
2234 5454 2370 5523 LOg.
2407 5467 2463 5520 p.
2500 5451 2625 5506 421.
2652 5449 2851 5573 Georg:
2901 5449 3048 5505 Mon.
3098 5467 3152 5520 p.
3187 5452 3312 5509 5l9'.
3348 5450 3414 5503 de

1828 5527 2024 5573 eodem
2068 5522 2278 5573 Joanne
2306 5532 2564 5573 accurate
2605 5521 2755 5573 Svm.
2853 5534 2942 5573 οε.
2992 5536 3043 5573 n.
3092 5520 3219 5573 ‘50.
3276 5519 3411 5573 Zou.

1828 5527 2024 5582 eodem
2068 5519 2278 5579 Joanne
2306 5519 2564 5577 accurate
2605 5521 2755 5592 Sym.
2810 5519 2942 5590 Log.
2991 5536 3043 5591 p.
3092 5519 3219 5575 ‘50.
3276 5519 3411 5574 Zon.

1832 5615 1883 5667 Γ.
1907 5595 2296 5734 (ξιξξῗ’1υειίιὶξιι
2329 5662 2572 5718 studium
2594 5680 2703 5734 pra:
2735 5684 2792 5722 se
2825 5667 2948 5721 tulit
2983 5684 2995 5721 :
3033 5664 3099 5718 de
3125 5659 3412 5733 quoCont.

1841 5739 2011 5808 p.51.
2053 5737 2199 5804 Svm.
2236 5735 2439 5808 Log._p.
2477 5736 2598 5790 416.
2641 5739 2772 5794 Ζοη.
2801 5755 2851 5807 p.
2895 5739 3010 5793 H2.
3041 5737 3172 5791 heat
3201 5743 3255 5789 ct
3285 5748 3415 5787 cons

1840 5805 2018 5864 imcns
2073 5807 2205 5863 Zou.
2242 5823 2291 5875 [ν.
2335 5805 2447 5859 illi.

226 5105 323 5175 87>
354 5103 516 5175 com.
552 5103 609 5175 ι)-
642 5103 733 5175 86.
758 5103 920 5175 Gedr-
949 5119 1008 5173 ν.
1040 5104 1166 5175 555·

227 5174 327 5240 88)
352 5173 513 5244 Cont.
544 5173 598 5244 p.
631 5174 721 5237 86,
751 5173 915 5244 Cedr.
940 5188 996 5244 p.
1023 5174 1150 5244 555.

204 5243 325 5312 (89)
358 5243 519 5299 Cont.
546 5243 608 5314 ιι.
638 5244 729 5308 86,
758 5243 925 5299 Cedr.
954 5259 1010 5313 p.
1044 5243 1169 5298 553.

214 5314 332 5385 (90)
369 5314 449 5369 lla
480 5315 599 5369 sine
622 5314 949 5371 transitione
976 5314 1044 5385 ad
1085 5315 1191 5370 alia
1226 5319 1544 5373 revertitur.
1576 5317 1722 5385 Quo-

134 5383 320 5440 modo
342 5384 646 5458 imaginum
682 5385 926 5458 cult_o_res
958 5383 1213 5458 alliixerit
1258 5383 1622 5458 Theophilus,
1655 5390 1724 5445 de

136 5471 206 5511 ea
236 5470 312 5527 re
334 5452 557 5527 copiose
589 5452 752 5527 cont.
777 5454 1134 5525 Theophanis
1157 5471 1213 5527 p.
1247 5458 1336 5513 62.

206 5526 322 5592 (91)
352 5524 513 5579 Cont.
556 5540 612 5595 p.
643 5524 734 5581 66.

212 5595 329 5667 (9‘2)
358 5595 418 5671 in
449 5597 694 5671 margine
726 5610 829 5671 ms.
862 5596 1084 5671 πάντων
1114 5598 1429 5671 ποθούντων
1459 5602 1725 5671 προστρέο

130 5685 255 5737 χειν
286 5666 423 5737 πρὸς
447 5666 546 5736 τὴν
572 5666 727 5718 πόλιν
747 5668 882 5719 ὅπου
909 5667 1183 5734 πάναγ-.
1221 5670 1314 5724 Est
1341 5666 1604 5726 Seltarius
1630 5666 1721 5726 us-

128 5736 245 5809 que
298 5736 551 5813 adfirmo.
584 5738 795 5805 primus
836 5753 1043 5813 eorum
1094 5740 1296 5813 quibus
1342 5740 1546 5795 frontes
1578 5758 1723 5797 com‘

133 5808 336 5880 {iunxit
375 5808 674 5877 imaginum
720 5808 1152 5867 confessoribu's.
1201 5811 1485 5868 Habentur
1527 5813 1726 5883 integri
