4146 6436
158 318 303 384 1089

1504 331 1653 390 REG
1668 334 1774 392 ΠΜ
1831 335 1973 394 ΗΒ.
2024 335 2114 395 IV.

3283 347 3415 415 1090

1876 488 3151 519 —-————-———-—————l-———_._____‘

1385 642 1957 729 ΒΑΣΙΛΕΙΩΝ
2045 643 2126 730 Δ’
2160 637 2199 666 “¹

1241 825 1402 879 ΠΕΡΙ
1438 827 1721 892 ⁴ΜΙΧΑΗΛ
1767 830 1906 882 ΤΟΥ
1953 831 2310 886 ΘΕΟΦΙΛΟΥ.

1289 1151 1695 1244 REGUM
1777 1155 2002 1244 LIB.
2079 1158 2206 1250 IV

1032 1345 1136 1400 DE

1216 1345 1652 1403 MICIIAELE
1717 1346 2198 1405 THEOPHILI
2270 1347 2517 1406 FlLlO.

201 1666 290 1721 τὰ
318 1662 376 1718 δι
411 1659 641 1732 πατρῷα
671 1658 930 1731 σκῆπτρα
957 1659 1017 1712 ἐν
1062 1656 1173 1712 ετει
1201 1667 1348 1730 ,ςτμ⁹
1386 1659 1526 1733 (12),
1588 1661 1704 1716 ινδι.

1889 1662 1995 1732 77
2031 1661 2327 1718 Paternum
2373 1671 2561 1720 autem
2590 1663 2884 1735 imperium
2910 1679 3054 1722 anno
3098 1669 3288 1727 mundi
3321 1688 3407 1730 se-

129 1757 325 1814 κτιῶνι
395 1755 459 1822 ε’,
517 1751 776 1809 διιθύνειν
818 1751 1296 1824 καταλιμπάνεται
1344 1753 1457 1824 (15)
1508 1755 1704 1825 Μιχαὴὲ

1827 1754 1947 1809 xies
1994 1754 2292 1810 millesimo
2323 1757 2710 1812 trecentesimo
2764 1758 3209 1831 quadragesimo,
3259 1764 3408 1818 indi-

129 1853 230 1905 σὺν
260 1850 432 1922 μητρὶ
467 1845 722 1918 Θεοδώρᾳ
754 1832 1028 1915 θεόφρονι,
1069 1845 1238 1899 αὑτοῦ
1271 1862 1331 1898 τε
1358 1847 1427 1900 τὰ
1459 1845 1559 1917 τῆς
1590 1850 1716 1901 ἐπι-

1827 1847 2010 1902 ctione
2048 1847 2262 1916 quinta,
2301 1847 2726 1917 gubernandum
2771 1850 3106 1920 relinquitur
3149 1853 3402 1911 Michaeli

127 1941 403 2013 τροπείας
433 1941 461 1994 ὅ
490 1957 551 1993 τε
594 1938 884 2010 πατρίκιος
909 1937 1233 2000 Θεόκτιστος
1259 1939 1355 1992 καὶ
1386 1939 1646 2012 Μανουὴλ
1695 1960 1704 1993 ι

1825 1939 2097 2009 matrique
2134 1938 2440 1994 Theodore
2469 1941 2573 2010 piae
2601 1955 2665 1994 ac
2698 1938 2871 2008 ﬁdeli,
2909 1942 3194 2014 ipsiusque
3231 1949 3403 2004 tutela

127 2034 632 2105 πρωτομάγιστρος
668 2029 918 2101 ὴξίωται,
963 2024 1008 2098 ᾧ
1042 2030 1138 2084 καὶ
1168 2029 1257 2084 διὰ
1286 2031 1560 2102 μερίμνης
1592 2032 1704 2103 ἐνῆη

1823 2030 2055 2101 patricio
2105 2030 2428 2086 Theoctisto
2480 2040 2537 2086 et
2596 2033 2832 2088 Manueli
2907 2034 3086 2103 primo
3140 2039 3402 2106 magistro

127 2129 191 2180 τὸ
220 2126 630 2196 φιλοδεσποτεῖν
659 2123 751 2176 καὶ
784 2122 963 2190 λόγοις
994 2121 1131 2192 πρὸς
1161 2120 1321 2174 τοῦτο
1353 2123 1450 2175 καὶ
1484 2123 1718 2194 πράξεσι

126 2217 490 2272 διατίθεσθαι.
511 2214 721 2269 Οὐκοῦν
750 2214 916 2278 ἔξεισι
947 2213 1090 2267 κατὰ
1112 2215 1204 2266 τὸν
1232 2214 1562 2285 ἱππόδρομον
1581 2216 1716 2286 (14),

126 2313 223 2364 καὶ
255 2313 434 2364 πάντα
458 2310 550 2363 τὸν
579 2308 931 2377 ὑπασπιστὴν
957 2307 1086 2361 λαὸν
1139 2307 1468 2378 συναγείρας
1513 2308 1609 2360 καὶ
1636 2305 1717 2371 οἷς

125 2404 505 2474 πληροφορίαν
537 2403 805 2470 ἐκέκτητο
833 2398 1198 2471 στρατιώταις
1242 2401 1312 2453 τὰ
1342 2400 1479 2472 πρὸς
1530 2402 1716 2454 εὐπεί-

125 2497 284 2551 θειαν
325 2495 476 2565 αὐτῷ
521 2494 882 2565 συντηρῆσαι,
924 2493 1213 2565 προοίμιον
1255 2492 1397 2547 οὕτω
1429 2494 1712 2562 τοῦλόγου

123 2587 560 2659 προδιατίθησιν·
605 2605 623 2637 ι
654 2585 846 2639 Οῐδατε
871 2586 1090 2648 πάντες,
1122 2579 1167 2639 ὧ
1195 2583 1408 2652 ἄνδρες,
1458 2585 1620 2637 ὁποῖα
1643 2585 1712 2638 τὰ

123 2680 265 2751 πρὸς
295 2680 442 2748 ὑμᾶς
469 2679 567 2747 τῆς
609 2678 837 2747 ἀγάπης
868 2676 1254 2747 γνωρίσματα,
1289 2675 1348 2728 ἐν
1375 2693 1434 2728 τε
1473 2675 1711 2746 κηδεμο-

122 2771 266 2833 νίαις
304 2771 346 2801 ¹¹
372 2769 432 2823 ἓν
464 2785 523 2821 τε
551 2769 908 2840 προστασίαις
934 2768 1243 2839 φιλόφροσι,
1271 2770 1368 2822 σὺν
1415 2768 1532 2838 ἅμα
1579 2769 1711 2822 ταύ-

120 2877 244 2922 ταις
269 2861 364 2912 καὶ
394 2858 759 2928 εὐεργεσίαις,
814 2859 938 2928 μηδ’
967 2860 1100 2921 ὅλως
1129 2859 1499 2928 ἐξισταμένων
1527 2861 1706 2931 ἡμῶν.

121 2953 234 3006 Καὶ
255 2952 346 3006 διὰ.
371 2950 530 3005 τοῦτο
555 2951 730 3022 χρεὼν
763 2953 906 3021 ύμᾶς
969 2953 1102 3021 ἡμῖν
1151 2950 1446 3005 ἀποδοῦναι
1481 2953 1575 3017 τὰς
1610 2956 1705 3006 ἀν·

1821 2119 2136 2174 commissa.
2170 2118 2274 2174 Cui
2305 2119 2540 2174 Manueli
2568 2128 2626 2175 et
2672 2136 2818 2177 cura:
2845 2132 2966 2178 erat
3019 2133 3079 2179 ut
3115 2125 3402 2182 dominum

1821 2212 2100 2283 diligeret,
2130 2222 2185 2268 et
2221 2212 2408 2267 verbis
2434 2213 2704 2284 factisque
2729 2214 2799 2270 ad
2844 2230 2966 2270 eam
2997 2231 3112 2272 rem
3153 2233 3211 2272 se
3253 2234 3404 2274 com-

1819 2313 2068 2375 poneret.
2105 2305 2294 2373 Itaque
2325 2305 2681 2374 progreditur
2708 2305 2764 2359 in
2804 2307 3038 2371 circum,
3067 2309 3398 2379 cunctisque

1819 2397 2149 2452 satellitibus
2178 2397 2496 2452 convocatis
2517 2406 2573 2450 et
2594 2398 2865 2453 militibus
2888 2399 2943 2454 in
2969 2415 3108 2469 quos
3142 2400 3396 2457 ﬁduciam

1819 2489 2074 2551 habebat,
2115 2488 2280 2542 ﬁdem
2315 2495 2373 2542 et
2417 2488 2794 2543 obedientiam
2845 2506 2973 2560 erga
3009 2505 3136 2545 eum
3171 2507 3397 2546 conser-

1818 2590 2064 2645 vaturos,
2088 2581 2360 2652 ejusmodi
2391 2581 2700 2635 orationem
2745 2581 3000 2635 orditur:
3035 2602 3052 2633 ι
3088 2582 3250 2636 Scitis
3282 2600 3396 2638 om-

1816 2689 1934 2737 nes,
1972 2687 2004 2726 ο
2041 2673 2167 2737 viri,
2201 2672 2384 2742 qualia
2411 2671 2584 2726 nostri
2615 2687 2742 2742 erga
2793 2688 2891 2727 vos
2929 2676 3132 2728 amoris
3181 2685 3397 2730 exstent

1815 2764 2165 2828 documenta,
2195 2763 2325 2818 dum
2358 2764 2414 2816 in
2448 2779 2578 2818 cura
2613 2779 2713 2833 pro
2739 2765 2898 2819 vobis
2927 2765 3168 2834 gerenda
3209 2775 3265 2820 et
3296 2784 3396 2836 pa-

1818 2856 2036 2910 trocinii
2081 2857 2192 2926 78
2223 2856 2484 2910 comitate
2518 2870 2643 2910 cum
2693 2856 3056 2912 beneﬁcentia
3106 2861 3397 2928 conjuncta

1815 2949 2138 3018 neutiquam
2177 2948 2358 3004 oﬂicio
2396 2950 2681 3004 desumus.
2726 2949 3077 3021 Quapropter
3107 2951 3269 3006 decet
3299 2968 3396 3007 vos

119 3045 433 3116 τιχάριτας,
466 3044 521 3098 ἐν
660 3013 834 3113 λόγων
864 3013 1046 3097 πειθοῖ
1075 3044 1166 3097 καὶ
1195 3045 1304 3097 τῶν
1350 3045 1527 3116 ἔργων
1549 3013 1571 3075 ’ν
1613 3047 1704 3100 καὶ

1814 3041 1974 3094 nobis
1991 3013 2205 3095 referre
2230 3041 2486 3110 gratiam,
2519 3040 2795 3096 dictorum
2849 3051 2904 3096 et
2952 3044 3221 3098 factorum
3258 3045 3392 3098 obe-

117 3141 256 3207 ὃπερ
292 3136 404 3205 (15)
437 3136 503 3190 ἂν
536 3139 669 3208 ἡμῖν
723 3136 943 3206 αἱρετὸν
991 3136 1357 3207 διακέκριται,
1406 3138 1565 3190 τοῦτο
1591 3140 1708 3191 ἐλέ-

121 3230 250 3283 σθαι
310 3229 686 3294 σπουδάζοιτε,
739 3231 834 3284 καὶ
880 3230 908 3282 ὃ
953 3229 1047 3283 ἐὰν
1097 3231 1333 3300 ἀρέσκον
1365 3229 1499 3300 (16),
1565 3232 1708 3285 κατὰ

119 3320 361 3392 σπουδὴν
387 3324 483 3374 καὶ
505 3321 823 3392 προαίρεσιν
853 3322 915 3375 τὸ
962 3323 1211 3385 εὐπειθὲς
1246 3322 1394 3392 αὐτῷ
1420 3325 1581 3394 μέχρι
1611 3325 1706 3378 καὶ

116 3410 370 3464 κινδύνου
403 3411 601 3476 παντὸς
623 3413 1015 3477 ἐπιδείξασθαι.
1054 3433 1072 3465 ι
1110 3413 1333 3478 Τούτοις
1385 3411 1480 3469 οὖν
1507 3417 1704 3479 αὐτοὺς

115 3504 462 3572 παραινέσας
498 3503 632 3574 (17),
692 3505 1039 3575 παραχρῆμα
1076 3507 1316 3570 ἅπαντες
1344 3507 1411 3560 τὰ
1439 3508 1537 3577 τῆς
1569 3509 1703 3577 ἀρε-

116 3596 308 3657 σκείας
339 3593 488 3664 αὐτῷ
517 3594 613 3647 καὶ
649 3595 896 3665 ὑπακοῆς
925 3596 992 3649 δι’
1027 3600 1206 3668 ὅρκων
1240 3598 1452 3667 συχνῶν
1478 3599 1703 3669 παρετί-

115 3687 275 3740 θεντο
294 3704 306 3716 ’
328 3687 634 3756 ὴλπίκεσαν
664 3687 771 3760 γὰρ
804 3689 946 3742 κατὰ
973 3689 1096 3743 νούν
1115 3691 1297 3761 ὄρεξιν
1317 3690 1461 3762 ἔχειν
1484 3693 1581 3763 τῆς
1604 3692 1702 3761 βαι

114 3778 326 3838 σιλείας
353 3779 444 3830 τὸν
478 3777 732 3849 Μανουὴλ
764 3779 858 3832 καὶ
884 3779 972 3833 διὰ
1019 3781 1179 3834 τοῦτο
1206 3780 1428 3836 τοιαῦτα
1493 3800 1699 3837 κατεπ-

113 3873 266 3943 ᾲδειν
320 3872 502 3926 αὐτῶν
533 3873 598 3938 ¹³,
626 3875 674 3926 εί
705 3873 800 3926 καὶ
853 3874 921 3927 τὰ
975 3875 1272 3931 ὑπεναντία
1299 3876 1510 3939 τούτοις
1568 3878 1698 3950 παρ’

110 3964 280 4017 αὐτοῦ
310 3964 649 4035 διηγόρευτο.
691 3966 1012 4038 Ἐκεκράγει
1041 3968 1149 4039 γὰρ
1176 3970 1477 4042 διαρρήδην
1499 3987 1513 4003 ·
1553 3990 1571 4023 ι
1592 3973 1700 4025 Μι-

109 4056 256 4127 χαὴλ
281 4073 339 4110 τε
371 4057 462 4110 καὶ
493 4057 773 4128 Θεοδὼρας
802 4059 874 4112 τὰ
921 4061 1015 4132 ἐτη
1049 4063 1184 4133 πρὸς
1233 4063 1485 4118 πλεῖστον
1541 4065 1698 4119 ὁδεύ-

110 4164 280 4202 σειεν.
304 4165 323 4199 ι
391 4149 478 4212 Ὦς
505 4150 562 4202 δὲ
587 4150 792 4222 ταύτης
816 4154 918 4225 τῆς
943 4155 1301 4227 ἀναρρήσεως
1354 4157 1694 4230 διενήχηντο,

109 4239 467 4311 ἐπλήσθησαν
511 4243 749 4313 ἀθυμίας
778 4247 874 4299 καὶ
920 4248 1238 4313 πολυειδοῦς
1284 4252 1698 4323 ἐνεφορήθησαν

1812 3133 2020 3188 dientia
2046 3150 2059 3186 :
2101 3140 2267 3202 atque
2291 3133 2436 3202 quod
2468 3132 2885 3203 nostrojudicio
2913 3133 3172 3202 placitum
3205 3133 3392 3196 fuerit,

1812 3226 1917 3279 hoc
1941 3225 2104 3279 facite
2133 3224 2293 3279 vobis
2326 3226 2558 3294 placeat,
2582 3226 2908 3295 placitoque
2932 3225 3178 3280 studiose
3217 3234 3273 3280 et
3299 3242 3394 3280 vo-

1811 3317 1991 3371 lenter
2024 3316 2423 3384 obedientiam,
2469 3319 2637 3373 etiam
2673 3318 2906 3389 periculi
2944 3327 3103 3374 tenus
3129 3319 3391 3388 cujuSvis.

1810 3410 2223 3465 accommodate
2250 3419 2306 3466 et
2337 3412 2632 3467 ostendite.
2673 3430 2691 3464 ι
2719 3412 2815 3468 His
2844 3427 2970 3468 eum
3005 3428 3102 3468 eos
3135 3413 3394 3467 adhorta-

1811 3509 1898 3557 tus
1959 3502 2175 3570 fuisset,
2211 3505 2396 3559 statim
2448 3520 2642 3561 omnes
2687 3513 2996 3576 promptam
3040 3522 3168 3578 erga
3212 3507 3390 3577 ipsum

1808 3595 2148 3651 voluntatem
2195 3607 2252 3653 et
2300 3598 2674 3654 obedientiam
2705 3599 2995 3669 multiplici
3031 3601 3391 3671 jurejurando

1807 3688 2128 3743 detulerunt
2154 3707 2167 3743 :
2196 3691 2466 3760 putabant
2491 3693 2642 3746 enim
2685 3707 2814 3746 eum
2865 3694 2920 3746 in
2961 3692 3145 3747 animo
3185 3693 3388 3748 habere

1804 3782 2212 3837 afl‘ectationem
2233 3783 2474 3854 imperii,
2507 3799 2572 3839 ac
2602 3793 2897 3854 pr0pterea
2929 3786 3055 3840 talia
3084 3787 3384 3842 incantare.

1806 3871 1913 3926 Sed
1969 3875 2308 3929 contrarium
2345 3875 2481 3945 iipse
2539 3875 2864 3930 indicavit:
2924 3877 3180 3932 clamavit
3237 3880 3386 3933 enim

1803 3964 1951 4018 clara
1969 3981 2104 4020 voce
2129 3985 2142 4019 :
2171 3985 2190 4018 ι
2220 3967 2501 4023 Michaelis
2516 3976 2571 4022 et
2588 3967 2893 4023 Theodorae
2909 3969 3039 4023 anni
3068 3969 3385 4040 longissime

1803 4057 2107 4125 procedant
2136 4075 2151 4111 :
2181 4077 2200 4110 ι
2240 4075 2401 4127 quam
2423 4059 2875 4116 acclamationem
2904 4071 2964 4116 ut
2994 4073 3383 4132 perceperunt,

1801 4151 2023 4206 tristitia
2053 4153 2246 4221 repleti
2275 4163 2405 4208 sunt
2439 4156 2705 4225 variaque
2734 4155 3012 4212 anxietate
3043 4158 3251 4219 satiati,
3284 4158 3379 4211 sed

1802 4250 1982 4296 tamen
2011 4242 2314 4311 iussionem
2339 4244 2752 4314 impleverunt:
2785 4255 2961 4319 atque.
2989 4246 3204 4318 imperii
3255 4248 3380 4304 initi

109 4333 365 4403 θλίψεως,
393 4335 507 4388 ἀλλ’
529 4338 679 4407 ὅμως
698 4338 760 4391 τὸ
785 4342 1095 4411 προπαγέν
1117 4343 1449 4417 ἐξεπλήρουν
1468 4360 1481 4376 ⁸
1510 4348 1606 4400 καὶ
1631 4350 1698 4403 τὰ

1810 4333 1944 4388 ratio
1979 4332 2122 4387 fama
2155 4335 2564 4406 divulgabatur.

105 4428 207 4495 τῆς
231 4427 659 4498 αὐτοκρατορίας
688 4429 730 4461 ³⁸
763 4429 1169 4501 διετετράνωτο.

179 4519 293 4571 Καλι
319 4519 386 4573 τὰ
415 4520 514 4590 τῆς
539 4521 849 4591 όρθοδοξίας
875 4528 1319 4583 ἀνακαλύπτεται
1355 4530 1468 4604 (18)
1501 4533 1694 4606 καιροῦ

104 4609 385 4678 λαϐόμενα
407 4611 638 4679 εὐαγοῦς
663 4616 758 4668 καὶ
785 4615 1060 4685 θεοφιλίας
1094 4620 1305 4691 ἀνδρῶν
1328 4624 1694 4695 εύπροθέτων,

103 4703 207 4769 τῆς
231 4703 508 4774 στυγητῆς
543 4705 812 4776 αἱρέσεως
845 4709 956 4762 τῶν
973 4713 1347 4784 είκονομάχων
1378 4714 1490 4787 (19)
1512 4716 1697 4771 διασυ-

107 4794 299 4866 ρείσης
324 4795 435 4849 ἀπὸ
458 4797 734 4868 βασιλείας
754 4800 985 4868 Λέοντος
1003 4803 1096 4858 τοῦ
1131 4807 1499 4879 Ἀμαληκίτου
1534 4813 1696 4882 μέχρι

102 4887 314 4956 χρόνων
360 4886 473 4960 (20)
524 4887 588 4945 λ’.
617 4891 839 4961 Είχοντο
867 4894 924 4947 δέ
974 4895 1070 4949 τοῦ
1109 4899 1295 4964 εὐθέος
1326 4903 1531 4958 σκοποῦ
1578 4906 1687 4959 ὅτε
1795 4920 1868 4975 im

101 4977 447 5046 Θεόκτιστος,
485 4981 662 5047 ἄλλως
687 5001 744 5037 τε
771 4986 866 5040 καὶ
895 4987 1056 5053 αὐτὸς
1083 4991 1364 5064 Μανουὴλ,
1405 4999 1452 5050 εί
1483 5000 1580 5054 καὶ
1598 5001 1688 5058 διὰ

1868 4555 2048 4626 Atque
2109 4558 2416 4615 orthodoxa
2482 4562 2620 4619 ﬁdes
2679 4566 2979 4633 revelatur,
3030 4572 3378 4629 occasionem

1793 4656 1955 4700 nacta
1979 4649 2122 4716 piam
2154 4661 2209 4704 et
2253 4653 2500 4708 virorum
2531 4655 2737 4711 bonum
2791 4661 3134 4730 propositum
3169 4663 3382 4720 haben-

1795 4737 1934 4791 tium
1964 4740 2276 4810 religiosum
2306 4745 2587 4814 allectum,
2619 4764 2746 4804 cum
2771 4750 3120 4808 detestabilis
3152 4756 3379 4813 haeresis

1797 4829 2064 4902 imagines
2125 4839 2566 4907 oppugnantium
2620 4842 2858 4898 deducta
2890 4844 3084 4900 fuisset
3133 4849 3262 4904 inde
3311 4851 3380 4907 ab

1875 4923 2032 4990 perio
2058 4924 2260 4981 Leonis
2290 4928 2439 4986 illius
2475 4932 2788 4992 Amalecilae
2817 4939 2885 4992 ad
2919 4942 3256 5013 trigesimum
3283 4961 3382 4999 an-

1797 5028 1953 5068 num.
2014 5016 2299 5074 Tenebant
2361 5032 2545 5079 autem
2610 5027 2716 5083 hoc
2796 5041 3009 5087 rectum
3087 5038 3376 5094 consilium

1387 5089 1617 5148 VARle
1661 5097 1959 5160 LECTION
1967 5107 2067 5162 ES.

175 5165 218 5194 "
245 5164 543 5220 Βασιλειῶν
581 5169 622 5222 δ’
655 5184 766 5224 om.
801 5169 870 5226 L.
951 5173 993 5205 "
1032 5177 1421 5248 κηδεμονείαις
1448 5184 1511 5241 L.
1594 5188 1638 5225 ¹³
1663 5192 1866 5268 αὐτῶν]
1898 5183 2058 5265 αὑτὸν
2083 5202 2148 5257 L.‘
2227 5206 2269 5237 “

2307 5207 2612 5278 θεοφιλείας
2639 5212 2702 5268 L.

1298 5277 1542 5337 STEPH.
1572 5284 1916 5348 BERGLERI
1949 5297 2181 5357 ΝΟΤᾸζ.

101 5353 637 5493 Ρ.(ἒὲ)ὶ’5ξ;ιξὲοίῗοε.
667 5375 720 5429 p.
750 5361 876 5429 428,
903 5364 1071 5422 habet
1096 5369 1283 5433 ,ςτλε’.
1313 5373 1512 5447 Georg.
1535 5378 1684 5435 Mon.

100 5495 478 5619 inggéFonl.
515 5499 636 5555 init.
670 5502 768 5557 lib.
794 5520 867 5581 ιν.
889 5505 1052 5561 Cedr.
1080 5524 1134 5578 p.
1160 5511 1284 5568 555.
1312 5514 1446 5570 Zon.
1475 5535 1528 5588 p.
1558 5520 1680 5589 142,

173 5637 286 5708 (14)
318 5638 480 5692 Ccdr.
507 5655 560 5708 p.
589 5643 710 5708 555,
743 5646 795 5700 in
829 5647 958 5704 ﬁne.

168 5708 283 5774 (ίῦ)
317 5709 448 5763 Mire
474 5710 736 5770 loquitur.

169 5779 284 5849 (16)
322 5778 397 5833 ita
451 5781 563 5838 lucc
611 5786 836 5858 scripta,
884 5807 992 5849 non
1043 5796 1135 5850 καὶ
1170 5801 1195 5852 ὀ
1234 5800 1329 5856 ἐὰν
1360 5805 1594 5876 ἀρέσκον
1624 5803 1679 5883 ᾗ,

1797 5398 1975 5476 potest
2010 5402 2190 5476 tamen
2228 5400 2336 5453 ἀπὸ
2365 5405 2544 5476 κοινοῦ
2573 5405 2714 5459 sumi
2745 5406 3018 5476 κέκριται.

2010 5465 2224 5545 ltursus
2246 5474 2620 5545 nominativus
2653 5492 2753 5545 pro
2780 5463 2953 5545 genit.
2986 5463 3262 5536 absoluto.

1870 5534 2301 5616 (l8)_Sacra_rum
2375 5534 2675 5616 imaginum
2745 5534 2932 5605 cnltus
3011 5534 3371 5610 instauratur.

1793 5601 1968 5660 Com.
1990 5606 2109 5662 init.
2146 5610 2243 5666 lib.
2271 5629 2342 5668 tv.

2006 5678 2170 5802 lCedr.
2208 5698 2261 5764 p_.
2297 5684 2420 5740 55L
2668 5762 2678 5772 ι

2036 5791 2046 5802 .
2073 5767 2122 5802 e.
2154 5755 2310 5802 ὲτων-
2348 5765 2407 5802 ut
2442 5773 2604 5802 ςιιηιιςα
2645 5760 2678 5802 ιι

1922 5748 1974 5805 Ol
2006 5748 2046 5806 l.
2073 5767 2122 5808 e.
2154 5748 2311 5824 ἐτ’ῶν,
2348 5765 2407 5812 ut
2442 5773 2606 5830 supra
2645 5760 2740 5819 lib.
2777 5779 2814 5830 ι,
2852 5772 2990 5819 extr.
3016 5763 3229 5824 BOSIL'S.
