4146 6436
776 386 907 452 1091

2075 378 2393 440 JOSEPHI
2426 376 2739 435 GENESII

3911 375 4038 441 1092

771 495 1148 557 'l‘heoctistus,
1181 508 1245 547 ac
1274 504 1542 563 praeterea
1589 493 1705 563 ipse
1739 493 1973 557 Manucl,
2006 492 2109 546 etsi
2143 492 2234 545 hic
2270 491 2356 543 in-

2468 489 2629 557 μέσου
2681 489 2829 549 τινξς
2864 488 3316 556 παρεμπεσόντος
3367 486 3666 541 διώκλασεν
3700 491 3838 561 (21).
3883 488 4043 545 Ἀλλὰ

772 587 1118 642 terveniente
1155 594 1403 654 tempore
1448 586 1688 655 quodam
1723 594 1964 639 nutaret.
2011 583 2120 639 Sed
2163 581 2358 637 incidit

773 681 827 732 in
860 679 1097 747 aliquem
1129 676 1408 742 morbum,
1440 677 1513 732 ob
1544 692 1707 748 quem
1734 692 1838 746 pro
1863 677 2159 748 desperato
2189 672 2359 730 habe-

771 770 933 823 batur
959 786 971 821 :
1014 769 1067 821 in
1114 768 1210 821 illo
1239 768 1437 822 morbo
1482 769 1630 823 Deus
1657 767 1987 823 miraculose
2018 780 2179 837 agere
2206 765 2360 821 visus

770 866 877 922 est,
905 867 965 911 ut
995 859 1047 911 in
1074 857 1315 911 Ezeehia
1340 856 1570 912 scilicet.
1592 856 1709 912 Hoc
1733 857 1901 928 igitur
1925 856 2120 911 morbo
2137 855 2361 910 teneba-

776 959 887 1011 tur,
914 956 969 1002 et
1001 948 1357 1004 vehementer
1386 948 1776 1003 macerabatur
1808 947 1918 1018 79
1961 962 2026 1001 ac
2046 944 2203 1001 intus
2247 954 2360 1001 sta-

774 1040 1002 1094 bulante
1033 1048 1254 1110 torpore
1279 1038 1741 1105 mortificabatur,
1789 1047 1850 1093 ut
1895 1038 2153 1093 omnibus
2201 1037 2359 1092 vide-

776 1138 935 1184 retur
958 1139 1210 1185 mortuus
1239 1146 1383 1198 esse,
1422 1132 1526 1186 etsi
1558 1131 1818 1201 exiguum
1846 1130 2182 1200 spiraculum
2211 1129 2358 1186 scin-

777 1223 984 1277 tillaret
1011 1221 1283 1292 exilisque
1332 1231 1388 1277 et
1428 1221 1628 1277 debilis
1659 1236 1767 1276 vox
1801 1236 1901 1291 per
1949 1220 2237 1275 intervalla
2291 1233 2361 1275 ex

775 1314 898 1383 ipso
923 1312 1234 1367 audiretur.
1263 1313 1345 1367 Ad
1372 1312 1489 1366 haec
1518 1310 1653 1381 quid
1681 1310 1763 1377 ﬁt,
1792 1320 1849 1366 et
1877 1327 1999 1381 qua:
2019 1310 2117 1366 Dei
2153 1310 2363 1366 machi-

776 1403 928 1455 natio
967 1403 989 1455 ?
1050 1402 1267 1456 Excitat
1304 1402 1606 1456 monachos
1656 1418 1724 1456 ex
1770 1401 1950 1456 Studii
2002 1401 2358 1464 monasterio,

2463 579 2786 651 περιπίπτει
2818 581 2928 632 τινὶ
2961 581 3268 652 ἀρρωστίᾳ,
3324 580 3392 634 δι’
3445 576 3627 652 ἧσπερ
3678 584 4041 651 ἀπέγνωστο·

2461 670 2585 723 καθ’
2629 671 2697 741 ὴν
2748 670 2881 733 Θεὸς
2930 670 3378 740 παραδοξοποιῶν
3410 672 3486 735 ὡς
3541 673 3633 725 ἐπὶ
3663 674 3759 726 τοῦ
3803 676 4047 739 Ἐζεκίου

2460 761 2661 831 δηλαδὴ
2687 760 3101 828 καταφαίνεται.
3136 760 3420 830 Συνείχετο
3456 762 3637 815 τοίνυν
3684 766 3751 835 τῇ
3782 765 3927 833 νόσῳ
3958 768 4049 819 καὶ

2462 853 2711 922 χαλεπῶς
2736 851 3070 923 ὲτετρύχωτο
3100 853 3195 906 καὶ
3216 853 3502 923 ὲγκατὸχῳ
3536 854 3688 924 κάρῳ
3721 855 4045 923 νενέκρωτο,

2461 941 2536 1005 ὼς
2566 943 2818 997 ἐντεῦθεν
2847 944 3025 997 ἐδόκει
3074 945 3208 998 πᾶσι
3235 944 3512 1009 τεθνάναι,
3563 945 3611 997 εἰ
3641 946 3736 998 καὶ
3776 944 3958 1014 βραχύ
3999 962 4047 996 τι

2462 1035 2683 1105 πνεῦμα
2715 1039 2775 1090 ὲν
2803 1036 2955 1108 αὐτῷ
2986 1037 3369 1109 ὲσπινθήριζεν
3407 1036 3629 1108 ἀμυδρᾶ
3657 1054 3719 1090 τε
3751 1038 3913 1108 φωνὴ
3942 1039 4049 1091 δια-

2466 1130 2817 1200 στηματικῶς
2842 1130 2903 1194 ἐξ
2929 1128 3095 1184 αὑτοῦ
3124 1129 3428 1198 διηκοὺετο.
3484 1130 3627 1199 ῐῐρδς
3671 1129 3848 1183 ταῦτα
3879 1130 3935 1181 τί
3967 1132 4048 1197 γί-

2463 1237 2635 1285 νεται,
2691 1222 2789 1274 καὶ
2817 1219 2870 1273 τί
2903 1222 2965 1275 τὸ
2997 1221 3130 1289 περ),
3157 1221 3310 1292 ἡμᾶς
3338 1220 3432 1273 τοῦ
3473 1221 3609 1274 Θεοῦ
3651 1220 4046 1292 μηχανούργη-

2472 1328 2584 1381 μα;
2617 1311 2938 1383 Διανίστησι
2974 1316 3245 1382 μοναχοὺς
3272 1312 3382 1363 τῶν
3414 1311 3661 1364 Στουδίου
3692 1310 3830 1379 (22),
3855 1312 4052 1380 ἄνδρας

2462 1404 2539 1474 τῷ
2567 1404 2681 1457 δντι
2730 1403 2850 1473 Θεῷ
2902 1404 3205 1471 γνωστοὺς,
3258 1402 3735 1473 ἐπισκεψαμένους
3779 1405 3929 1456 κατὰ
3958 1407 4051 1471 τὴν

776 1494 926 1547 viros
978 1506 1170 1547 revera
1200 1493 1312 1548 Deo
1353 1502 1515 1548 notos
1565 1503 1623 1549 et
1658 1494 1885 1558 amicos,
1923 1493 2019 1562 qui
2069 1493 2362 1547 visitarent

2468 1496 2757 1564 ὑστεραίαν
2784 1495 2947 1548 αὐτόν
2981 1494 3115 1565 (25).
3161 1494 3487 1564 Ἐξήκουσετο
3518 1494 3626 1563 γαρ
3692 1497 3893 1566 ὅτιπερ
3951 1498 4053 1549 ἀπ-

777 1585 957 1654 ipsum
983 1585 1277 1653 postridie.
1313 1585 1580 1640 Auditum
1614 1585 1763 1639 enim
1807 1584 1990 1639 fuerat
2022 1586 2179 1654 quasi
2212 1600 2360 1639 mor-

2481 1586 2636 1651 εϐίω,
2658 1588 2752 1639 κα)¹
2784 1588 3316 1657 συνεπεφοιτήκεσαν
3342 1588 3490 1649 ὅπως
3518 1586 3867 1656 ἐπικηδείους
3911 1588 4055 1655 αὐτῷ

776 1687 905 1732 tuus
929 1687 1099 1744 esset,
1126 1688 1614 1748 convenerantque
1644 1686 1707 1732 ut
1738 1679 1973 1750 hymnos
2018 1679 2281 1733 funebres
2308 1678 2361 1732 ei

2468 1676 2669 1748 ὕμνους
2703 1680 3052 1751 προσοίσειαν
3075 1696 3089 1709 ο
3120 1680 3303 1742 ὂτέως
3332 1680 3754 1749 ἐπεποιήκεσαν,
3774 1679 4054 1746 ὀλιγοδρα-

774 1769 1127 1823 aceinerent:
1177 1769 1321 1837 quod
1358 1786 1533 1840 usque
1574 1770 1757 1825 adhuc
1794 1770 2059 1834 fecerant,
2102 1769 2362 1839 languido

2468 1771 2639 1825 νέοντι
2673 1771 2813 1824 κατά
2838 1771 3055 1843 ποίησιν
3081 1770 3217 1843 (24).
3253 1770 3363 1824 Καὶ
3382 1768 3777 1840 προσελθόντες
3802 1774 3871 1839 τῇ
3903 1771 4053 1838 κλίνῃ

774 1868 831 1913 et
856 1858 1046 1913 debili.
1078 1858 1327 1929 Cumque
1368 1861 1734 1915 accessissent
1782 1860 1850 1914 ad
1881 1861 2086 1915 lectum
2134 1861 2361 1931 quidam

2468 1862 2579 1916 τῶν
2630 1862 2972 1931 μοναζόντων
3002 1863 3147 1924 τινὲς
3188 1861 3325 1932 (25),
3377 1862 3505 1931 περ).
3548 1855 3623 1913 ὧν
3667 1860 3783 1930 ήδη
3799 1860 4056 1930 ἀνωτέρω

774 1964 841 2004 ex
870 1950 1177 2015 monachis,
1208 1951 1276 2007 de
1306 1951 1510 2020 quibus
1552 1951 2178 2022 superiusmentionem
2224 1951 2361 2006 feci-

775 2059 920 2108 mus,
951 2044 1140 2097 confisi
1174 2045 1286 2097 Deo
1316 2052 1373 2097 et
1396 2044 1619 2099 virtutis
1644 2044 1971 2115 integritati,
1995 2044 2142 2099 bono
2174 2045 2362 2099 animo

774 2150 899 2190 esse
936 2136 1138 2205 jubent
1168 2136 1323 2190 illum
1355 2137 1512 2207 quasi
1539 2147 1822 2191 mortuum
1854 2147 1952 2191 aut
1973 2138 2199 2208 jamjam
2241 2153 2361 2191 mo-

777 2228 1041 2293 riturum,
1081 2228 1334 2283 dicentes
1380 2244 1507 2283 eum
1562 2230 1992 2283 convaliturum.
2029 2230 2098 2284 At
2148 2230 2245 2283 illo
2294 2246 2363 2284 ex

776 2320 972 2374 intimo
1004 2336 1207 2389 pressa:
1236 2321 1504 2391 angustiis
1536 2322 1734 2376 anima:
1756 2338 1865 2376 non
1894 2322 2030 2376 nihil
2059 2323 2362 2389 respirante

774 2426 839 2464 ac
869 2411 1157 2466 dubitante
1188 2428 1258 2467 an
1294 2413 1629 2483 sperandum
1663 2413 1718 2467 id
1745 2414 1851 2468 sibi
1882 2423 2050 2479 esset,
2091 2415 2365 2469 acclama-

776 2509 944 2555 runt:
980 2521 999 2554 ι
1034 2502 1190 2568 Quod
1239 2503 1285 2558 si
1340 2505 1621 2573 pollicitus
1669 2505 1842 2561 fueris
1875 2507 1987 2561 Deo
2045 2516 2096 2561 te
2147 2506 2364 2561 divinas

777 2594 1045 2663 imagines
1080 2596 1135 2648 in
1172 2596 1467 2665 pristinum
1507 2606 1711 2652 statum
1744 2599 2130 2653 restituturum
2171 2606 2228 2653 et
2277 2599 2362 2652 in-

776 2692 1174 2747 stauraturum,
1204 2684 1370 2738 vitam
1411 2685 1512 2739 tibi
1538 2686 1663 2740 laeto
1705 2686 1902 2740 nuntio
1946 2687 2360 2751 annuntiamus,

776 2788 876 2843 pro
924 2784 1077 2830 certo
1107 2773 1466 2831 afﬁrmantes.
1513 2797 1531 2828 ι
1564 2777 1874 2832 Abierant:
1906 2784 2073 2847 atque
2102 2779 2169 2841 is,
2218 2778 2364 2832 sicut

776 2868 1267 2931 aununtiaverant,
1286 2868 1614 2924 miraculose
1635 2870 1793 2941 quasi
1815 2868 1885 2923 ab
1904 2868 2095 2923 inferis
2113 2868 2362 2934 emersit,

776 2969 954 3014 morte
981 2960 1273 3015 liberatus.
1306 2961 1377 3017 Ut
1409 2961 1577 3032 igitur
1608 2978 1666 3017 se
1697 2963 1955 3033 cognovit
1984 2972 2182 3032 ιιι-αξιοι·
2208 2978 2362 3033 spem

775 3066 809 3104 a
838 3052 1033 3105 morbo
1075 3052 1446 3118 convaluisse,
1494 3069 1621 3107 cum
1678 3053 2027 3123 imperatrice
2071 3054 2362 3107 Theodora

777 3140 847 3197 de
876 3142 1184 3197 orthodoxa
1216 3143 1324 3198 fide
1350 3146 1460 3213 agit
1503 3154 1559 3198 et
1594 3144 1904 3208 contendit,
1932 3144 2186 3199 indicans
2213 3144 2264 3198 ei
2302 3153 2364 3198 ut

2474 1954 2664 2025 μνείαν
2698 1954 3047 2024 πεποιήμεθα
3079 1950 3215 2023 (26),
3249 1950 3652 2022 τεθαρρηκότες
3693 1949 3816 2020 Θεῷ
3844 1950 3945 2004 κα)⁵
3992 1954 4051 2018 τῇ

2468 2049 2568 2116 τῆς
2593 2047 2794 2116 ἀρετῆς
2822 2046 3119 2115 τελειότητι
3150 2043 3521 2116 ἀναθαρῤοὖσι
3558 2042 3652 2096 τὸν
3684 2044 3761 2105 ὼς
3787 2042 3988 2112 νεκρὸν
4022 2044 4051 2112 ἦ

2474 2138 2592 2207 μετ’
2619 2138 2800 2205 ὀλίγον
2823 2138 3105 2207 ἐσόμενον,
3136 2137 3385 2204 λέγοντες
3408 2134 3598 2188 τοῦτον
3631 2135 4057 2203 ἀναῤῥωσθήσε-

2471 2230 2617 2284 σθαι.
2645 2228 2752 2282 Τοῦ
2781 2229 2838 2283 δὲ
2861 2229 2928 2281 ὲκ
2968 2227 3165 2298 βάθους
3200 2226 3578 2296 ὲστενωμένης
3609 2226 3789 2296 ψυχῆς
3825 2225 3943 2297 (27)
3973 2245 4059 2289 μι-

2471 2322 2602 2392 κρόν
2655 2338 2709 2374 τι
2763 2320 3151 2389 ἀνενεγκόντος
3198 2320 3294 2372 καὶ
3337 2318 3773 2386 διαπορήσαντος
3821 2319 3870 2369 εί
3904 2318 4057 2370 ττίτπ

2470 2415 2626 2469 ἔσται
2652 2414 2802 2484 αὑτῷ
2830 2417 2950 2467 κατ’
2983 2412 3195 2479 ἐλπίδα,
3218 2411 3552 2481 ἐπεϐόησαν,
3585 2409 3659 2473 ὡς
3689 2427 3708 2460 ι
3743 2411 3919 2479 Εἴπερ
3951 2412 4055 2477 (28)

2470 2506 2529 2556 ὲν
2563 2503 2854 2574 ὑποσχέσει
2880 2503 2995 2557 ἔστι
3028 2519 3109 2555 σοι
3136 2501 3275 2572 πρὸς
3325 2500 3458 2554 Θεὸν
3491 2501 3590 2563 τὰς
3643 2501 3799 2564 Θείας
3842 2502 4057 2562 εἰκόνας

2470 2592 2615 2647 κατά
2638 2593 2700 2645 τὸ
2726 2594 2953 2663 ἀρχαῖον
2990 2590 3426 2659 ἀνανεώσασθαι,
3456 2591 3555 2661 τὴν
3599 2590 3745 2661 ζωὴν
3770 2592 4058 2661 εὐαγγελι-

2471 2684 2679 2755 ζόμεθα
2701 2684 3096 2755 βεϐαιούμενοι.
3138 2704 3158 2737 ι
3206 2685 3479 2756 ’Δπῄεσαν
3512 2686 3575 2750 η,
3608 2685 3705 2737 καὶ
3737 2684 3800 2737 τὸ
3828 2686 4059 2753 εὐαγγε-

2471 2776 2654 2830 λισθὲν
2697 2778 2978 2847 συντόμως
3010 2779 3527 2848 ἐπεπραγμάτευτο,
3584 2778 3682 2830 καὶ
3734 2778 4057 2846 παραδόξως

2470 2867 2546 2932 ὡς
2565 2868 2625 2934 ἐξ
2652 2869 2781 2940 ᾅδου
2806 2870 2967 2924 ἀνέδυ
3021 2871 3114 2923 τοῦ
3157 2871 3386 2924 θανάτου
3428 2870 3786 2937 ἀπαλλαγείς.
3834 2872 3925 2932 '0;
3971 2868 4058 2923 οὖν

2471 2960 2665 3013 ἑαυτὸν
2708 2960 2969 3029 διέγνωκε
3023 2962 3155 3033 παρ’
3184 2960 3377 3014 ἐλπίδα
3425 2963 3524 3031 τῆς
3584 2958 3877 3022 ἀσθενείας
3924 2959 4058 3011 ἁπο-

2472 3052 2737 3120 ραῒσαντα
2762 3053 2896 3121 (29),
2920 3055 3058 3124 πρὸς
3085 3051 3407 3122 βασίλισσαν
3443 3050 3727 3121 Θεοδώραν
3757 3050 4057 3120 ὁρθοδόξως

2471 3144 2854 3215 διαγωνίζεται
2886 3146 3022 3217 (50),
3061 3146 3287 3217 φράζων
3318 3146 3458 3215 αὐτῇ
3484 3145 3582 3208 τὰς
3613 3145 3891 3207 σεϐαστὰς
3926 3147 4053 3197 ἀνα-

776 3233 1128 3289 venerabiles
1162 3233 1499 3289 instauraret
1542 3236 1809 3305 imagines
1841 3236 1897 3289 in
1941 3245 2142 3290 statum
2174 3236 2362 3306 pristi-

2468 3207 2731 3302 καινίζειν
2752 3207 3136 3301 εἰκόναςιέιατα
3160 3207 3221 3291 τί)
3250 3207 3521 3308 πρότερον
3554 3236 3691 3305 (51),
3721 3236 3909 3299 καθὼς
3931 3238 4054 3305 περὶ

779 3340 913 3381 num
942 3343 956 3390 ;
981 3325 1449 3395 quemadmodum
1482 3326 1549 3380 de
1578 3341 1644 3381 ea
1672 3342 1732 3380 re
1756 3326 1898 3381 forte
1920 3335 1978 3381 et
2001 3326 2105 3396 ipsi
2132 3327 2369 3397 impera-

778 3414 905 3469 trici
932 3413 1229 3468 videbatur
1255 3423 1311 3469 et
1341 3415 1615 3483 placebat,
1642 3415 1790 3485 quod
1820 3416 2012 3486 pietati
2042 3425 2099 3472 et
2126 3417 2240 3487 80
2274 3433 2365 3472 re-

776 3506 968 3577 ligioni
994 3521 1137 3562 verae
1182 3507 1508 3571 adhaereret,
1547 3508 1853 3579 adjutante,
1882 3520 1943 3564 ut
1972 3510 2149 3576 aiunt,
2198 3511 2366 3566 etiam

776 3596 1009 3665 patricia
1041 3608 1217 3652 matre
1247 3598 1369 3667 ejus
1398 3599 1789 3669 germanisquc
1812 3600 2061 3669 ejusdem
2094 3602 2362 3670 patriciis:

775 3688 873 3743 sed
902 3688 992 3743 illa
1031 3690 1151 3745 istis
1181 3690 1420 3755 obstitit,
1447 3707 1511 3745 ac
1540 3692 1775 3745 Manueli
1809 3694 1983 3747 multo
2014 3693 2210 3763 magis,
2234 3690 2368 3749 'sive

775 3792 1002 3851 propter
1025 3791 1188 3837 tanta:
1216 3783 1295 3837 rei
1319 3782 1703 3847 mutationem,
1727 3784 1842 3839 sive
1868 3783 1939 3839 ob
1964 3799 2208 3839 amorem
2236 3800 2367 3855 erga

778 3876 1037 3927 maritum
1079 3873 1313 3929 fortasse
1358 3875 1590 3929 nimium
1638 3875 1882 3931 humana
1914 3877 2121 3932 divinis
2172 3876 2367 3947 praefe-

776 3981 927 4020 rens.
965 3967 1109 4020 Dixit
1135 3968 1282 4021 enim
1305 3968 1374 4023 ad
1416 3967 1765 4023 Manuelem:
1803 3989 1821 4020 ι
1855 3969 2083 4025 Maritus
2121 3986 2279 4026 meus
2309 3980 2365 4025 et

777 4056 1078 4127 imperator
1135 4061 1308 4115 beata:
1365 4061 1665 4125 memoriae,
1697 4061 1967 4130 sapientia
2024 4060 2360 4117 sufﬁcienter

778 4147 1083 4204 instructus
1130 4160 1271 4217 erat,
1302 4166 1407 4205 nec
1436 4167 1563 4206 eum
1597 4152 1731 4219 quid
1765 4151 1886 4207 fieri
1915 4152 2140 4208 deceret
2187 4162 2282 4208 aut
2330 4170 2363 4210 ο

779 4258 838 4297 re
865 4252 1011 4298 esset
1040 4244 1247 4300 latebat
1272 4262 1285 4298 :
1316 4247 1596 4316 quomodo
1628 4247 1797 4317 igitur
1828 4247 1978 4301 illius
2004 4248 2359 4303 constitutio-

2467 3329 2661 3383 τούτου
2698 3330 2841 3401 τάχα
2871 3331 2965 3383 καὶ
2990 3330 3162 3401 ταύτῃ
3212 3331 3518 3401 συνήρεσκε
3548 3328 3830 3396 θεοφιλίας
3856 3329 3903 3359 ¹⁶
3928 3345 4053 3397 γνη-

2470 3422 2592 3485 σίας
2613 3420 2908 3491 ὲξεχομένη
2937 3422 3075 3489 (52),
3117 3418 3759 3489 συνεπιλαμϐανομένης,
3797 3420 3873 3481 ὦς
3903 3436 4050 3487 φασι,

2468 3514 2563 3567 καὶ
2590 3513 2885 3585 πατρικίας
2910 3514 3010 3583 τῆς
3038 3512 3240 3583 ταύτης
3273 3511 3483 3584 μητρὸς
3530 3513 3624 3564 καὶ
3652 3510 3764 3563 τῶν
3798 3512 4054 3564 αὐταξέλ-

2466 3623 2584 3676 φων
2617 3607 2791 3676 αὐτῆς
2821 3608 3146 3675 πατρικίων.
3191 3603 3333 3657 Ἀλλ’
3383 3604 3717 3657 ἀντέπιπτεν
3756 3603 3905 3673 αὕτη
3934 3602 4054 3656 τοῦ-

2464 3713 2579 3759 τοις
2629 3696 2724 3749 καὶ
2760 3696 2839 3766 τῷ
2870 3696 3132 3765 Μανουὴλ
3166 3694 3259 3748 ἐπὶ
3293 3692 3498 3765 μᾶλλον
3526 3693 3660 3763 (55),
3709 3693 3825 3748 εἴτε
3848 3695 3940 3748 διὰ
3966 3695 4054 3760 τὴν

2463 3790 2559 3843 τοῦ
2584 3788 2906 3860 τηλικούτου
2946 3789 3241 3859 μετάθεσιν
3273 3788 3622 3859 πράγματος,
3655 3786 3769 3839 εἴτε
3802 3788 3897 3840 διὰ
3934 3788 4051 3857 φιλ-

2470 3882 2701 3955 ανδρίαν
2775 3883 2907 3945 ἴσως
2955 3882 3266 3953 παράλογον
3305 3879 3442 3949 (54),
3477 3880 3920 3948 προτιμωμένην
3951 3880 4053 3948 (55)

2462 3975 2558 4029 τοῦ
2588 3975 2726 4029 Θεοῦ
2750 3976 2818 4030 τὰ
2846 3974 3185 4046 ἀνθρώπινα.
3213 3974 3441 4043 Εἰρήκει
3475 3972 3582 4041 γὰρ
3607 3969 3747 4041 πρὸς
3777 3972 4053 4041 ﬂavo-sig},

2468 4069 2543 4131 ὡς
2572 4087 2591 4122 ι
2636 4069 2701 4122 '0
2724 4069 2855 4139 ὲμδς
2895 4067 3008 4141 (56)
3055 4068 3197 4139 ἀνήρ
3249 4083 3309 4118 τε
3342 4068 3434 4117 καὶ
3462 4062 3718 4133 βασιλεὺς
3750 4065 4053 4132 μακαρίτης

2473 4162 2668 4229 σοφίας
2692 4161 3009 4232 ἀρκούντως
3054 4159 3317 4231 ἒξείχετο,
3370 4155 3466 4210 καὶ
3504 4154 3656 4207 οὐδὲν
3687 4152 3802 4207 τῶν
3834 4155 4053 4206 δεόντωι

2473 4251 2627 4324 αὐτῷ
2649 4253 2920 4326 ὲ).ελήθει’
2972 4254 3068 4306 καὶ
3120 4250 3238 4315 πῶς
3268 4247 3379 4303 τῶν
3429 4245 3640 4299 ἐκείνου
3670 4243 4053 4316 διαταγμάτων

2061 4364 2291 4420 VARIA‘Z
2348 4364 2752 4423 LECTIONFS.

872 4452 912 4481 ’⁸
942 4458 1175 4504 απιεσαν
1206 4453 1268 4505 L.
1348 4454 1390 4484 ¹⁶
1418 4453 1724 4522 θεοφιλειας
1760 4455 1825 4508 L.

1940 4548 2187 4603 STEPH.
2217 4548 2563 4605 BEBGLERI
2596 4552 2830 4607 ΝΟΤιἘ.

850 4634 961 4710 (ει)
994 4634 1250 4710 (ξεςιπηι).
1279 4637 1402 4710 ξδι.
1460 4637 1555 4710 ubi
1594 4656 1606 4690 τ
1658 4640 1701 4710 ὁξ
1733 4639 1790 4692 δὲ
1830 4641 2091 4710 Μανουὴλ
2123 4642 2217 4695 ἐπί
2249 4660 2362 4695 τινα

2478 4642 2759 4701 habuisse.

780 4707 972 4784 ξαιρδν
1015 4705 1261 4784 ὀκλάζων
1294 4704 1391 4784 ἧνς
1427 4708 1518 4784 ubi
1560 4704 2072 4784 versio_:_Manuele
2117 4713 2368 4782 aliquan-

775 4772 889 4847 diu
917 4784 1166 4847 nutante.
1224 4772 1383 4847 Apud
1434 4778 1695 4832 Nostrum
1729 4780 1949 4835 videtur
1992 4782 2184 4837 deesse
2212 4772 2362 4836 ’και-

778 4844 897 4921 acti:
913 4846 1084 4921 ‘Cont.
1113 4844 1479 4921 ini_t._l'ibi.gtv.
1510 4848 1676 4921 Cedr.
1713 4867 1768 4919 p.
1796 4852 1919 4907 554.
1950 4853 2085 4907 Ζοη.
2117 4868 2170 4921 p.
2206 4854 2328 4908 155.

849 4915 960 4993 (22)
995 4915 1308 4993 Cont._init.
1338 4919 1436 4972 lib.
1466 4935 1539 4973 Iv.
1568 4915 1733 4974 Cedr.
1770 4938 1827 4992 p.
1858 4924 1983 4988 554,
2023 4915 2243 4993 ubi-ei};
2269 4923 2364 4977 τοῦ

773 4983 1026 5039 Στουδῖου
1061 4988 1251 5057 μονῆς.

846 5057 958 5122 (25)
997 5057 1072 5111 Ita
1098 5057 1152 5110 in
1182 5073 1295 5112 aor.
1334 5059 1626 5128 scriptum.
1660 5076 1784 5115 cum
1818 5063 2121 5119 deberetin
2151 5065 2359 5121 futuro.

776 5124 1145 5204 Alibi__eontra
1172 5128 1421 5204 futurum
1451 5124 1559 5204 pro
1593 5132 1701 5204 alio
1733 5143 1979 5203 tempore
2010 5137 2214 5204 posuit.

849 5198 973 5276 (24)
1014 5198 1181 5254 Cedr.
1210 5199 1420 5276 ,λε-πτῴ
1443 5198 1547 5276 ’καὶ
1597 5203 1819 5276 ἀδρανεί
1849 5198 1958 5276 ίτῴ
1989 5198 2252 5275 ἄσθματι,
2306 5223 2361 5276 p.

774 5268 1167 5349 53118.n‘ZQ‘n2p.
1204 5268 1457 5349 15§1ubi
1492 5268 1785 5343 λεπτῇααὶ
1818 5268 2042 5345 ἀδρανεῖ
2076 5268 2253 5349 (pur/ﬁ.

868 5339 959 5400 25)
994 5338 1156 5393 Cedr.
1189 5356 1242 5408 p.
1273 5342 1397 5394 551.

870 5408 1138 5484 abigatis
1164 5412 1370 5479 ubique
1424 5425 1654 5484 apparet
1706 5424 1957 5471 nostrum
2016 5417 2181 5472 modo
2232 5418 2364 5474 hinc

774 5480 940 5561 modo
969 5481 1123 5561 illinc
1155 5496 1253 5535 sua
1288 5480 1668 5561 descripsisse.
1704 5485 1867 5561 Dicit,
1891 5490 1955 5541 de
1993 5490 2181 5560 quibus
2210 5506 2364 5561 supe-

775 5554 890 5626 rius
921 5553 1240 5626 mentionem
1288 5553 1525 5621 fecimus,
1555 5572 1680 5610 cum
1715 5558 1829 5626 ipse
1858 5573 1925 5613 ne
1964 5553 2138 5614 verbo
2189 5553 2363 5615 inter-

775 5622 956 5700 posito
1011 5622 1078 5700 de
1120 5623 1189 5677 iis
1208 5623 1440 5700 locutus
1470 5627 1635 5700 fuerit
1682 5622 1867 5700 modo.
1904 5630 2135 5685 Videtur
2175 5631 2362 5700 itaque

774 5691 1025 5760 quaedam
1059 5694 1345 5764 interjecta
1373 5699 1647 5763 omisisse,
1678 5708 1737 5752 ut
1760 5699 1901 5753 hanc
1927 5691 2360 5756 admonitionem

776 5770 977 5831 praeter
1003 5778 1116 5816 rem
1139 5766 1415 5820 addiderit
1443 5780 1537 5823 aut
1565 5784 1630 5823 ex
1655 5770 1829 5824 altero
1860 5773 2225 5826 transtulerit.

876 5832 985 5903 (27)
1019 5834 1180 5892 Cedr.
1224 5852 1275 5907 p.
1329 5838 1428 5894 551
1474 5840 1693 5895 videtur
1738 5842 1993 5897 Nostrum
2028 5860 2138 5913 pne
2187 5842 2360 5897 oculis

2571 4715 2661 4781 28)
2692 4718 2855 4773 Cont.
2890 4733 2943 4787 p.
2972 4717 3064 4769 93.
3096 4714 3262 4770 Cedr.
3295 4730 3349 4785 p.
3388 4715 3511 4769 551.
3542 4715 3678 4768 Ζοη.
3715 4730 3771 4784 p.
3796 4714 3923 4770 155.

2572 4788 2662 4853 29)
2694 4787 2855 4842 Cedr.
2883 4805 2935 4857 p.
2962 4787 3083 4841 554.

2550 4858 2662 4923 (50)
2696 4857 2857 4913 Cont.
2889 4875 2944 4927 p.
2967 4858 3055 4911 95.
3085 4856 3218 4911 Ζοη.
3259 4871 3313 4924 p.
3356 4856 3479 4910 155.
3506 4856 3760 4927 Εεάτκι).
3793 4856 3923 4910 551.

2551 4928 2662 5001 (51)
2694 4930 2855 5001 Cont.
2888 4926 2942 4998 p.
2975 4930 3069 5001 95,
3096 4928 3261 4997 paulo
3284 4927 3466 4981 aliter.
3494 4927 3643 4998 Sym.
3682 4926 3820 4997 Log.
3854 4943 3912 4997 p.
3936 4928 4053 4983 428.

2477 4999 2675 5071 Georg.
2711 5000 2856 5054 Men.
2894 5016 2948 5068 p.
2973 4999 3094 5053 526.
3120 5069 3179 5071 η*
3224 5010 3225 5013 ‘

2542 5067 2653 5141 (52)
2686 5071 2813 5125 “me
2834 5067 2969 5123 Ζόη.
3003 5085 3053 5139 p.
3083 5069 3204 5129 155,
3226 5068 3334 5123 ita:
3366 5067 3555 5141 Ταῦτα
3579 5067 3692 5136 (aut
3718 5070 3910 5138 potius
3936 5089 4054 5123 ταν·

2468 5140 2559 5210 τὰ)
2585 5143 2679 5194 καὶ
2711 5143 2810 5210 τῆς
2856 5142 3063 5210 μητρὸς
3096 5141 3267 5208 αὐτῆς
3292 5141 3411 5210 Ακαὶ
3438 5140 3877 5210 τῶνῌσυγγόνων
3925 5158 4055 5210 πρεο

2471 5208 2777 5265 σϐένὸντων
2802 5208 3442 5282 τῶνπατρικίωνζϐεότ.
3469 5225 3525 5278 p.
3546 5208 3672 5282 551,
3706 5210 3760 5262 in
3788 5211 3935 5265 fine:
3965 5208 4055 5277 τῆς

2469 5285 2678 5346 οἰκείας
2721 5282 2924 5353 μητρὸς
2959 5279 3166 5333 -όιαὶ
3211 5280 3320 5331 τῶν
3371 5279 3766 5349 μητραδέλφων
3815 5282 3926 5333 τῶν
3959 5300 4054 5335 πα-

2467 5356 2720 5406 τοικίων.

2505 5371 2980 5496 ρὲἒὲἳνίὶοόι-ρηυε
3002 5437 3055 5496 p.
3084 5422 3207 5496 554,
3240 5421 3482 5496 lin_._ult._
3501 5419 3613 5475 fere
3637 5428 3699 5473 ut
3732 5421 3956 5496 Noster.

2546 5492 2660 5565 (54)
2693 5495 2770 5548 Ad
2792 5495 2931 5565 hanc
2954 5492 3275 5565 φιλανδρίαν
3297 5492 3602 5565 Tlieodora:
3624 5493 3891 5559 pertinet,
3916 5492 4048 5565 quod

2546 5509 2660 5565 (54)
2693 5509 2770 5548 Λα
2792 5509 2931 5546 naue
2954 5509 3275 5560 φιλανοριαν
3298 5509 3327 5545 νι
3344 5509 3602 5545 neouora:
3624 5509 3891 5559 pertinet,
3916 5509 4045 5617 «Emi

2474 5566 2817 5693 :pl;g%C0nl.
2845 5564 2983 5619 dicit
3026 5580 3081 5634 p.
3122 5562 3212 5628 95,
3244 5572 3300 5617 et
3325 5562 3471 5634 Sym.
3500 5562 3635 5631 Log.
3665 5578 3721 5631 ιι.
3762 5565 3891 5618 451.
3999 5582 4045 5615 a.

2514 5683 2524 5693 .
2558 5658 2678 5693 Ιῦ-ἶ).

2514 5683 2524 5693 .
2592 5658 2678 5691 DC).

2472 5658 2505 5710 Ρ
2546 5658 2656 5773 (55)
2688 5708 2762 5761 Ita
2790 5708 3056 5777 scriptum
3080 5706 3297 5761 mallem
3328 5704 3747 5778 προτιμωμένη.

2545 5780 2656 5853 (56)
2689 5778 2847 5834 Cedr.
2880 5795 2934 5847 p.
2972 5778 3093 5831 555.
