4146 6436
132 364 283 426 1093

1484 353 1751 413 REGE.“
1790 354 1929 413 LIB.
1976 355 2072 412 iV.

3264 360 3393 418 ιύιδὶ

123 468 627 542 άμνημονήσαντες
654 468 728 527 εἰς
744 463 938 533 ἑτέραν
954 463 1231 531 διαγωγὴν
1253 462 1661 528 ὲκτραπείῃμεν
1676 481 1689 521 ;
1705 480 1720 508 ι

1831 474 1960 512 num
1991 459 2344 513 immemores
2365 458 2431 511 ad
2459 458 2610 511 aliud
2644 460 2957 512 institutum
2982 462 3335 516 deflectemus
3358 510 3363 513 ,
3387 489 3399 513 ι

123 564 326 617 Ταῦτα
362 557 621 625 εἰπούσης
656 554 1025 625 κατηπείλησε
1058 550 1349 621 σωφρόνως
1380 553 1407 603 ό
1435 550 1717 617 Μανσυὴὶ,

126 658 209 718 ὡς
255 671 274 705 ι
308 650 484 721 Εἴπερ
508 648 616 700 τῶν
649 648 873 699 εἰκόνων
905 647 981 716 μὴ
1017 644 1360 713 φροντίσειας
1393 643 1719 712 ἀναμορφῆς

126 765 191 800 τε
239 750 339 800 καὶ
369 743 799 815 προσκυνήσεως
826 740 966 812 (‘57),
1023 739 1230 807 ἑτέρως
1261 738 1328 791 τὰ
1369 737 1468 805 τῆς
1505 737 1719 797 εὐνοίας

124 842 162 911 ἦ
198 840 372 909 αὐτῆς
424 835 525 905 τῆς
556 832 856 904 βασιλείας,
886 830 1022 885 Θεοῦ
1062 829 1429 893 εὐδοκοῦντος,
1463 826 1717 897 διατεθή-

130 950 314 985 σεται.
349 949 367 981 ι
399 930 620 991 Τούτοις
651 926 732 996 τῷ
761 926 1070 995 φαινομένῳ
1096 922 1484 978 καταπεσοῦσα
1508 924 1540 994 ἡ
1566 922 1719 989 βασι-

124 1027 213 1087 Tn;
260 1021 397 1093 (58),
429 1021 505 1091 τῷ
535 1020 595 1072 δὲ
628 1017 907 1087 νοουμένῳ
942 1017 1035 1069 καὶ
1072 1016 1217 1085 μάλα
1260 1017 1513 1085 χαρεῖσα,
1538 1014 1601 1065 τὸ
1631 1013 1718 1066 δο-

131 1115 271 1169 κοῦν
303 1115 486 1176 αὐτοῖς
520 1109 789 1180 ἐπαφίησι
835 1111 931 1164 καὶ
982 1109 1080 1161 σὺν
1115 1108 1300 1171 αὐτοῖς
1345 1108 1684 1160 διανίσταται

131 1208 231 1258 καὶ
260 1206 385 1267 τοὺς
403 1201 715 1274 όρθοδόξους
732 1204 845 1263 τοῖς
858 1201 950 1254 τοῦ
972 1200 1283 1253 κανικλείου
1311 1200 1545 1269 ὲνδιαιτή
1555 1215 1719 1267 μασιν

132 1295 466 1368 ἁγείρεσθαι
488 1294 976 1363 διεθεσμοθέτησεν
1011 1292 1147 1362 (59),
1181 1294 1405 1345 κάκεῖσε
1455 1290 1588 1360 πρὸς
1622 1291 1717 1343 άλ-

133 1392 337 1460 λήλους
357 1388 655 1459 γυμνάζειν
670 1386 740 1439 τά
768 1386 899 1455 περὶ⁵
930 1384 1237 1455 όρθοδοξίας
1273 1384 1636 1455 προϐλήματά
1659 1400 1719 1436 τε

135 1485 237 1536 καί
266 1482 515 1551 δόγματα
542 1478 680 1551 (40).

208 1575 323 1626 Καὶ
369 1572 579 1642 ταχέως
636 1573 777 1641 μετὰ
814 1569 1205 1640 προσηκούσης
1246 1568 1345 1637 τῆς
1378 1567 1721 1635 διασκέψεως

137 1665 200 1717 αῖ
228 1681 290 1715 τε
316 1662 457 1714 θεῖαι
484 1657 1110 1730 είκόνεςάνεμορφοῦντο
1134 1658 1223 1710 καὶ
1240 1658 1308 1711 τά
1338 1658 1437 1726 τῆς
1487 1656 1723 1725 Ἐκκλη-

140 1755 268 1816 σίας
308 1752 442 1822 πρὸς
490 1752 551 1805 τὸ
584 1749 917 1822 ὀρθοτομοῦν
954 1748 1324 1819 μετεκλίνετο,
1361 1749 1469 1799 τῶν
1498 1750 1556 1800 ὲν
1582 1748 1718 1818 αὐτῇ

1828 552 1951 606 ΙΙιες
1981 552 2180 605 locutze
2210 553 2451 606 minatus
2493 562 2579 605 est
2609 551 2893 606 moderate
2928 553 3141 608 Nauuel
3176 554 3407 611 dicens:

1834 664 1851 695 ι
1892 644 2177 715 Siquidem
2206 646 2505 715 imaginum
2549 660 2661 699 non
2692 645 3016 714 procumbis
3058 648 3407 703 instauratio-

1830 753 1953 790 nem
1976 746 2033 791 et
2056 738 2289 801 cultum,
2321 740 2429 793 alia
2468 739 2612 793 ratio
2656 738 3056 793 benevolentiae
3085 752 3183 794 aut
3231 742 3408 811 ipsius

1828 831 1990 884 etiam
2022 832 2239 902 imperii
2286 832 2513 887 exsistet
2539 835 2653 889 Deo
2682 836 2920 889 volente.
2970 854 2989 887 ι
3025 836 3121 889 His
3155 848 3403 891 conster-

1830 934 1952 979 nata
2006 925 2329 995 imperatrix
2379 938 2440 981 ut
2486 928 2709 996 quidem
2751 928 3067 985 videbatur.
3112 939 3171 981 ut
3220 942 3407 984 autem

1829 1019 2055 1089 intelligi
2087 1030 2303 1089 poterat
2327 1020 2623 1075 admodum
2654 1023 2795 1087 lata,
2826 1022 2975 1093 quod
3006 1021 3247 1091 placeret
3278 1023 3410 1091 ipsis

1828 1113 2097 1181 permittit
2129 1129 2366 1184 cumque
2396 1116 2531 1185 ipsis
2556 1116 2821 1184 exsurgit,
2870 1125 3035 1185 atque
3083 1115 3409 1170 orthodoxis

1827 1214 2161 1261 conventum
2213 1208 2271 1261 in
2303 1208 2536 1262 caniclei
2567 1206 2950 1263 mansionibus
2990 1207 3206 1272 indicit,
3240 1219 3410 1277 utque

1829 1296 1903 1350 ibi
1936 1296 2081 1351 inter
2111 1313 2170 1353 se
2208 1300 2588 1355 examinarent
2623 1297 2945 1354 orthodoxa
2998 1298 3123 1354 fidei
3153 1299 3411 1369 quaestio.

1829 1404 1925 1444 nes
1950 1398 2007 1444 et
2033 1390 2280 1446 decreta.

1899 1573 1977 1624 Ac
2026 1571 2283 1625 celeriter
2309 1586 2435 1625 cum
2470 1571 2687 1625 decenti
2738 1572 3180 1627 consideratione
3210 1571 3412 1627 divina:

1830 1662 2095 1731 imaglnes
2150 1660 2620 1725 instauraliantur,
2681 1661 3025 1730 ecclesiaque
3077 1662 3144 1715 ad
3199 1672 3410 1715 rectum

1831 1767 2053 1809 sensum
2100 1750 2462 1823 dirigebatur,
2515 1752 2897 1808 sacerdotibus
2956 1753 3409 1822 principibusque

140 1847 335 1915 ἱερέων
362 1846 501 1916 (Η),
543 1845 679 1914 πρὸς
709 1844 767 1897 δὲ
797 1846 894 1897 καὶ
945 1841 1282 1914 ἀρχιερέων,
1313 1840 1421 1894 τῶν
1487 1841 1590 1911 μὲν
1626 1860 1725 1911 με-

1831 1845 2177 1901 sacerdotum
2211 1845 2410 1914 partim
2439 1844 2829 1899 deserentibus
2877 1845 3239 1914 impietatem,
3288 1860 3411 1914 par-

136 1936 671 2006 ταστοιχειουμένων
696 1936 795 2004 τῆς
828 1934 1172 1998 δυσσεϐείας,
1205 1933 1313 1985 τῶν
1350 1933 1406 1985 δὲ
1455 1932 1719 2002 ἀνθεστη-

138 2028 317 2081 κότων
351 2028 426 2097 τῷ
443 2026 661 2080 εὐσεϐεῖ
688 2027 921 2095 δόγματι
949 2026 1043 2077 καὶ
1062 2024 1285 2087 δικαίως
1311 2024 1720 2092 ὲξωθουμένων,

138 2127 235 2172 καὶ
260 2119 369 2189 πρό
397 2136 461 2186 γε
491 2118 710 2171 πάντων
750 2115 955 2169 Ἰαννοῦ
1001 2116 1095 2170 τοῦ
1128 2115 1421 2179 δυσσεϐοῦς
1452 2115 1719 2185 πατριάρ-

140 2231 243 2283 χου
278 2212 372 2265 τοῦ
405 2208 797 2281 ἀρχιερατικοῦ
820 2209 1013 2282 θρόνου
1036 2210 1497 2279 καθαιρουμένου.
1524 2209 1724 2276 Τοιγα-

144 2303 277 2374 ροῦν
314 2301 706 2355 ἀποστέλλουσι
739 2300 876 2371 πρὸς
928 2301 1090 2353 αὐτὸν
1139 2299 1336 2367 ἄνδρας
1373 2298 1486 2369 (i2)
1516 2299 1724 2365 ἀξιολὸ-

139 2414 275 2463 γους
305 2394 415 2448 τῶν
453 2395 546 2448 ἐπὶ
576 2396 674 2463 τῆς
712 2394 959 2462 φυλακῆς
1004 2392 1287 2462 βασιλέως,
1335 2392 1428 2445 τοῦ
1462 2410 1728 2463 πατριάρ-

141 2489 294 2557 χείου
313 2488 650 2553 καταγαγεῖν
671 2502 683 2514 ·
705 2478 785 2546 οἷς
808 2483 908 2537 οὐκ
925 2469 1155 2536 ε’νεδίδου
1179 2484 1315 2553 πρὸς
1340 2484 1562 2537 κάθοδον
1590 2481 1725 2553 (ιδ).

140 2580 205 2631 Οἱ
236 2580 294 2631 δὲ
324 2579 417 2631 καὶ
468 2576 785 2648 βουλόμενοι
847 2574 1039 2628 τοῦτον
1072 2576 1441 2629 καταϐιϐάσαι
1483 2576 1631 2644 ὅμως
1665 2577 1725 2627 οὐ

143 2669 424 2734 πείθουσι,
461 2670 591 2740 παρ’
651 2668 817 2721 αἱ»τοῦ
853 2669 1216 2737 κακοτρόπως
1269 2668 1727 2736 μεταπεισθέντες

140 2761 337 2816 τοῦτον
362 2762 499 2824 τέως
529 2761 688 2814 ἐᾶσαι
710 2777 723 2790 ·
746 2759 828 2812 διδ
864 2760 993 2828 περί
1024 2776 1083 2827 γε
1108 2762 1299 2811 τούτου
1322 2761 1437 2823 τοῖς
1469 2759 1726 2813 ἀποστεί-

147 2855 310 2908 λασιν
345 2852 783 2921 ἀπαγγέλλουσι,
824 2851 917 2903 καὶ
966 2852 1085 2905 κατ’
1139 2850 1304 2903 αὑτοῦ
1358 2851 1581 2903 πλείονα
1630 2850 1730 2921 τὴν

141 2946 325 3015 ὁρμὴν
358 2944 760 3010 διεξάπτουσιν.
808 2943 997 3013 Είσῄει
1053 2939 1147 2995 οὖν
1186 2943 1322 3013 πρὸς
1370 2943 1535 2996 αὑτὸν
1566 2945 1593 2995 ό
1623 2959 1730 2995 πα-

142 3036 359 3105 τρίκιος
392 3035 601 3104 Βάρδας
624 3033 765 3103 (44),
801 3034 1138 3102 πευσόμενος
1163 3035 1285 3087 ὅτου
1310 3035 1470 3105 χάριν
1499 3033 1594 3088 τοῦ
1626 3051 1729 3087 πα-

142 3127 464 3195 τριαρχείου
523 3127 623 3179 οὐκ
672 3126 1064 3179 ἀπανίσταταιο
1124 3126 1220 3177 καὶ
1276 3126 1374 3197 τὴν
1428 3127 1730 3195 ἀπολογίαν
1758 3165 1800 3222 C

146 3218 498 3288 ὲμεθοδεύκει
526 3219 569 3249 ¹⁷
602 3218 716 3289 (45)
744 3219 959 3282 δεικνὺς
992 3219 1091 3288 τὴν
1122 3219 1316 3272 ἑαυτοῦ
1371 3221 1615 3289 γαστέρα
1663 3221 1728 3274 δι’

144 3310 447 3363 ὀϐελίσκων
492 3311 857 3363 κατάστικτον
911 3309 1080 3380 αὐτῷ,
1143 3308 1386 3363 ἐπειπὼν
1436 3311 1517 3363 ὅτι
1580 3312 1731 3381 παρὰ

146 3403 259 3456 τῶν
314 3402 741 3472 ἐκπεμφθέντων
786 3402 862 3465 ὡς
894 3403 1125 3455 ἐθνικῶν
1150 3403 1440 3458 ἐπεπόνθει
1473 3404 1731 3475 τοιαύτην

150 3494 409 3556 ἀναιτίως
461 3495 653 3564 ποινὴν
680 3491 819 3564 (ιϐ),
859 3510 880 3545 ι
912 3493 989 3545 Δι’
1017 3487 1085 3564 ἦς
1120 3494 1374 3564 χαλεπῶς
1397 3498 1538 3563 ἄγαν
1568 3496 1731 3566 ἔχων,

152 3589 203 3640 εἰ
234 3581 345 3639 οἷόν
377 3602 459 3651 τε,
482 3586 543 3640 τὸ
566 3586 741 3656 παρὸν
764 3586 1183 3658 συγχωρηθείην
1213 3589 1311 3657 τῆς
1340 3589 1697 3653 καταϐάσεως
1716 3606 1730 3619 ο

154 3678 476 3732 ἐπεπόνθειν
499 3678 555 3732 δὲ
588 3678 825 3748 μάλιστα
852 3679 1005 3748 παρὰ
1058 3679 1473 3733 Κωνσταντίνου
1502 3681 1616 3751 (47)
1640 3681 1734 3734 τοῦ

153 3773 215 3833 ἐξ
256 3771 557 3841 Ἀρμενίων
588 3771 683 3824 καὶ
713 3769 793 3841 τῷ
840 3770 953 3823 τῶν
982 3769 1319 3834 ὲξκουϐίτων
1352 3774 1736 3841 ὲμπρέποντος

152 3864 418 3933 τάγματι.
456 3882 475 3915 ι
524 3863 728 3917 Τοῦτον
756 3862 816 3916 δέ
858 3879 1044 3931 φησιν,
1077 3857 1122 3917 ὦ
1151 3866 1443 3935 ἀκροαταὶ,
1487 3868 1515 3919 ό
1555 3864 1739 3934 βδελυ-

150 3957 276 4019 κτὸς
305 3958 399 4008 καὶ
424 3956 777 4027 παμϐέϐηλος
809 3956 946 4027 (48),
975 3958 1068 4011 τὸν
1104 3960 1554 4029 κεχρηματικότα
1601 3960 1737 4014 ἀπό-

148 4063 305 4115 γονον
346 4047 669 4118 Ἀρμενίων,
736 4049 795 4113 ἐξ
831 4049 1091 4120 ἁρχηγῶν
1132 4052 1229 4104 καὶ
1271 4052 1727 4118 συναυταδέλφων

151 4138 416 4193 σταλέντα
472 4139 609 4210 πρὸς
644 4139 868 4210 βασιλέα
926 4141 1186 4211 Θεόφιλον
1240 4145 1730 4217 ἐπικηρυκεύσεως

150 4230 381 4300 ὅμηρον,
403 4230 462 4293 ὃς
482 4232 540 4284 οὐ
572 4234 711 4300 μετὰ
735 4232 946 4305 μακρὸν
987 4234 1178 4304 χρόνον
1208 4236 1297 4289 διά
1326 4254 1385 4289 τε
1429 4238 1528 4307 τὴν
1562 4240 1729 4293 αὑτοῦ

149 4320 331 4389 ψυχῆς
356 4339 413 4373 τε
436 4322 530 4376 καὶ
557 4322 809 4393 σώματος
834 4325 1134 4394 εὐκοσμίαν
1163 4329 1255 4380 καὶ
1279 4328 1379 4399 τὴν
1409 4329 1577 4400 ἄλλην
1600 4333 1728 4403 περὶ

147 4412 218 4463 τά
255 4410 505 4480 βέλτιστα
537 4413 824 4483 φιλόκαλον
865 4416 907 4446 ’⁸
952 4416 1213 4485 πρόθεσιν
1245 4418 1605 4491 δρουγγάριος
1632 4422 1726 4475 τοῦ

151 4505 387 4575 ἀριθμοῦ
409 4506 528 4577 ἢτοι
556 4507 655 4576 τῆς
690 4506 979 4577 βασιλικῆς
1010 4507 1200 4579 βὶτλης
1228 4512 1559 4567 καθίσταται
1594 4514 1728 4587 (49),

151 4594 402 4649 ἐντεῦθεν
456 4596 745 4667 πατρίκιός
797 4614 858 4650 τε
912 4598 1008 4652 καὶ
1059 4599 1352 4673 λογοθέτης
1383 4602 1475 4657 τοῦ
1529 4604 1731 4677 δρόμου

1830 1940 1926 1993 tim
1976 1936 2380 1993 reluctantibus
2424 1937 2517 2006 pio
2560 1936 2787 1991 decreto
2833 1937 3071 2007 jurcque
3122 1945 3179 1990 et
3211 1937 3410 1989 merito

1825 2032 2056 2104 ejectis;
2086 2032 2295 2086 Joanne
2320 2042 2447 2085 ante
2494 2046 2706 2089 omnes,
2740 2029 2833 2083 illo
2874 2028 3043 2098 impio
3073 2029 3406 2097 patriarcha,

1826 2123 1957 2178 sede
1980 2123 2159 2193 pulso.
2195 2120 2278 2176 Ad
2299 2136 2463 2190 quem
2486 2136 2610 2174 eum
2634 2120 2913 2173 misissent
2928 2118 3073 2173 viros
3090 2128 3412 2187 prastantes

1825 2216 1931 2287 ει
1971 2215 2038 2269 de
2062 2214 2316 2269 custodia
2360 2212 2733 2281 imperatoris.
2778 2219 2838 2263 ut
2866 2225 2991 2264 eum
3022 2208 3151 2264 sede
3184 2209 3408 2279 patriar.

1828 2307 1970 2364 cliali
2003 2306 2370 2367 dimoverent,
2401 2303 2490 2357 bis
2530 2302 2617 2355 ille
2653 2317 2761 2356 non
2789 2302 2974 2355 cessit.
3012 2300 3116 2366 Qui
3163 2299 3411 2369 quamvis

1828 2408 2161 2455 conarentur
2191 2412 2319 2451 cum
2365 2394 2666 2457 abducere,
2721 2402 2903 2447 tamen
2945 2406 3270 2462 permovere
3301 2406 3407 2443 non

1830 2498 2153 2561 potuerunt,
2183 2487 2251 2541 ab
2280 2487 2400 2555 ipso
2422 2486 2695 2539 malitiose
2729 2499 2797 2538 eo
2826 2483 3037 2537 inducti
3071 2492 3130 2535 ut
3162 2498 3290 2537 eum
3327 2482 3410 2534 iu-

1831 2582 1991 2637 terim
2029 2580 2258 2635 missum
2289 2578 2535 2633 facerent
2583 2586 2963 2647 :quapropter
3012 2575 3081 2630 de
3132 2591 3194 2630 ea
3244 2590 3300 2628 re
3346 2575 3414 2629 iis

1829 2675 1924 2742 qui
1949 2672 2097 2741 ipsos
2128 2671 2392 2725 miserant
2421 2669 2767 2733 renuntiant,
2810 2669 3189 2738 maioremque
3218 2667 3414 2721 adver-

1830 2781 1925 2820 sus
1950 2780 2074 2819 eum
2111 2763 2359 2819 excitant
2388 2762 2681 2830 impetum.
2716 2761 2820 2814 lvit
2852 2777 2985 2831 ergo
3035 2760 3103 2815 ad
3145 2776 3273 2814 eum
3310 2775 3409 2830 pa-

1835 2858 2031 2911 tricius
2068 2856 2275 2910 Bardas
2304 2855 2700 2924 interrogatum
2732 2853 3094 2923 quamobrem
3117 2868 3149 2908 e
3178 2853 3407 2923 patriar-

1832 2948 1977 3004 chali
2004 2948 2137 3003 sede
2175 2962 2285 3002 non
2316 2944 2648 3000 discederet.
2692 2945 2762 2998 At
2791 2944 2838 2998 is
2887 2943 3302 3013 responsionem
3358 2954 3414 2998 et

1832 3040 2249 3095 excusationem
2296 3037 2602 3091 meditatus
2659 3033 2905 3089 ostendit
2948 3042 3197 3087 ventrem
3252 3047 3412 3087 suum

1834 3132 2093 3186 obeliscis
2123 3138 2540 3199 compunctum,
2568 3125 2929 3181 subindicans
2958 3125 3009 3179 ei
3044 3124 3189 3193 quod
3231 3123 3301 3177 ab
3346 3123 3414 3177 iis

1835 3222 1929 3292 qui
1962 3221 2113 3275 missi
2150 3220 2217 3275 ad
2267 3220 2447 3288 ipsum
2481 3216 2739 3281 fuissent,
2773 3223 3027 3282 tanquam
3056 3213 3125 3266 ab
3152 3212 3410 3277 ethnicis,

1837 3329 2134 3384 perpessus
2176 3312 2348 3367 fuerit
2379 3310 2497 3364 sine
2538 3323 2702 3364 causa
2752 3307 2915 3362 talem
2968 3306 3295 3370 crueiatum,
3346 3321 3411 3359 ex

1835 3423 1945 3477 quo
1979 3407 2121 3461 male
2159 3404 2454 3460 admodum
2482 3402 2713 3457 affectus
2750 3399 2959 3455 remitti
2998 3398 3101 3452 sibi
3138 3397 3413 3452 decessio-

1836 3515 1961 3553 nem
1995 3498 2050 3551 in
2081 3510 2343 3567 praesens,
2381 3495 2427 3550 si
2461 3493 2579 3547 fieri
2609 3501 2815 3561 posset,
2848 3489 3183 3560 postulabat,
3234 3508 3250 3539 ι
3288 3488 3414 3542 Pas-

1836 3607 1930 3647 sus
1956 3606 2098 3652 sum,
2148 3588 2423 3657 inquiens,
2472 3586 2743 3655 przecipue
2773 3585 2943 3638 multa
2980 3600 3008 3637 a
3055 3581 3414 3637 Constantino

1835 3683 1930 3737 illo
1959 3698 2027 3736 ex
2061 3681 2361 3743 Armeniis,
2419 3679 2721 3747 conspicuo
2773 3676 2828 3730 iu
2882 3674 3269 3730 excubitorum
3320 3688 3388 3725 eo

1834 3774 2015 3828 liorte.
2054 3791 2071 3823 ι
2123 3772 2294 3825 Istum
2349 3770 2561 3823 scilicet
2614 3766 2770 3829 dicit,
2814 3780 2848 3819 ο
2893 3763 3196 3827 auditores,
3250 3761 3415 3815 homo

1833 3864 2190 3921 exsecrabilis
2224 3860 2751 3932 ac-profanissimus,
2784 3856 3083 3912 oriundum
3124 3870 3193 3909 ex
3219 3855 3415 3910 Arme-

1837 3958 1963 4022 niis,
1990 3973 2019 4012 a
2043 3957 2283 4012 ducibus
2326 3970 2390 4010 ac
2423 3953 2691 4008 fratribus
2730 3949 2958 4005 missum
3002 3948 3068 4002 ad
3116 3948 3413 4016 imperato-

1829 4069 1943 4109 rem
1976 4050 2342 4121 TbeOphiluiu
2388 4046 2673 4119 legationis
2694 4044 2963 4108 obsidem,
2991 4042 3083 4111 qui
3106 4056 3217 4095 non
3243 4040 3415 4093 multo

1831 4156 1957 4215 post
1984 4156 2255 4212 tempore,
2303 4156 2429 4195 cum
2474 4148 2701 4210 propter
2730 4136 2898 4191 animi
2931 4135 3290 4202 corporisque
3321 4132 3414 4184 dv-

1832 4253 2039 4303 eorem,
2078 4246 2192 4292 tum
2235 4245 2462 4304 propter
2524 4233 2791 4301 reliquam
2850 4244 3033 4284 rerum
3079 4226 3409 4296 optimarum

1834 4333 2057 4401 elegans
2098 4328 2363 4391 studium,
2407 4326 2741 4395 drungarius
2772 4322 2988 4377 numeri
3020 4322 3134 4375 sive
3171 4321 3409 4388 impera-

1839 4426 1993 4479 toria!
2019 4423 2223 4493 vigilite
2254 4420 2637 4484 constituitur,
2683 4418 2809 4472 exin
2856 4415 3121 4486 patricius
3165 4422 3220 4469 et
3258 4414 3409 4482 logo-

1840 4516 1987 4569 tlieta
2048 4529 2245 4569 cursus
2293 4513 2585 4567 salutatur.
2625 4510 2813 4577 Itaque
2868 4504 3204 4559 machinatio
3257 4504 3410 4573 pravi
3494 4500 3499 4505 ”

1836 4608 2004 4663 animi
2075 4606 2421 4677 deprehensa
2485 4604 2540 4657 in
2597 4598 2945 4656 iracundiam
3001 4596 3181 4651 adhuc
3242 4594 3415 4665 magis

1451 4741 1687 4799 VARUE
1730 4745 2138 4802 ιερτιοκιςς.

225 4829 599 4901 ¹⁷ἑμεθοδεὺει
636 4831 698 4885 L.
777 4832 820 4863 ⁸⁸
850 4832 1167 4901 φιλόκαλλον
1190 4830 1250 4888 L.

1389 4924 1633 4979 STEPII.
1664 4927 2005 4981 BERGIJCRI
2039 4926 2262 4981 ΝΟΤᾸῧ.

224 5017 335 5087 (37)
364 5012 666 5082 Ce'drenus,
691 5031 747 5086 p.
797 5015 921 5071 535.
954 5045 1024 5056 ---
1049 5014 1458 5085 φροντίσεὶας,
1486 5016 1559 5069 ita
1587 5017 1728 5071 scri-

192 5098 331 5142 tum.

152 5104 331 5158 ptum.

224 5158 334 5229 (ss)
369 5156 535 5229 βεδε».
559 5174 613 5227 p.
638 5156 763 5211 535.

221 5227 335 5298 (-59)
363 5227 530 5283 Cedr.
559 5244 611 5297 p.
637 5229 761 5293 555,
806 5228 901 5284 ubi
940 5228 1013 5284 ita
1041 5246 1054 5282 :
1088 5228 1177 5281 καὶ
1211 5227 1381 5298 εὐθὺς
1406 5227 1727 5297 ἀγείρεσθαι

147 5303 209 5353 ὲν
248 5297 358 5362 τοῖς
386 5298 713 5369 σκηνώμασι
736 5298 829 5353 τοῦ
860 5301 1184 5353 Θεοκτίστου
1216 5297 1572 5369 προσέταττε,
1614 5307 1726 5354 etc.

224 5369 338 5440 (40)
369 5368 534 5440 Cedr.
567 5368 620 5440 p.
658 5370 783 5424 555.

221 5439 535 5510 (4|).Cedr.
560 5439 613 5509 p.
639 5440 765 5496 535.

223 5511 346 5584 (δὴ
373 5510 894 5584 Νοωίηιιιὶιῃᾲορυι]
916 5510 1077 5567 Cont.
1107 5529 1160 5584 p.
1192 5511 1281 5567 93.
1322 5510 1473 5581 Sym.
1504 5510 1635 5582 Log.
1672 5528 1729 5582 p.

153 5581 472 5651 429.00edr.
500 5597 554 5651 p.
582 5597 639 5651 p.
669 5582 792 5636 535.

222 5654 335 5722 (4:5)
364 5650 529 5707 Cedr.
554 5650 610 5722 p;
635 5652 759 5718 535,

153 5724 334 5810 wMi)
364 5722 526 5779 Cont.
587 5738 639 5793 p.
672 5722 760 5778 94.
798 5723 949 5794 Sym.
983 5724 1115 5797 Log.
1175 5743 1230 5797 p.
1295 5725 1411 5781 ιεο.
1463 5723 1627 5780 Cedr.
1676 5742 1727 5796 p.

152 5813 273 5850 332).

1905 5018 2192 5091 (ifilCont
2230 5032 2283 5086 p.
2311 5015 2497 5091 95m
2527 5012 2911 5091 ’()ὄε.ξίρ’κωις.
2942 5011 3200 5091 ξιξργανα.
3220 5002 3409 5072 φλεϐο-

1832 5077 1975 5155 τόιὶα
2000 5077 2143 5143 ’άὶεἰι
2174 5077 2341 5143 fuisse
2378 5086 2535 5139 Cout.
2577 5100 2629 5153 p.
2675 5084 2972 5155 95,uti_et
3001 5080 3148 5149 Sym.
3184 5077 3315 5155 [θεῖ
3352 5090 3404 5142 Ρ·

1834 5149 1957 5213 49.9.
1988 5158 2149 5215 Cedr.
2189 5176 2245 5229 p.
2286 5158 2418 5219 535,
2456 5149 2711 5229 μολίϐδῳ,
2738 5152 2985 5229 plumbo,
3026 5165 3137 5217 quo
3193 5149 3407 5229 scilicet

1832 5240 1991 5285 notas
2021 5230 2151 5283 fecit
2177 5219 2368 5284 livoris
2392 5219 2545 5296 quasi
2573 5240 2639 5277 ex
2662 5219 2987 5296 verberibus
3010 5219 3298 5296 contracti.

1904 5302 2013 5369 (46)
2047 5300 2258 5355 Desinit
2295 5302 2346 5353 in
2376 5291 2627 5351 uiiinesiu
2652 5294 2761 5348 illis
2794 5303 2924 5348 tunc
2954 5291 3112 5344 valde
3147 5292 3402 5343 usitatam

1832 5379 2060 5441 propter
2086 5372 2393 5425 infantiam.

1903 5432 2013 5513 (i7)
2050 5441 2215 5497 Cedr.
2267 5459 2319 5511 p.
2364 5439 2487 5513 5553,
2520 5452 2550 5491 a
2590 5437 2785 5492 Barda.
2810 5436 2959 5513 Inter
3001 5434 3142 5513 illos,
3190 5432 3301 5513 quin
3336 5433 3401 5486 ad

1831 5502 2197 5583 patriarcham
2240 5502 2391 5565 missi
2444 5509 2684 5583 fuerant,
2736 5508 3025 5583 nominant
3068 5502 3404 5583 etiampou-

1829 5574 2130 5637 stantinum
2156 5583 2317 5637 Com.
2347 5598 2406 5649 p.
2434 5582 2522 5634 9'5.
2561 5580 2707 5650 Sym.
2738 5580 2903 5631 etiam
2932 5576 3061 5650 μσςΓ

1900 5657 2011 5726 (48)
2038 5654 2138 5709 Hic
2160 5656 2271 5723 jam
2301 5644 2468 5726 patet,
2503 5644 2664 5726 quod
2696 5664 2873 5726 supra
2896 5644 3097 5726 alicubi
3133 5644 3405 5726 di.xi..Nn-

1830 5716 2004 5779 str‘uni
2034 5716 2281 5793 quadam
2303 5716 2371 5776 ex
2399 5716 2779 5793 declamatore
2807 5720 2995 5793 aliquo
3020 5716 3398 5785 descripsisse.

1902 5796 2011 5868 (49)
2044 5789 2206 5863 Cont,
2246 5812 2296 5863 p.
2320 5795 2407 5849 93.
2440 5793 2586 5863 Sym.
2624 5789 2755 5862 Log.
2788 5806 2839 5861 p.
2873 5790 2998 5844 429.
