4146 6436
798 372 937 437 1095

2093 371 2406 435 JOSEPHI
2445 376 2597 439 GEN
2604 380 2722 439 E51
2736 381 2758 439 Ι

3917 388 4057 452 1696

794 482 1032 555 conjecit
1069 477 1451 548 inquisitorem
1493 477 1844 549 prudentem,
1899 480 2009 551 82
2056 497 2154 551 per
2209 502 2372 554 quem

2478 490 2797 561 γεραίρεται
2855 493 2987 565 (50).
3027 493 3133 547 Τοῦ
3163 494 3253 548 οῦν
3294 495 3861 567 δραματουργήματος
3912 506 4056 555 κατά

793 576 959 632 etiam
995 571 1374 628 ecclesiastico
1405 570 1720 642 principatu
1742 573 1866 643 jure
1891 589 1955 627 ac
1983 575 2186 631 merito
2217 581 2368 632 exei-

790 668 893 732 dit,
926 666 1176 719 incusato
1206 663 1400 732 magis,
1434 665 1687 733 quamvis
1718 679 1828 718 non
1880 677 2098 736 sponte,
2140 669 2372 740 largitus

788 757 1007 815 laudem
1034 756 1179 811 haud
1204 756 1579 811 subditiciam.
1612 757 1855 827 Piusquc
1877 775 1941 814 ac
1965 760 2142 815 ildelis
2165 763 2220 815 in
2250 764 2371 832 ejus

789 852 975 907 locum
1032 849 1410 905 introducitur
1459 850 1775 919 patriarcha
1822 852 2153 919 Methodius,
2209 856 2265 908 in
2312 872 2370 910 se

789 945 908 1014 ipso
936 943 1203 1013 plurimas
1227 943 1447 1013 pietatis
1479 942 1778 1012 inscriptas
1824 952 1985 998 notas
2014 953 2070 998 et
2096 960 2165 999 ex
2187 960 2372 999 carce-

789 1037 866 1090 ris
891 1036 1149 1105 squalore
1208 1034 1534 1104 capillorum
1583 1035 1866 1088 raritatem
1911 1037 2071 1104 quasi
2118 1037 2369 1106 quaedam

788 1126 1025 1198 insignia
1066 1126 1289 1180 virtutis
1339 1140 1453 1195 pra:
1484 1140 1543 1178 se
1591 1125 1797 1179 ferens.
1849 1125 1992 1180 lluic
2047 1128 2243 1181 summi
2281 1142 2369 1182 sa-

785 1217 1019 1273 cerdotii
1073 1232 1308 1272 ancoras
1364 1216 1727 1278 tradiderunt,
1784 1231 1911 1270 cum
1971 1218 2371 1288 approbatione

785 1325 1001 1366 summa
1072 1310 1321 1363 omnium
1396 1309 1782 1378 religiosorum
1857 1310 2165 1372 hominum.
2244 1329 2369 1368 cum

784 1417 978 1457 eorum
1011 1401 1106 1472 qui
1136 1402 1189 1455 iu
1238 1402 1594 1470 imperatoria
1634 1402 1773 1457 urbe
1817 1405 2203 1467 versabantur,
2253 1414 2371 1459 tum

783 1510 978 1550 eorum
1014 1495 1111 1564 qui
1152 1494 1398 1563 undique
1429 1494 1484 1548 in
1518 1508 1643 1549 eam
1693 1505 2089 1550 convenerant.
2150 1497 2370 1551 Etenim

784 1586 1014 1644 deﬁnito
1058 1585 1299 1657 quodam
1322 1585 1413 1641 die
1437 1602 1631 1641 eorum
1665 1596 1993 1652 conventus,
2034 1587 2089 1641 in
2124 1602 2234 1657 quo
2268 1587 2372 1643 Ec-

783 1680 954 1737 clesia
998 1695 1162 1734 suum
1215 1678 1385 1733 decus
1417 1686 1473 1731 et
1506 1686 1766 1733 ornatum
1816 1679 2018 1746 induit,
2070 1679 2370 1735 descende-

781 1781 913 1829 runt
947 1789 1017 1828 ex
1036 1770 1245 1827 celebri
1274 1777 1460 1824 monte
1485 1767 1739 1841 Olympo,
1766 1769 1982 1826 Athone
2008 1771 2138 1826 item
2164 1780 2223 1825 et
2249 1770 2364 1837 Ida,

782 1864 917 1931 quin
952 1871 1007 1917 et
1033 1876 1098 1915 ex
1146 1839 1573 1930 congregatione
1624 1839 1694 1915 ad
1739 1860 2028 1933 Cyminan,
2080 1871 2270 1932 aperte
2314 1871 2372 1917 et
2402 1839 2445 1896 Β

783 1955 929 2009 clare
984 1967 1169 2006 veram
1231 1952 1396 2006 ﬁdem
1445 1952 1831 2022 pradicantes,
1887 1955 2371 2025 imperatoriisqne

782 2042 1328 2099 remunerationibus
1369 2050 1426 2096 et
1464 2042 1779 2099 honorariis
1812 2044 2139 2100 decentibus
2185 2047 2370 2102 an‘ecti

782 2137 852 2192 ad
884 2152 981 2191 sua
1011 2135 1362 2192 tabernacula
1415 2145 1766 2191 recesserunt
1795 2155 1810 2191 :
1848 2136 2083 2208 quorum
2117 2156 2261 2195 verae
2308 2140 2372 2193 ﬁ-

780 2229 871 2285 dei
924 2237 1119 2299 portus
1168 2228 1237 2282 ab
1278 2227 1373 2283 illo
1417 2237 1662 2298 tempore
1691 2229 1759 2283 ad
1794 2230 1944 2285 hunc
1994 2246 2171 2301 usque
2220 2232 2369 2287 diem

780 2320 988 2375 virtute
1016 2317 1224 2373 Christi
1257 2316 1520 2371 custoditi
1548 2329 1875 2387 permanent
1897 2321 2240 2391 tempestatis
2267 2336 2367 2376 ex-

782 2423 986 2481 pertes.

854 2588 979 2644 Haec
1004 2589 1180 2659 prima
1223 2601 1352 2643 sunt
1384 2589 1667 2644 Michaelis
1698 2605 1760 2645 ac
1790 2591 2115 2656 Theodorae,
2151 2591 2367 2660 piorum

784 2682 1203 2752 imperatorum,
1248 2680 1389 2735 facta
1424 2682 1703 2750 praeclara.
1752 2682 1923 2736 Porro
1959 2683 2200 2738 Joannes
2250 2683 2368 2737 cui-

784 2775 910 2829 dam
951 2774 1291 2828 monasterio
1327 2774 1576 2828 inclusus
1598 2785 1764 2843 atque
1803 2775 1857 2828 in
1904 2784 2058 2845 parte
2091 2777 2277 2845 templi
2309 2777 2366 2831 in

781 2883 849 2923 eo
876 2868 1227 2936 conspicatus
1283 2867 1587 2922 Salvatoris
1636 2866 1843 2923 Christi
1876 2869 1975 2923 Dei
2031 2870 2207 2924 nostri
2249 2886 2369 2924 car-

785 2959 965 3013 nalem
998 2957 1313 3029 imaginem,
1360 2958 1608 3028 Deiparte
1638 2958 1768 3012 item
1800 2968 1857 3013 et
1886 2959 2363 3029 archangelorum,

786 3049 1038 3120 praecipit
1090 3064 1192 3103 suo
1237 3048 1494 3103 ministro
1534 3058 1597 3103 ut
1654 3049 1980 3103 ascenderet
2008 3059 2064 3103 et
2100 3064 2369 3103 veneran-

2474 583 2793 653 κακόφρονα
2850 584 3078 655 γνώμην
3113 583 3544 654 ἀπελεγχθέντος
3589 586 3724 657 (5|),
3768 591 3850 652 εἰς
3883 589 4056 659 θυμὸν

2477 674 2680 743 μᾶλλον
2703 674 2899 743 ἐξῆγεν
2928 675 3020 729 τὸν
3045 676 3279 746 ἐταστὴν
3310 676 3557 747 ἔμφρονα
3593 678 3729 751 (59.),
3760 679 3831 732 δι’
3857 677 3925 736 οῦ
3965 686 4055 735 καὶ

2471 764 2571 834 τῆς
2613 764 3079 835 ὲκκλησιαστικῆς
3112 767 3465 835 ἐπικρατείας
3510 765 3733 831 ἐνδίκως
3766 770 4055 824 ἐκπέπτω-

2472 875 2591 922 κεν,
2623 854 2703 929 τῷ
2733 858 3168 929 κατηγορηθέντι
3190 858 3389 929 μᾶλλον
3416 857 3553 931 (55),
3574 859 3680 914 κᾶν
3716 863 3795 932 μὴ
3827 862 4050 925 team.

2469 949 2856 1019 δωρησάμενος
2912 951 3375 1021 ἁπαρέγγραπτον
3426 950 3669 1009 ἔπαινον.
3726 954 3839 1007 Καὶ
3901 955 4054 1008 εὗσε-

2471 1042 2573 1109 6ης
2608 1040 2719 1112 (54)
2741 1042 3125 1109 ἀντεισάγει-αι
3159 1041 3506 1113 πατριάρχης
3524 1043 3809 1107 Μεθόδιος,
3840 1046 3902 1097 ὲν
3926 1049 4053 1100 ἑαυ-

2470 1130 2551 1198 τῷ
2581 1131 2809 1184 πλεῖστα
2836 1129 2907 1183 τὰ
2930 1130 3075 1201 ὑπὲρ
3096 1130 3389 1195 εὐσεϐείας
3421 1131 3696 1201 στίγματα
3725 1133 3822 1185 καὶ
3855 1132 3965 1204 τὴν
3992 1135 4050 1188 δι’

2473 1222 2697 1292 εἱρκτῆς
2731 1220 3031 1293 σαπρώσης
3050 1222 3162 1275 τῶν
3188 1223 3394 1293 τριχῶν
3411 1221 3641 1291 ψίλωσιν
3655 1219 3747 1277 οἷά
3775 1240 3901 1277 τινα
3916 1225 4053 1292 γέρα

2472 1312 2941 1382 προκομιζόμενος
2973 1309 3112 1382 (55).
3149 1313 3337 1383 Τούτῳ
3380 1313 3478 1373 τὰς
3522 1313 3919 1381 ἀρχιερατικὰς
3968 1316 4055 1380 ἀγα

2474 1404 2646 1474 κύρας
2672 1404 2932 1457 ἐπέδοσαν
2958 1404 3054 1456 σὺν
3085 1404 3324 1473 ἀποδοχῇ
3373 1404 3521 1475 πάσῃ
3571 1403 3850 1474 Θεοφόρων
3874 1406 4053 1458 ἁπάν-

2472 1509 2581 1545 των
2601 1491 2811 1562 ἀνδρῶν
2830 1492 2966 1564 (56),
2992 1492 3101 1547 τῶν
3133 1508 3193 1546 τε
3218 1496 3284 1563 τῇ
3324 1491 3555 1561 βασιλίδι
3580 1498 4052 1563 περινοστοῦν-ξων

2472 1585 2570 1636 καὶ
2597 1582 2707 1636 τῶν
2739 1584 3080 1653 πανταχόθεν
3125 1582 3263 1656 πρὸς
3293 1582 3501 1653 ταύτην
3527 1584 3886 1655 ἐληλυθότων.
3947 1586 4053 1638 Καὶ

2471 1673 2581 1743 γὰρ
2610 1673 2751 1726 κατὰ
2782 1672 3149 1745 διωρισμένην
3181 1674 3398 1744 ἡμέραν
3430 1674 3531 1743 τῆς
3581 1674 3762 1728 αὐτῶν
3798 1674 4050 1727 συνελεύ-

2473 1779 2611 1827 σεως
2646 1762 2787 1835 (57),
2808 1764 2930 1819 καθ’
2952 1766 3067 1834 ἧνή
3100 1763 3197 1817 τοῦ
3229 1764 3365 1818 Θεοῦ
3402 1764 3701 1836 Ἐκκλησία
3729 1768 3831 1835 τὴν
3854 1768 4052 1835 ἑαυτῆς

2474 1857 2812 1927 εὐπρέπειαν
2832 1856 3233 1926 ἀμφεϐἀλλετο,
3267 1859 3523 1912 κατίασιν
3559 1858 3626 1911 ὲκ
3650 1858 3746 1912 τοῦ
3782 1861 4051 1928 περιωνύ-

2476 1965 2577 2019 μου
2622 1947 2784 2018 ὅρους
2820 1949 3094 2020 Ὀλύμπου
3139 1949 3290 2003 ’Δθω
3350 1966 3403 2003 τε
3433 1951 3527 2003 καὶ
3567 1950 3666 2020 τῆς
3692 1950 3863 2020 Ἴδης.
3920 1952 4050 2005 ἀλλὰ

2475 2039 2583 2109 μὴν
2615 2038 2706 2090 καὶ
2745 2036 2840 2090 τοῦ
2886 2038 3031 2092 κατὰ
3084 2040 3339 2109 Κυμινᾶν
3378 2038 3488 2110 (58)
3538 2042 4048 2113 συμπληρώματπ,

2472 2128 2789 2198 περιφανῶς
2816 2128 2917 2199 τὴν
2940 2128 3256 2198 ὀρθοδοξὶαν
3299 2131 3691 2202 κηρύσσοντες,
3740 2131 4053 2201 βασιλικαῖς

2470 2237 2530 2274 τε
2573 2220 2883 2289 διαμοιϐαἶς
2936 2222 3032 2274 καὶ
3066 2221 3389 2291 σεϐασμίοις
3433 2223 3631 2286 αἰσίοις
3690 2225 4049 2289 ίκανωθέντες

2471 2312 2608 2383 πρὸς
2637 2313 2737 2375 τὰς
2781 2313 2921 2377 ἰδίας
2967 2313 3173 2384 σκηνὰς
3209 2312 3604 2385 ὑπεχώρησαν·
3631 2309 3705 2369 ὧν
3732 2317 3925 2370 ἔκτοτε
3965 2323 4054 2370 καί

2474 2404 2634 2473 μέχρι
2659 2402 2820 2474 δεῦρο
2845 2406 2895 2456 oi.
2931 2406 3031 2474 τῆς
3070 2403 3378 2475 ὸρθοδοξίας
3406 2406 3622 2476 λιμένες
3654 2407 3766 2477 (59)
3811 2409 4051 2478 Χριστοῦ

2470 2496 2697 2566 δυνάμει
2732 2497 2975 2567 φρουρού
2988 2513 3146 2566 μενοι
3179 2496 3530 2567 διατηροῦσιν
3575 2498 3887 2568 ἀχείμωνες
3918 2500 4051 2569 (60).

2540 2588 2727 2642 Ταῦτα
2749 2590 2847 2658 μὲν
2866 2591 2923 2642 ὲν
2942 2589 3179 2660 πρώτοις
3195 2589 3417 2659 Μιχαὴλ
3434 2607 3494 2642 τε
3509 2590 3603 2642 καὶ
3616 2590 3926 2660 Θεοδὼρας,
3951 2593 4053 2641 τῶν

2468 2676 2711 2730 εὐσεϐῶν
2729 2678 3015 2745 βασιλέων,
3037 2678 3105 2731 τὰ
3128 2678 3553 2761 κατορθώματαί
3571 2680 3630 2731 '0
3645 2680 3701 2732 δὲ
3717 2681 3927 2749 Ἰαννῆς
3941 2682 4051 2750 (Gl)

2468 2771 2573 2822 τινὶ
2634 2770 2986 2839 μοναστηρίῳ
3047 2769 3464 2841 ὲγκαθειρχθεὶς
3503 2771 3597 2824 καὶ
3641 2774 3698 2824 ὲν
3745 2773 3910 2843 μέρει
3959 2776 4050 2825 τοῦ

2469 2862 2588 2915 κατ’
2610 2864 2787 2914 ἐκεῖνο
2808 2861 2935 2914 ναοῦ
2969 2860 3201 2915 κατιδὼν
3223 2864 3267 2893 ¹⁹
3295 2863 3390 2915 τοῦ
3413 2864 3664 2934 Σωτῆρος
3685 2866 3929 2935 Χριστοῦ
3958 2866 4049 2917 τοῦ

2469 2953 2604 3006 Θεοῦ
2636 2954 2794 3023 ἡμῶν
2822 2956 3085 3024 σαρκικον
3110 2959 3438 3026 χαρακτῆρα
3473 2955 3608 3027 (6'3),
3658 2958 3719 3009 οὖ
3758 2959 3869 3029 μὴν
3915 2960 4049 3011 ἀλλα

2470 3042 2564 3094 καὶ
2595 3043 2694 3111 τῆς
2739 3042 3085 3115 Θεομήτορος
3126 3044 3359 3097 καὶτῶν
3399 3045 3802 3115 στρατιαρχῶν,
3868 3047 4051 3114 διωρί-

786 3142 981 3197 darum
1036 3142 1334 3213 imaginum
1374 3141 1878 3206 eﬂoderetoeulos,
1935 3141 2195 3195 dictitans
2218 3142 2364 3196 haud

2473 3152 2606 3190 σατο
2642 3136 2721 3205 τῷ
2760 3135 2955 3189 ἑαυτοῦ
2993 3138 3238 3206 ὑπηρέτῃ
3286 3137 3542 3190 διανιόντι
3597 3138 3707 3192 τῶν
3738 3139 4051 3208 σεεασ;;,ίιυν

775 3247 842 3292 ιο
873 3247 1033 3302 posse
1070 3231 1138 3286 ad
1167 3231 1275 3301 83
1306 3247 1370 3285 ea
1395 3231 1636 3301 dirigere
1661 3232 1949 3285 oculorum
1992 3234 2165 3287 aciem
2194 3250 2208 3298 ;
2239 3249 2364 3287 cum

2472 3226 2696 3278 εἰκόνων
2752 3226 3011 3295 ἀνορύξαι
3056 3227 3124 3279 τὰ
3182 3227 3428 3296 ὖμματα,
3482 3230 3708 3294 φάσκων
3745 3231 4051 3298 ἀμηχανεῖν

781 3324 1081 3394 eﬂigiarius
1106 3327 1161 3377 in
1201 3325 1496 3394 juventute
1524 3323 2060 3377 exsecrabilissimus
2109 3324 2200 3378 ille
2232 3325 2367 3379 fuis-

2476 3320 2612 3387 πρὸς
2626 3316 2799 3371 ταῦτα
2819 3317 2917 3388 τὴν
2943 3318 3205 3387 ὁρατικὴν
3230 3317 3617 3387 προτείνασῦαι
3644 3319 3903 3389 αἴσθησιν
3922 3320 4049 3390 (65),

781 3424 885 3481 set,
940 3424 1105 3483 atque
1177 3413 1516 3468 monasterio
1570 3413 1748 3484 Sergii
1809 3422 1867 3469 et
1914 3413 2112 3469 Bacchi
2158 3426 2367 3486 marty-

2475 3410 2779 3479 εἰκονιστὴς
2811 3412 2874 3463 ἐκ
2908 3411 3159 3479 νεότητος
3206 3412 3233 3463 ὁ
3280 3408 3719 3480 τρισκατάρατος
3777 3413 4052 3476 καθεστὼς

782 3522 927 3572 rum,
960 3510 1107 3576 quod
1137 3505 1568 3575 imperatoribus
1612 3505 1879 3571 dicatum,
1914 3509 2261 3577 praepositus.
2298 3509 2371 3563 Ut

2478 3504 2572 3553 καὶ
2595 3502 2763 3571 μονῆς
2798 3501 2907 3554 τῶν
2938 3502 3257 3573 ἀολοψὸρων
3308 3503 3537 3573 Σεργίου
3580 3503 3679 3557 καὶ
3706 3504 3928 3573 Βάκχου
3958 3505 4051 3573 τῆς

784 3598 955 3668 igitur
985 3598 1040 3651 id
1081 3597 1298 3652 audivit
1350 3595 1599 3666 piissima
1630 3596 1854 3651 domina
1906 3598 2219 3665 Theodora,
2248 3600 2368 3653 zelo

2473 3592 2784 3665 βασιλεῦσιν
2823 3594 2935 3665 (64)
2975 3596 3375 3664 ἀφωρισμένης
3410 3595 3757 3665 προσάθμιος
3800 3596 3939 3666 (65).
3973 3598 4051 3659 Ὠς

780 3690 984 3744 amoris
1014 3704 1142 3759 erga
1180 3687 1463 3744 Christum
1491 3688 1757 3743 ardenter
1802 3698 2079 3744 commota
2113 3690 2241 3756 fuit,
2297 3691 2366 3745 il-

2472 3680 2562 3739 οὖν
2595 3687 2827 3740 ἐπύθετο
2877 3687 3119 3757 ταῦταῆ
3172 3687 3571 3756 οεοσεσεστὰτη
3627 3688 3895 3741 δέσποινα
3938 3689 4052 3741 Θεο-

781 3780 999 3849 liusque
1050 3779 1257 3834 invisos
1304 3780 1499 3834 oculos
1528 3794 1727 3834 eruere
1754 3780 1976 3835 volebat
2005 3800 2018 3833 ε
2049 3782 2147 3837 sed
2198 3782 2371 3852 preci-

2472 3776 2809 3849 δὼρα,ζήλῳ
2846 3780 2948 3849 τῆς
2974 3780 3114 3850 πρὸς
3164 3779 3403 3849 Χριστὸν
3452 3779 3792 3849 ἀγαπήσεως
3821 3780 4051 3839 bunt};

780 3871 886 3925 bus
937 3871 1303 3941 quorumdam
1356 3871 1761 3941 prohibebatur
1803 3889 1817 3927 :
1873 3874 2107 3944 proinde
2183 3876 2369 3930 missis

2472 3872 2777 3943 ἰκεκίνητο,
2808 3874 2905 3927 καὶ
2931 3877 3061 3937 τοὺς
3095 3872 3264 3927 αὑτοῦ
3303 3874 3570 3943 μισητοὺς
3615 3873 3940 3943 ὀφθαλμοὺς
3968 3875 4049 3925 ὲκ-

780 3962 992 4032 aliquot
1028 3977 1097 4017 ex
1126 3962 1456 4017 satellitibus
1478 3962 1548 4017 ad
1586 3977 1737 4029 eum,
1784 3962 2042 4020 ducentis
2066 3965 2221 4020 illum
2266 3964 2367 4021 lla-

781 4069 1005 4125 grorum
1034 4054 1362 4111 verberibus
1383 4054 1699 4126 ﬂagellavit.

2478 3961 2760 4032 μοχλεύειν
2780 3964 3164 4035 προτεθύμητο
3195 3962 3330 4036 (66),
3361 3963 3465 4017 κᾶν
3478 3963 3701 4035 δεήσεσι
3727 3964 3889 4035 παρά
3903 3982 4049 4018 τινων

2480 4053 2820 4108 ἐκεκώλυτο·
2853 4055 2976 4108 ὃθεν
3017 4057 3171 4119 τινας
3194 4056 3303 4110 τῶν
3350 4055 3668 4125 δορυφόρων
3730 4058 4048 4125 ἐκπέμψασα

2486 4148 2623 4219 πρὸς
2650 4149 2817 4203 αὐτὸν
2838 4158 2881 4203 σ⁹
2915 4149 3110 4222 λὼροις
3143 4149 3436 4219 ὲμάστιξεν
3459 4148 3597 4220 (67.)

2085 4235 2321 4293 VAllhE
2347 4235 2761 4298 LECTIONES.

854 4308 896 4339 “
922 4305 1117 4360 ἐκείνω
1146 4302 1275 4359 ναοῦ
1307 4302 1569 4358 κατειδὼν
1601 4302 1662 4360 Ιι.

1953 4389 2198 4448 STEPH.
2224 4390 2567 4449 BERGLERI
2602 4393 2831 4452 ΝΟΤΕ.

852 4494 962 4564 (50)
996 4494 1046 4549 ls
1072 4492 1561 4564 interglogothetas
1583 4490 1877 4564 palatinos.
1919 4488 2045 4564 yid.
2071 4486 2277 4564 Meurs.
2311 4487 2365 4541 in
2394 4492 2449 4551 ι)

778 4558 1092 4634 λογοθέτης,
1125 4572 1182 4618 et
1204 4558 1597 4634 Cur'opolatem'
1625 4576 1681 4631 p.
1718 4561 1787 4615 l5
1827 4568 1885 4616 et
1924 4559 2011 4626 17,
2052 4567 2108 4614 et
2134 4558 2204 4613 ad
2238 4572 2367 4613 eum

779 4632 949 4694 Notas
980 4632 1239 4704 anonymi
1263 4648 1319 4704 ι).
1356 4632 1480 4704 262.
1511 4632 1724 4704 Βοειυε.

854 4706 963 4778 (51)
989 4702 1150 4778 Cont.
1174 4720 1229 4774 p.
1254 4702 1531 4778 94_.__Ccdr.
1558 4717 1615 4778 ρ.
1640 4702 1766 4759 555.
1783 4732 1856 4778 _-
1873 4702 2280 4778 ᾼραματουρτ.
2300 4730 2371 4778 -τ-

779 4770 1286 4854 ἀπελεγχθέξοὲο‹,·ζ
1316 4774 1417 4854 llic
1447 4772 1722 4854 genitivos
1748 4772 2035 4854 absolutos
2059 4785 2156 4839 pro
2188 4770 2369 4853 nomi-

781 4843 989 4903 nativis’
1018 4844 1175 4914 ponit
1208 4843 1580 4906 soloacistice;
1614 4853 1676 4896 ut
1713 4843 1853 4898 alias
1881 4856 1995 4897 non
2030 4854 2157 4895 raro
2196 4843 2371 4896 nomi-

779 4917 996 4974 nativos
1019 4931 1121 4983 pro
1150 4914 1408 4985 gen’itivis
1437 4914 1727 4985 absolutis.

853 4988 965 5057 (52)
995 4982 1238 5057 εοίηιζρ.
1265 4986 1355 5057 91.
1375 4984 1510 5057 Zon.
1548 5000 1604 5054 p.
1643 4984 1762 5057 155.
1782 5014 1851 5025 -
1869 4983 1951 5057 ita
1978 4982 2206 5037 omnino
2232 4983 2371 5037 scri-

779 5055 955 5129 ptum.
988 5055 1283 5129 Debuissct
1303 5055 1391 5129 τον
1420 5055 1668 5129 ἔμφρονα
1701 5056 1955 5124 ὲταστήν.

855 5126 966 5197 (53)
1016 5126 1292 5197 Loquitur
1341 5125 1769 5197 inconditenec
1798 5139 1899 5196 pro
1940 5138 2075 5197 sano
2120 5124 2367 5178 homine.

779 5194 1013 5322 Videtur
1049 5196 1473 5251 Constantinum
1523 5194 1830 5265 intelligere
1874 5209 1904 5249 a
1956 5208 2016 5249 se
2056 5194 2371 5277 incusatum

781 5285 887 5322 nan
916 5284 948 5322 ο
981 5277 1132 5322 ante.

857 5273 948 5323 ulo
981 5277 1132 5322 ante.
2095 5273 2098 5277 '

781 5285 948 5341 paulo
981 5285 1132 5322 ante.

856 5340 968 5411 (54)
1010 5337 1180 5411 _Cont.
1245 5336 1442 5411 pugil.
1484 5335 1633 5409 Sym.
1666 5336 1805 5407 Log.
1857 5350 1911 5407 p.
1970 5334 2095 5401 429,
2152 5351 2207 5405 p.
2242 5336 2369 5391 431.

780 5406 984 5480 Georg.
1010 5408 1157 5480 μου.
1190 5406 1398 5480 ρέ-526.

850 5475 962 5549 (55)
1000 5475 1203 5546 Georg.
1235 5476 1379 5531 Μυιι.
1415 5494 1471 5549 p.
1510 5478 1634 5545 527,
1665 5477 1907 5534 Zonaras
1953 5492 2007 5545 p.
2054 5475 2176 5531 158.
2205 5476 2370 5534 Cedr.

875 5552 998 5606 555.
1029 5549 1083 5602 in
1114 5549 1246 5603 ﬁne.

829 5593 840 5605 .
875 5556 998 5615 555,
1029 5556 1083 5602 in
1114 5556 1246 5603 line.

785 5567 840 5622 p.
875 5567 998 5615 300,
1029 5567 1083 5602 In
1114 5567 1246 5603 nne.

862 5622 972 5687 (56)
1007 5619 1173 5674 Cedr.
1211 5636 1265 5687 p.
1299 5618 1421 5681 556.
1447 5620 1548 5674 lin.
1578 5621 1625 5675 l.

1003 5690 1163 5745 Cont.
1195 5706 1247 5759 p.
1283 5689 1372 5746 96.
1408 5690 1556 5762 Sym.
1589 5690 1721 5761 Log.
1752 5706 1810 5761 p,
1845 5692 1967 5748 451.
1993 5691 2191 5765 GeOrg.
2223 5689 2369 5747 Mon.

786 5780 839 5835 Ρ.
1016 5832 1298 5904 Scriptum
1325 5832 1728 5904 κατακυμινάν.

2546 4493 2656 4565 (59)
2687 4495 2821 4565 Mire
2852 4496 3122 4565 loquitur.
3956 4524 3966 4535 ι

2551 4564 2664 4637 (60)
2715 4563 2793 4637 Ita
2821 4563 2942 4621 hazc
2959 4567 3155 4637 omnia
3196 4567 3421 4635 scripta.
3450 4567 3557 4637 Pro
3589 4567 3701 4622 hoc
3752 4569 3943 4637 petius
3984 4570 4052 4623 le-

2471 4633 2712 4708 gendum
2738 4635 3095 4690 διατελοῦσιν.
3115 4638 3232 4708 Aut
3251 4633 3632 4708 διατηροῦνται
3653 4633 3859 4693 debuit
3882 4639 4052 4693 dicere

2474 4703 2512 4756 i.
2550 4718 2603 4758 e.
2633 4717 2950 4761 seruantur:
3004 4714 3064 4760 ut
3113 4706 3207 4762 hic
3258 4703 3428 4762 etiam
3464 4709 3817 4763 contrarium
3868 4709 4058 4763 dixerit

2474 4774 2597 4844 ejus
2628 4777 2775 4843 quod
2804 4777 3001 4838 voluit,

2548 4843 2658 4915 (61)
2682 4845 2846 4902 Cont.
2876 4863 2930 4917 p.
2964 4849 3053 4902 98.
3093 4847 3243 4917 Sym.
3290 4848 3423 4917 Log.
3460 4847 3516 4902 d.
3546 4847 3676 4911 429,
3728 4848 3829 4903 ubi
3860 4867 3874 4903 :
3928 4848 4055 4901 nti

2474 4930 2599 4989 τινα
2616 4919 2793 4989 *μονὴν
2816 4920 2874 4969 ὲν
2898 4918 2975 4988 τῷ
3003 4917 3254 4989 Κλειδίῳ.
3283 4918 3406 4973 Vid.
3424 4917 3625 4987 Georg.
3642 4917 3814 4989 AHon.
3852 4936 3911 4989 p.
3943 4919 4051 4972 5‘36.

2550 4984 2663 5059 (62)
2693 4988 2829 5042 Zon.
2854 4984 3100 5059 p.155.
3135 4984 3215 5059 in'
3236 4989 3345 5042 line
3372 4999 3428 5043 et
3472 4984 3598 5059 seq:
3626 4987 3797 5045 Cedr.
3851 4984 3908 5059 ρ.
3943 4989 4051 5047 356.

2475 5053 2983 5128 ubid'pxayyéluw,
3014 5058 3164 5128 quod
3196 5059 3343 5113 idem
3374 5066 3461 5128 est

2476 5126 2661 5252 55%65)
2709 5129 2860 5199 Sym.
2920 5126 3056 5200 Log'.
3084 5146 3139 5200 p.
3176 5130 3303 5184 451.
3354 5127 3491 5184 Ζοη.
3544 5144 3602 5200 p.
3652 5129 3781 5185 151.
3813 5130 3976 5187 Cedr.
4008 5146 4051 5199 p.

2550 5266 2662 5342 (64)
2691 5266 2852 5323 Cont.
2888 5269 3067 5342 p.36.
3106 5268 3267 5342 Sym.‘
3311 5269 3471 5342 Log._
3500 5284 3556 5337 p.
3607 5269 3738 5342 450.
3790 5271 3959 5327 Cedr.
4007 5287 4052 5333 ιτ.

2477 5337 2601 5392 536.
2625 5368 2696 5377 —
2721 5337 3113 5405 Βασιλεῦσιν,
3150 5337 3305 5395 ἰωὰε
3333 5337 3600 5409 βασιλέως
3632 5341 3897 5411 κληρικοί
3926 5344 4051 5411 apud

2480 5407 2629 5464 Svm.
2666 5408 2796 5464 Loa.
2834 5425 2889 5464 ι).
2921 5410 3045 5464 4⁸50.

2520 5424 2629 5477 ym.
2666 5412 2796 5477 Log.
2834 5425 2889 5477 p.
2921 5412 3045 5466 4⁸50.

2480 5425 2629 5477 δὶίη·
2666 5425 2796 5478 ιλος-
2834 5425 2889 5479 ρ.
2921 5425 3045 5466 seu.

2475 5478 2945 5605 οεξῇξοὲἐὰβο
2987 5481 3079 5547 96»
3114 5480 3437 5553 ἡγούμενος.
3488 5480 3641 5553 Sym.
3678 5480 3817 5553 Log.
3853 5498 3911 5552 ρ.
3942 5482 4049 5535 150,

2520 5564 2637 5603 601'.
2680 5565 2734 5604 ι).
2768 5564 2889 5604 506.

2552 5565 2943 5693 (161-6)
2976 5621 3099 5677 536.
3136 5621 3336 5677 Zonar.
3375 5639 3430 5692 p.
3464 5623 3588 5677 15L
3626 5622 3782 5691 Sym.
3826 5623 3960 5693 Log.
4003 5639 4048 5690 [ι.

2477 5692 2572 5761 151
2588 5733 2602 5753 ,
2644 5692 2736 5761 qui
2767 5691 2903 5756 ipso
2926 5702 3051 5747 actu
3073 5700 3263 5748 erutos
3288 5694 3337 5748 ei
3370 5691 3564 5749 oculos
3589 5693 3854 5759 afﬁrmat,
3878 5691 3981 5751 non
4005 5704 4051 5743 ut

2476 5760 2675 5816 Noster
2702 5773 2757 5815 ct
2781 5762 3049 5819 Zonaras.

2553 5832 2663 5903 (67)
2704 5832 2836 5889 Zon.
2863 5851 2917 5906 p.
2957 5836 3076 5890 l5l.
3109 5835 3269 5891 Cont.
3304 5852 3353 5906 p.
3387 5836 3475 5892 98.
3504 5835 3655 5907 Sym.
3684 5835 3820 5907 Log.
3854 5851 3911 5907 p.
3942 5834 4044 5899 ‘39.
