4146 6436
724 388 857 453 1107

2017 386 2329 446 JUSEPIII
2386 384 2695 443 GENESII

3853 375 3983 437 1103

718 501 943 561 sissent,
975 507 1241 567 quantum
1271 498 1385 567 ipsa
1414 495 1741 565 collegisset.
1774 499 1908 549 Cum
1936 506 2119 549 autem
2161 512 2300 563 aegre

2406 494 2501 547 καὶ
2549 493 2815 563 ἀργυρίου
2868 492 2999 545 ὡσεὶ
3036 490 3403 560 κεντηναρίων
3437 490 3599 560 τριῶν
3646 490 3693 522 ⁸³
3729 490 3843 560 (Β.)
3867 506 3881 519 ·
3913 484 3982 540 ὧν

717 590 888 645 ferret
931 591 1138 644 abitqu
1168 606 1231 643 ex
1268 592 1411 653 aula,
1475 590 1585 643 lilio
1632 590 1876 659 pnetlicit
1916 590 2291 658 profusionem

716 690 941 751 propter
970 682 1265 746 inscitiam,
1297 690 1460 750 atque
1494 682 1715 750 insuper
1731 698 1798 734 ex
1823 668 1887 735 ea
1918 681 2290 735 inevitabilem

715 774 1026 829 interitum.

780 1040 1054 1094 Czctcrum
1113 1040 1327 1108 imperii
1384 1038 1613 1091 habena:
1657 1038 1722 1091 ad
1756 1039 1931 1091 stilum
1969 1037 2292 1092 Michaelem

710 1131 966 1195 redacue,
999 1131 1270 1200 facileque
1309 1129 1516 1184 Bardas
1561 1140 1786 1199 propter
1814 1128 2133 1183 afﬁnitatem
2170 1145 2293 1184 cum

711 1225 1045 1294 imperatore
1075 1224 1424 1278 familiariter
1454 1224 1800 1288 conciliatus,
1817 1238 1921 1277 nec
1954 1223 2137 1277 minus
2163 1239 2295 1292 pro-

709 1328 834 1389 pter
852 1319 1129 1390 ejusmodi
1159 1318 1391 1373 facinus.
1428 1317 1618 1386 Itaque
1640 1316 1941 1373 etCagsaris
1971 1317 2294 1387 dignitatem

708 1410 816 1465 sibi
844 1412 1135 1481 acquirere
1159 1410 1471 1464 consultum
1506 1408 1815 1472 videbatur,
1846 1417 1900 1462 et
1930 1408 1996 1461 ad
2027 1408 2295 1462 securita-

710 1510 819 1555 tem
866 1517 930 1555 ac
970 1501 1205 1555 salutem
1240 1501 1517 1570 propriam
1562 1500 1667 1570 91
1718 1500 2159 1561 convenientius,
2191 1500 2294 1554 etsi

709 1593 861 1649 circa
886 1593 1028 1647 hanc
1048 1591 1217 1648 falsus
1246 1590 1372 1647 fuit.
1398 1592 1488 1647 Sic
1512 1593 1659 1647 enim
1686 1590 2026 1660 Tthphilus
2048 1591 2295 1661 quidam,

707 1702 775 1741 ex
795 1685 933 1750 suis,
956 1684 1254 1740 admodum
1286 1684 1595 1748 familiaris,
1614 1683 2043 1753 protospatbarii
2062 1683 2299 1753 dignita-

709 1788 785 1847 te,
809 1779 867 1837 εἰ
891 1776 1265 1835 consuluerat.
1302 1776 1472 1830 Porro
1502 1774 1725 1841 Bardas,
1760 1782 2039 1844 assumpta
2068 1773 2299 1829 Caesaris

708 1872 976 1943 dignitate
1002 1870 1192 1925 multis
1218 1869 1386 1926 rebus
1409 1868 1669 1939 praeclare
1698 1867 2152 1923 administrandis
2181 1868 2296 1922 ala-

704 1978 857 2017 crem
889 1977 948 2017 se
983 1960 1299 2032 praestabat,
1334 1970 1394 2015 ut
1437 1961 1564 2015 inde
1606 1959 1854 2017 Caesarea
1901 1960 2143 2032 dignitas
2177 1975 2297 2016 cre-

709 2061 891 2109 sceret
936 2061 1105 2123 atque
1140 2053 1290 2116 hinc,
1323 2062 1385 2107 ut
1418 2051 1595 2117 aiunt,
1643 2053 1709 2107 ad
1760 2052 2052 2122 imperium
2082 2067 2299 2123 grassa-

710 2156 887 2202 ιὀῑιιτ.

776 2235 1052 2292 Caeterum
1068 2235 1254 2311 impiis
1272 2235 1568 2290 Ismaelitis
1586 2235 1980 2305 impetentibus
1998 2235 2295 2302 Romanos,

706 2328 849 2383 duce
900 2328 1100 2383 Amere
1136 2344 1203 2383 ex
1259 2327 1539 2391 Melitena,
1601 2327 1747 2381 baud
1808 2330 1992 2399 segnis
2011 2343 2116 2384 nec
2160 2329 2300 2385 adeo

707 2422 972 2477 remissus
1001 2437 1122 2478 esse
1169 2422 1471 2492 imperator
1514 2422 1713 2487 voluit,
1747 2422 1925 2477 virilis
1958 2424 2067 2494 jam
2126 2423 2301 2479 aetatis

706 2512 1097 2568 strenuitatem
1149 2528 1264 2584 prce
1320 2528 1379 2568 se
1433 2511 1637 2567 ferens.
1704 2512 1893 2584 Itaque
1959 2514 2301 2570 Samosatam

706 2621 899 2662 versus
923 2620 1048 2660 cum
1076 2605 1326 2660 exercitu
1349 2604 1740 2674 proﬁciscitur,
1779 2604 1973 2660 urbem
2001 2605 2299 2661 Ismaelita-

708 2714 850 2755 rum.
874 2699 1047 2766 Quam
1071 2714 1197 2753 cum
1227 2696 1409 2754 triduo
1436 2698 1547 2768 jam
1572 2696 1875 2761 obsideret,
1904 2696 1993 2753 die
2017 2698 2302 2754 Dominiea

710 2809 797 2849 res
829 2792 1048 2849 divinas
1074 2790 1519 2848 Christianorum
1548 2788 1829 2845 celebrare
1854 2789 2116 2856 instituit,
2149 2806 2301 2845 com-

709 2885 1105 2940 municaturus
1128 2885 1422 2939 incruento
1443 2883 1868 2953 complementa.
1894 2882 2099 2939 Eadem
2120 2892 2303 2938 autem

707 2977 847 3031 hora
884 2985 1111 3046 repente
1146 2974 1385 3047 Agareni
1433 2974 1605 3045 portis
1647 2974 1934 3044 patefactis
1978 2982 2299 3044 erumpunt,

708 3068 984 3139 facileque
1017 3068 1071 3123 in
1106 3067 1289 3138 fugam
1321 3067 1712 3137 imperatorem
1746 3066 2103 3137 compellunt,
2137 3073 2303 3137 atque

708 3160 766 3214 in
799 3167 1014 3215 tantum
1067 3159 1260 3229 fugant
1300 3168 1363 3213 ut
1407 3167 1466 3213 et
1497 3157 1734 3213 tentoria
1768 3158 1890 3230 ejus
1938 3167 1996 3214 et
2037 3158 2302 3229 reliquam
2330 3188 2372 3246 ο

708 3265 932 3306 omnem
962 3250 1359 3321 supellectilem
1395 3248 1749 3313 abstulerint,
1797 3248 1916 3318 ipso
1969 3248 2300 3318 imperatore

707 3355 854 3412 aegre
896 3341 1107 3412 elapso.

2398 584 2456 636 τὸ
2489 583 2586 653 μὲν
2612 582 2754 635 κατὰ
2814 582 3080 651 διαθήκας
3134 598 3205 633 πσ
3220 583 3383 650 ρῆκεν
3429 583 3457 634 ὁ
3488 581 3692 650 ταύτης
3728 582 3894 651 ἀνὴρ,
3926 584 3982 634 τὸ

2395 675 2451 727 δὲ
2513 674 2653 728 κατὰ
2716 674 3054 745 προσθήκην,
3111 674 3141 725 ὃ
3199 673 3339 742 αὕτη
3395 672 3696 738 συνέλεξεν.
3743 674 3869 725 Ἐπὶ
3918 676 3981 743 τῇ

2398 767 2698 819 καταϐάσει
2723 765 2779 817 δὲ
2804 764 3235 837 δυσχεραίνουσα
3261 765 3337 835 τῷ
3370 766 3469 834 υίῷ
3498 760 3845 837 προσενείρει
3875 764 3982 833 (15)

2397 857 2457 909 τὸ
2483 859 2540 921 ἐξ
2575 856 2931 919 ἀπαιδευσίας
2960 857 3394 913 πολυανάλωτον.
3425 856 3505 909 ἔτι
3538 856 3594 908 δέ
3630 857 3725 908 καὶ
3760 858 3827 909 ἐκ
3854 855 3946 908 τού
3966 886 3979 895 -

2397 965 2490 1000 του
2524 948 2617 1000 τὸν
2640 947 2881 1015 ἄφυκτον
2899 947 3139 1017 ὄλεθρον.

2468 1040 2534 1093 Al
2564 1040 2618 1092 δὲ
2644 1039 3110 1111 αὑτοκρατορικαὶ
3125 1040 3273 1110 ήνίαι
3307 1041 3451 1110 μόνῳ
3471 1040 3548 1110 τῷ
3569 1039 3791 1109 Μιχαὴλ
3813 1057 3986 1111 προσ-

2398 1136 2754 1204 ανήρτηνται,
2789 1134 2884 1186 καὶ
2918 1132 2976 1198 ἐξ
3004 1132 3223 1202 ἐτοίμου
3259 1134 3285 1185 ὁ
3312 1133 3523 1204 Βάρδας
3562 1133 3695 1203 (44).
3724 1129 3814 1185 οἶα
3852 1134 3988 1204 πρὸς

2396 1227 2589 1294 γένους
2622 1228 2699 1297 τῷ
2735 1226 2946 1295 βασιλεί
2971 1227 3069 1291 ὢν,
3102 1226 3511 1299 προσῳκείωτο,
3534 1226 3631 1297 οὐχ
3657 1222 3823 1296 ἦττον
3858 1228 3902 1258 δ’
3934 1227 3987 1279 δὲ

2400 1318 2497 1371 καὶ
2527 1321 2592 1371 ἐκ
2618 1318 2866 1371 τοιούτου
2896 1319 3268 1388 τολμήματος.
3308 1318 3408 1372 Διὰ
3436 1316 3609 1370 ταῦτα
3640 1320 3736 1370 καὶ
3770 1318 3873 1387 τὴν
3894 1317 3988 1370 τοῦ

2400 1412 2675 1482 Καίσαρος
2699 1411 2858 1476 δόξαν
2887 1410 3365 1482 προσπορίσασθαι
3393 1409 3574 1480 ἐαυτῷ
3624 1410 3988 1477 κατεφαίνετο

2405 1502 2648 1573 εὔλογον,
2672 1503 2809 1557 ἀλλὰ
2836 1504 2931 1559 καὶ
2983 1503 3119 1575 πρὸς
3142 1503 3240 1573 τὴν
3265 1502 3430 1557 αὐτοῦ
3465 1503 3772 1571 ἀσφάλειαν
3810 1519 3983 1571 προσ-

2399 1593 2709 1663 εχέστερον.
2734 1595 2783 1647 εί
2817 1595 2911 1648 καὶ
2928 1593 3133 1663 ταύτης
3153 1592 3455 1663 διήμαρτεν
3474 1608 3488 1622 ’
3507 1591 3680 1655 οὕτως
3696 1592 3806 1661 γὰρ
3836 1592 3986 1662 αύτῷ

2399 1684 2647 1749 eaeeae;
2669 1703 2753 1749 τις
2784 1686 2891 1739 τῶν
2931 1684 3096 1739 αὐτοῦ
3140 1684 3262 1737 λίαν
3317 1685 3560 1753 γνωστὸς
3590 1684 3684 1736 καὶ
3744 1685 3846 1753 τὴν
3889 1685 3981 1736 τοῦ

2402 1777 2897 1851 πρωτοσπαθαρίου
2931 1779 3148 1847 ὑπέχων
3176 1777 3346 1848 τιμὴν
3382 1776 3734 1829 ἐϐεϐούλευτο
3756 1775 3894 1846 (i5).
3927 1776 3983 1828 ὐ

2398 1870 2455 1924 δέ
2482 1871 2694 1942 Βάρδας
2735 1871 2835 1940 τὴν
2885 1869 3169 1939 Καίσαρος
3205 1866 3459 1921 εὔκλειαν
3486 1867 3725 1937 εἰληφὼς
3767 1867 3985 1930 πολλοῖς

2399 1962 2866 2034 ἑδεδραστηρίωτο
2916 1959 3365 2031 κατορθώμασιν,
3426 1960 3503 2022 ὡς
3552 1958 3809 2013 ἐντεῦθεν
3841 1960 3987 2027 αὐτῷ

2398 2056 2469 2109 τὰ
2494 2056 2590 2124 τῆς
2616 2055 2952 2127 Καισαρείας
2970 2052 3407 2123 ἐπαύξοιτομδ),
3428 2051 3704 2117 κάκεῖθεν,
3728 2051 3802 2115 ῶς
3831 2068 3986 2121 φασι,

2400 2150 2501 2219 τῆς
2535 2147 2815 2218 βασιλείας
2850 2147 3271 2218 ἐπανασήσοιτο.

2471 2242 2594 2295 Τῶν
2623 2241 2681 2294 δέ
2710 2240 2989 2295 δυσσεδῶν
3016 2237 3382 2310 Ἰσμαηλιτῶν
3406 2235 3835 2309 ἐπηρεαζόντων
3862 2238 3987 2289 Ῥω·

2405 2334 2599 2404 μαίους
2630 2332 2767 2405 (47),
2794 2332 3166 2404 ἐξηγουμένου
3202 2330 3386 2385 αὐτῶν
3420 2330 3563 2385 κατὰ
3602 2329 3920 2401 Μελιτηνὴν
3942 2324 3986 2360 ³⁸

2401 2425 2495 2479 τοῦ
2518 2427 2696 2496 Ἀμερ
2731 2424 2866 2496 (48),
2891 2426 2992 2478 οὑκ
3024 2423 3348 2478 ἐκλελύσθαι
3376 2423 3632 2477 τοσοῦτον
3666 2424 3693 2476 ὁ
3731 2422 3989 2493 βασιλεὺς

2402 2515 2732 2586 ἐϐεϐούλητο
2759 2516 2895 2583 (49),
2934 2515 3198 2585 ἀνδρικῆς
3230 2516 3549 2587 ἐμπράκτου
3581 2514 3987 2585 μεταποιούμε-

2405 2624 2495 2671 νος
2518 2606 2927 2669 καταστάσεως.
2977 2606 3068 2659 At?)
3114 2606 3209 2659 καὶ
3244 2606 3323 2669 είς
3364 2606 3432 2659 τὰ
3482 2606 3777 2675 Σαμόσατα
3801 2607 3842 2637 ⁸¹
3878 2605 3987 2671 (50)

2404 2699 2721 2770 πολεμικῶς
2751 2699 3173 2771 προδιῢάζεται,
3211 2698 3367 2752 πόλιν
3405 2698 3820 2769 Ἰσμαηλίτιδος.
3850 2700 3989 2752 Καθ’

2403 2793 2471 2864 ῆν
2506 2793 2909 2865 προσεδρεύσας
2951 2794 3045 2845 ἐπὶ
3094 2794 3329 2863 ἡμέραις
3385 2793 3529 2863 τρισὶ
3566 2793 3730 2863 μέχρι
3776 2810 3839 2844 τε
3892 2792 3990 2860 τῆς

2404 2888 2601 2958 κυρίας
2631 2885 2803 2939 ἐλθὼν
2832 2886 2944 2956 (51)
2987 2887 3123 2955 παρ’
3149 2885 3286 2955 αὐτῇ
3336 2884 3406 2937 τά
3456 2884 3599 2937 κατὰ
3645 2883 3990 2954 λειτουργίαν

2404 2977 2747 3047 Χριστιανῶν
2779 2977 3088 3047 ἀνατίθησι,
3160 2978 3454 3047 μετασχεῖν
3490 2975 3600 3046 (52)
3648 2975 3864 3047 μέλλων
3893 2977 3991 3043 τῆς

2405 3071 2746 3142 ἁναιμάκτου
2772 3071 3131 3141 πληρότητος.
3152 3072 3262 3123 Καὶ
3283 3072 3404 3124 κατ’
3432 3072 3603 3140 αὐτήν
3628 3089 3688 3139 γε
3712 3073 3815 3140 τὴν
3841 3074 3989 3141 ῶραν

2406 3161 2667 3230 ἐξαίφνης
2693 3161 2792 3224 τὰς
2848 3161 3023 3225 πύλας
3050 3164 3097 3215 οί
3161 3163 3453 3231 Ἀγαρηνοὶ
3506 3162 3846 3232 ἀνεῴξαντες
3880 3164 3988 3231 (55)

2407 3252 2824 3321 ἐξεληλύθεσαν,
2871 3255 2965 3307 καὶ
3007 3254 3247 3323 εὐχερῶς
3281 3256 3357 3317 είς
3411 3256 3618 3324 τροπὴν
3654 3256 3748 3308 τὶν
3780 3257 3991 3310 ἄνακτα

2404 3343 2810 3415 διεκρούσαντο,
2844 3346 2938 3397 καὶ
2989 3344 3245 3397 τοσοῦτον
3293 3346 3587 3415 ἀπήλασαν
3620 3346 3695 3409 ὡς
3747 3347 3844 3399 καὶ
3897 3348 3990 3407 τὶς

713 3436 919 3505 σκηνάς
952 3434 1116 3487 αὑτοῦ
1171 3436 1264 3487 καὶ
1312 3437 1419 3487 πᾶν
1472 3433 1601 3488 ἄλλο
1646 3452 1699 3486 τι
1753 3432 1863 3487 τῶν
1908 3436 2041 3505 πρὸς
2101 3436 2288 3508 χρείαν
2335 3436 2547 3488 σκευῶν
2608 3436 3039 3506 σφετερίσασθαι
3083 3435 3196 3505 (54)
3226 3476 3241 3501 ,
3303 3437 3401 3490 τοῦ
3485 3438 3753 3508 βασιλέως
3840 3441 3990 3509 μόλις

710 3524 1101 3589 ἀνασωθέντος.

786 3602 980 3671 Postea
1027 3626 1150 3687 post
1199 3617 1490 3672 decursum
1538 3618 1771 3673 duorum
1819 3635 2089 3673 annorum
2136 3623 2300 3674 Amer

717 3724 843 3764 cum
881 3708 1103 3780 triginta
1149 3709 1392 3765 millibus
1437 3710 1673 3781 superbe
1708 3726 1963 3782 egressus
1988 3723 2091 3766 est.
2121 3716 2298 3781 Atque

716 3802 947 3856 Michael
976 3811 1267 3872 postquam
1303 3796 1646 3858 Thracenses
1686 3804 1741 3858 in
1792 3804 1985 3874 primis
2014 3820 2079 3859 ac
2122 3805 2300 3860 Mace-

716 3893 890 3948 dones
939 3908 1064 3948 cum
1116 3893 1346 3963 reliquis
1394 3894 1697 3948 thematum
1738 3894 2074 3949 exercitibus
2125 3910 2300 3965 usque

714 3983 784 4039 ad
815 3984 1175 4055 quadraginta
1200 3985 1371 4039 millia
1399 3986 1727 4056 collegisset,
1760 3985 1980 4041 obviam
2021 3987 2301 4057 profectus

714 4086 821 4142 est,
886 4088 1263 4149 occupatoque
1325 4077 1447 4131 loco
1497 4079 1733 4148 quodam
1800 4079 1888 4132 cui
1940 4094 2139 4134 nomen
2180 4072 2298 4150 '92

718 4172 1004 4235 ltaximon,
1043 4171 1115 4225 ibi
1156 4180 1335 4225 castra
1367 4172 1521 4241 ponit
1559 4172 1609 4223 in
1638 4170 1876 4239 quodam
1919 4180 2076 4239 prato
2120 4170 2299 4225 Cella-

2485 3614 2621 3670 Εἶτα
2650 3617 2859 3688 χρόνων
2892 3616 2986 3668 δύο
3013 3616 3517 3687 παριππευσάντων
3544 3617 3722 3687 Ἀμερ
3752 3616 3870 3685 (55)
3902 3619 3991 3669 σιν

2408 3708 2635 3779 μυριάσι
2680 3711 2860 3778 τρισὶν
2914 3707 3165 3771 αὐθαδῶς
3199 3708 3631 3780 ἐκστρατεύεται
3681 3711 3825 3779 (50).
3884 3711 3991 3764 Καὶ

2402 3800 2620 3871 Μιχαὴλ
2651 3802 2709 3853 ἐν
2744 3799 2976 3871 πρώτοις
3010 3800 3234 3871 Θρᾷκας
3264 3803 3359 3853 καὶ
3390 3801 3712 3864 Μακεδόνας
3751 3804 3853 3853 σὺν
3880 3802 3987 3853 λοι-

2405 3895 2526 3955 ποῖς
2562 3892 2815 3962 θεμάτων
2854 3893 3231 3963 στρατεύμασι
3274 3894 3437 3963 μέχρι
3483 3893 3743 3961 τετράδος
3773 3893 3985 3946 δεκαδι-

2407 3986 2512 4056 κῆς
2538 3986 2776 4056 χιλιάδος
2808 3986 2853 4017 ⁸¹
2883 3986 2996 4055 (57)
3053 3985 3448 4055 συλλεξάμενος
3496 3984 3697 4056 διεξῄει
3734 3986 3874 4054 (58),
3901 3990 3985 4039 καί

2407 4077 2733 4133 καταλαϐών
2762 4096 2884 4132 τινα
2916 4078 3091 4149 χῶρον
3120 4070 3166 4147 ᾧ
3188 4078 3477 4147 ἐπώνυμον
3510 4078 3767 4145 Δαξιμὼν
3787 4078 3833 4111 ⁸³
3854 4079 3983 4147 (59),

2408 4174 2584 4227 ἐκεῖσε
2646 4173 2941 4245 σκηνούται
3003 4172 3082 4235 είς
3150 4188 3203 4223 τι
3261 4170 3499 4224 λιϐαδιον
3548 4172 3982 4240 κατωνομασμέ-

1993 4307 2229 4362 ΥΑΚΙΛΕ
2260 4307 2556 4367 LECTION
2564 4311 2669 4369 ES.

822 4430 871 4461 ⁸⁸
900 4424 1090 4497 τριῶν)
1122 4425 1231 4497 itu_o
1256 4423 1589 4493 τρισχιλίων.

716 4498 774 4550 1..
854 4498 900 4529 ⁸³
922 4492 1153 4563 δοξυμον
1180 4492 1240 4549 L.

1671 4426 1714 4457 δ’
1736 4425 1918 4492 ἧττων
1955 4426 2014 4477 L.
2093 4428 2138 4457 '°
2162 4429 2587 4499 καταμελιτινὴν
2610 4430 2673 4485 L.
2754 4434 2796 4463 δι
2825 4430 3138 4500 Σαμιῦσατα
3176 4428 3237 4482 L.
3317 4430 3363 4459 ⁵¹
3395 4431 3689 4499 δεκατικῆς
3739 4430 3979 4500 χιλιάδας

1873 4609 2116 4667 8ΤΕΡΗ.
2150 4612 2489 4669 Βειιςιειιι
2523 4613 2755 4670 ΝΟΤᾸΞ.

775 4735 901 4821 (ιὲ)
936 4735 1012 4791 Ita
1044 4740 1100 4787 et
1122 4729 1281 4785 Cont.
1318 4731 1356 4784 ι.
1407 4746 1459 4784 c.
1490 4727 1585 4783 sed
1620 4726 1782 4781 Cedr.
1813 4728 1849 4781 l.
1883 4744 1933 4782 c.
1967 4728 2101 4782 ὡσεὶ
2129 4732 2297 4800 τριῶν
2324 4731 2378 4791 D
2614 4729 2776 4821 gent.
2806 4747 2861 4799 p.
3044 4728 3205 4821 φθόις.
3232 4744 3285 4798 p.
3481 4728 3617 4821 Ζρη.
3645 4727 3865 4821 p‘.nln58..

756 4811 800 4864 ι).
809 4807 988 4861 ιάδων.

1059 4873 1335 4947 imperitia
1362 4872 1476 4947 ipse
1502 4869 1667 4947 etiam
1692 4869 1913 4924 videtur
1958 4870 2165 4947 abusus
2194 4871 2299 4947 lioc

714 4940 905 5011 verbo,
934 4964 997 5003 ac
1044 4940 1185 5004 forte
1211 4940 1519 5016 προενείρει
1545 4940 1863 5010 scripserat,
1895 4941 2051 5010 quasi
2094 4941 2164 4994 ab
2195 4941 2299 4995 hoc

714 5038 833 5078 esse
860 5021 1033 5089 possit
1054 5018 1374 5090 npoaipqxs;

786 5035 1482 5159 ᾕεπῖζῗεὶοη.
1518 5098 1572 5152 p.
1610 5081 1733 5136 158.

790 5160 902 5234 (ᾧ)
930 5161 1091 5234 Ορηι-
1121 5176 1176 5230 Ρ·
1206 5160 1328 5234 iu:
1682 5224 1692 5234 .

789 5223 903 5302 (ιδ)
961 5223 1250 5301 δίαιθ’μο
1302 5228 1488 5283 futuro
1537 5224 1743 5295 posuit.
1810 5223 2135 5291 Ἐπαύξοιτο
2194 5239 2294 5294 pro

716 5304 858 5357 ἐπαυ
866 5303 1100 5375 ξήσοιτο.

796 5365 1128 5445 αἶγεοηι.-
1150 5389 1205 5442 p.
1239 5371 1363 5437 109,
1395 5365 1714 5445 _S‘y_m.l_Log.
1990 5365 2220 5423 Occasio
2242 5374 2297 5420 et

719 5434 1067 5501 causa'belli.
1098 5434 1259 5499 cont.
1294 5434 1358 5513 p.
1387 5434 1512 5504 105,
1534 5434 1700 5494 Cedr.
1729 5449 1785 5505 p.
1818 5438 1941 5493 545.

790 5517 898 5585 (.18)
927 5515 1086 5571 Cont.
1128 5530 1184 5585 p.
1220 5514 1342 5585 101.
1600 5584 1605 5585 ί
1666 5584 1687 5585 η
1870 5550 1871 5553 η

792 5582 902 5653 (19)
929 5586 1089 5642 Cont.
1218 5584 1341 5652 109,
1373 5586 1501 5659 ἄρτι
1536 5584 1816 5647 τελοῦντος
1859 5580 2025 5637 αύτοῦ
2066 5582 2145 5644 είς
2171 5582 2299 5642 τοὶς

717 5659 934 5717 ἄνδρας.

792 5711 904 5789 (50)
959 5728 1237 5801 Scriptum
1275 5744 1376 5801 per
1402 5746 1466 5792 ω,
1502 5726 1734 5801 alii_pe_r
1784 5743 1833 5778 ο.
1879 5723 2039 5801 (ient.
2076 5738 2132 5793 p.
2168 5722 2295 5784 109.

717 5801 808 5853 ubi
844 5795 1167 5867 Σαμόσατα,
1201 5795 1291 5856 uti
1311 5808 1368 5856 et
1409 5798 1553 5871 apud
1597 5796 1763 5853 Cedr.
1811 5813 1865 5867 p.
1899 5795 2024 5860 515,
2076 5810 2290 5850 necnon

717 5872 846 5925 Zon.
879 5889 927 5925 [ι.
968 5870 1089 5925 158.

716 5872 846 5931 Zon.
879 5889 927 5943 p.
968 5871 1089 5925 158.

2478 4798 2591 4869 (52)
2620 4800 2784 4855 Cedr.
2808 4798 2873 4869 7p.
2901 4802 3026 4862 513,
3061 4800 3115 4853 in
3149 4800 3276 4854 fine.
3306 4798 3553 4853 —Cont.
3585 4798 3799 4868 p.109,
3826 4800 3983 4867 ἔμελσ

2406 4872 2497 4925 λον
2522 4872 2579 4922 δέ
2607 4873 2706 4935 τὴν
2740 4872 3082 4938 ἀναίμακτον
3113 4870 3506 4939 μυσταγωγίαν
3531 4870 3868 4939 ἐκπληροῦν.

2481 4942 2593 5012 (53)
2637 4941 2714 4995 Ita
2774 4942 3040 5010 scriptum
3085 4956 3209 4995 cum
3259 4948 3555 5012 augmento
3600 4956 3701 5009 pro
3742 4939 3980 5003 ἀνοίξανο

2403 5011 2529 5076 τες,
2574 5027 2637 5067 ac
2688 5012 2832 5067 forte
2886 5013 3003 5083 ipse
3045 5022 3239 5067 auctor
3296 5012 3369 5065 ita
3428 5011 3725 5079 scripserat
3789 5021 3982 5065 contra

2402 5083 2836 5155 grammaticam.

2476 5155 2590 5222 (54)
2614 5153 2775 5208 Cont.
2803 5169 2859 5223 p.
2894 5152 3012 5215 110,
3035 5151 3201 5206 Cedr.
3226 5167 3281 5223 p.
3311 5150 3437 5217 546,
3462 5152 3595 5207 Zon.
3635 5166 3689 5221 p.
3735 5151 3862 5206 158.

2474 5225 2587 5295 (55)
2609 5223 2769 5295 cont.
2796 5241 2851 5295 p.
2886 5224 3010 5293 110,
3042 5224 3207 5279 Cedr.
3241 5239 3295 5293 p.
3324 5223 3447 5290 546,
3475 5223 3612 5277 Zon.
3649 5238 3706 5293 p.
3741 5223 3871 5277 158.

2477 5294 2591 5363 (56⁷)
2626 5294 2789 5350 Cont.
2806 5294 2865 5364 'p.
2900 5296 3021 5349 110.

2475 5366 2589 5437 (57)
2642 5366 2721 5420 Ita
2767 5363 3059 5437 scriptum.
3097 5364 3289 5420 Potius
3328 5365 3596 5437 τετάρτης
3646 5364 3873 5437 δεκάδος
3900 5363 3981 5417 di-

2401 5434 2641 5562 (θεξιδιὲὶιιῐι
2687 5434 3108 5493 erat.-¥Conl.
3141 5437 3179 5493 l.
3242 5452 3290 5491 c.
3327 5436 3490 5507 μέχρι
3536 5434 3828 5506 τεσσάρων
3883 5455 3973 5506 μυ⁴

2401 5526 2492 5562 ma
2571 5527 2620 5561 ν.

2439 5527 2599 5563 ιαοων
2606 5547 2620 5561 .

2400 5526 2921 5649 ριῗὲἶαῐηιροτίιο,
2952 5593 3053 5648 pro
3101 5575 3370 5648 ἀντεξῄει.
3421 5577 3683 5649 Ignorant
3734 5578 3851 5633 fere
3892 5576 3977 5631 isti

2395 5651 2507 5705 vim
2539 5651 2953 5719 particularum.

2397 5794 2411 5847 Ι
2469 5722 2583 5804 (59)
2630 5721 2899 5794 Ambigue
2942 5721 3247 5793 scriptum,
3298 5729 3359 5776 ut
3402 5728 3459 5776 et
3502 5720 3758 5792 Δάξυμον
3803 5719 3976 5794 possit

2418 5809 2526 5847 em.

2418 5809 2526 5864 egi.
