  <div class='ocr_page' id='page_1' title='image "/cluster/home/n/w/nwhite01/storage/ocr_20150623/109/nnc1.0046979867/563.png"; bbox 0 0 4146 6436; ppageno 0'>
   <div class='ocr_carea' id='block_1_1' title="bbox 753 370 4016 450">
    <p class='ocr_par' dir='ltr' id='par_1_1' title="bbox 753 370 4016 450">
     <span class='ocr_line' id='line_1_1' title="bbox 753 370 4016 450; baseline -0 -16"><span class='ocrx_word' id='word_1_1' title='bbox 753 370 885 437; x_wconf 79' lang='lat'><strong>1111</strong></span> <span class='ocrx_word' id='word_1_2' title='bbox 2065 373 2372 432; x_wconf 54' lang='lat'><strong>1051311111</strong></span> <span class='ocrx_word' id='word_1_3' title='bbox 2417 376 2726 436; x_wconf 80' lang='lat' dir='ltr'><strong>GENESII</strong></span> <span class='ocrx_word' id='word_1_4' title='bbox 3879 386 4016 450; x_wconf 72' lang='lat' dir='ltr'><strong>mg</strong></span> 
     </span>
    </p>
   </div>
   <div class='ocr_carea' id='block_1_2' title="bbox 749 480 2322 563">
    <p class='ocr_par' dir='ltr' id='par_1_2' title="bbox 749 480 2311 555">
     <span class='ocr_line' id='line_1_2' title="bbox 749 480 2311 555; baseline -0.004 -16"><span class='ocrx_word' id='word_1_5' title='bbox 749 483 1051 555; x_wconf 71' lang='lat' dir='ltr'><strong>imperator</strong></span> <span class='ocrx_word' id='word_1_6' title='bbox 1113 498 1180 540; x_wconf 79' lang='lat' dir='ltr'><strong>ex</strong></span> <span class='ocrx_word' id='word_1_7' title='bbox 1247 484 1491 539; x_wconf 84' lang='lat' dir='ltr'><strong>cruentis</strong></span> <span class='ocrx_word' id='word_1_8' title='bbox 1538 484 1780 539; x_wconf 87' lang='lat' dir='ltr'><strong>hostium</strong></span> <span class='ocrx_word' id='word_1_9' title='bbox 1841 482 2097 537; x_wconf 88' lang='lat' dir='ltr'><strong>manibus</strong></span> <span class='ocrx_word' id='word_1_10' title='bbox 2149 480 2311 550; x_wconf 60' lang='lat' dir='ltr'><strong>«(fugi</strong></span> 
     </span>
    </p>
   </div>
   <div class='ocr_carea' id='block_1_3' title="bbox 2423 480 4014 563">
    <p class='ocr_par' dir='ltr' id='par_1_3' title="bbox 2449 483 4014 563">
     <span class='ocr_line' id='line_1_3' title="bbox 2449 483 4014 563; baseline 0.006 -29"><span class='ocrx_word' id='word_1_11' title='bbox 2449 483 2734 548; x_wconf 76' lang='grc' dir='ltr'><strong>σπανίζειν</strong></span> <span class='ocrx_word' id='word_1_12' title='bbox 2761 487 2852 540; x_wconf 81' lang='grc' dir='ltr'><strong>τὸν</strong></span> <span class='ocrx_word' id='word_1_13' title='bbox 2909 487 3071 539; x_wconf 87' lang='grc' dir='ltr'>τόπον</span> <span class='ocrx_word' id='word_1_14' title='bbox 3104 488 3317 554; x_wconf 77' lang='grc' dir='ltr'>ὓδατος,</span> <span class='ocrx_word' id='word_1_15' title='bbox 3368 489 3502 544; x_wconf 76' lang='grc' dir='ltr'>ἀλλὰ</span> <span class='ocrx_word' id='word_1_16' title='bbox 3549 490 3654 561; x_wconf 76' lang='grc' dir='ltr'><strong>μὴν</strong></span> <span class='ocrx_word' id='word_1_17' title='bbox 3694 495 3791 546; x_wconf 77' lang='grc' dir='ltr'>καὶ</span> <span class='ocrx_word' id='word_1_18' title='bbox 3823 497 4014 563; x_wconf 73' lang='grc' dir='ltr'>νομῆς.</span> 
     </span>
    </p>
   </div>
   <div class='ocr_carea' id='block_1_4' title="bbox 747 574 2322 653">
    <p class='ocr_par' dir='ltr' id='par_1_4' title="bbox 747 574 2322 646">
     <span class='ocr_line' id='line_1_4' title="bbox 747 574 2322 646; baseline -0.002 -17"><span class='ocrx_word' id='word_1_19' title='bbox 747 590 847 645; x_wconf 86' lang='lat' dir='ltr'><strong>per</strong></span> <span class='ocrx_word' id='word_1_20' title='bbox 906 585 1080 630; x_wconf 89' lang='lat' dir='ltr'><strong>t0tum</strong></span> <span class='ocrx_word' id='word_1_21' title='bbox 1129 574 1276 630; x_wconf 89' lang='lat' dir='ltr'><strong>diem</strong></span> <span class='ocrx_word' id='word_1_22' title='bbox 1306 575 1446 646; x_wconf 71' lang='lat' dir='ltr'><strong>fuga:</strong></span> <span class='ocrx_word' id='word_1_23' title='bbox 1494 575 1735 642; x_wconf 90' lang='lat' dir='ltr'><strong>deditus,</strong></span> <span class='ocrx_word' id='word_1_24' title='bbox 1786 583 1951 644; x_wconf 87' lang='lat' dir='ltr'><strong>atque</strong></span> <span class='ocrx_word' id='word_1_25' title='bbox 2016 575 2118 628; x_wconf 90' lang='lat' dir='ltr'><strong>hoc</strong></span> <span class='ocrx_word' id='word_1_26' title='bbox 2167 574 2322 626; x_wconf 86' lang='lat' dir='ltr'><strong>modo</strong></span> 
     </span>
    </p>
   </div>
   <div class='ocr_carea' id='block_1_5' title="bbox 2423 574 4015 653">
    <p class='ocr_par' dir='ltr' id='par_1_5' title="bbox 2439 574 4015 653">
     <span class='ocr_line' id='line_1_5' title="bbox 2439 574 4015 653; baseline 0.008 -27"><span class='ocrx_word' id='word_1_27' title='bbox 2439 574 2798 646; x_wconf 81' lang='grc' dir='ltr'><strong>ὑπεχώρησεν</strong></span> <span class='ocrx_word' id='word_1_28' title='bbox 2824 579 2937 640; x_wconf 79' lang='grc'>(75)</span> <span class='ocrx_word' id='word_1_29' title='bbox 2985 580 3013 633; x_wconf 82' lang='grc' dir='ltr'>ὁ</span> <span class='ocrx_word' id='word_1_30' title='bbox 3048 582 3227 652; x_wconf 82' lang='grc' dir='ltr'>Ἀμερ</span> <span class='ocrx_word' id='word_1_31' title='bbox 3263 582 3402 651; x_wconf 85' lang='grc' dir='ltr'><strong>μετὰ</strong></span> <span class='ocrx_word' id='word_1_32' title='bbox 3449 583 3542 635; x_wconf 79' lang='grc' dir='ltr'><strong>τοῦ</strong></span> <span class='ocrx_word' id='word_1_33' title='bbox 3579 584 3709 635; x_wconf 79' lang='grc' dir='ltr'>ἰδίου</span> <span class='ocrx_word' id='word_1_34' title='bbox 3750 586 4015 653; x_wconf 82' lang='grc' dir='ltr'>στρατεύ-</span> 
     </span>
    </p>
   </div>
   <div class='ocr_carea' id='block_1_6' title="bbox 746 667 2322 746">
    <p class='ocr_par' dir='ltr' id='par_1_6' title="bbox 746 667 1160 722">
     <span class='ocr_line' id='line_1_6' title="bbox 746 667 1160 722; baseline 0.002 -1"><span class='ocrx_word' id='word_1_35' title='bbox 746 669 931 721; x_wconf 77' lang='lat' dir='ltr'><strong>salvus</strong></span> <span class='ocrx_word' id='word_1_36' title='bbox 960 667 1160 722; x_wconf 79' lang='lat' dir='ltr'><strong>evasit.</strong></span> 
     </span>
    </p>
   </div>
   <div class='ocr_carea' id='block_1_7' title="bbox 2423 667 4015 746">
    <p class='ocr_par' dir='ltr' id='par_1_7' title="bbox 2440 668 4015 746">
     <span class='ocr_line' id='line_1_7' title="bbox 2440 668 4015 746; baseline 0.008 -29"><span class='ocrx_word' id='word_1_37' title='bbox 2440 683 2632 736; x_wconf 88' lang='grc' dir='ltr'>ματος,</span> <span class='ocrx_word' id='word_1_38' title='bbox 2667 668 2760 720; x_wconf 78' lang='grc' dir='ltr'><strong>κα)⁵</strong></span> <span class='ocrx_word' id='word_1_39' title='bbox 2780 671 3226 740; x_wconf 69' lang='grc' dir='ltr'>παραγενόμενος</span> <span class='ocrx_word' id='word_1_40' title='bbox 3252 672 3331 735; x_wconf 82' lang='grc' dir='ltr'><strong>είς</strong></span> <span class='ocrx_word' id='word_1_41' title='bbox 3366 691 3416 725; x_wconf 89' lang='grc' dir='ltr'><strong>τι</strong></span> <span class='ocrx_word' id='word_1_42' title='bbox 3436 673 3672 726; x_wconf 78' lang='grc' dir='ltr'>λιϐάδιον</span> <span class='ocrx_word' id='word_1_43' title='bbox 3703 678 3842 746; x_wconf 77' lang='grc' dir='ltr'>ὅπερ</span> <span class='ocrx_word' id='word_1_44' title='bbox 3860 679 4015 746; x_wconf 67' lang='grc' dir='ltr'>Δώρα</span> 
     </span>
    </p>
   </div>
   <div class='ocr_carea' id='block_1_8' title="bbox 745 754 4013 839">
    <p class='ocr_par' dir='ltr' id='par_1_8' title="bbox 745 754 4013 839">
     <span class='ocr_line' id='line_1_8' title="bbox 745 754 4013 839; baseline 0.002 -30"><span class='ocrx_word' id='word_1_45' title='bbox 745 755 1203 828; x_wconf 75' lang='grc' dir='ltr'>κατονομάζεται,</span> <span class='ocrx_word' id='word_1_46' title='bbox 1226 758 1430 823; x_wconf 81' lang='grc' dir='ltr'>εὐθέως</span> <span class='ocrx_word' id='word_1_47' title='bbox 1455 760 1962 830; x_wconf 87' lang='grc' dir='ltr'>προσανεπαύσατο.</span> <span class='ocrx_word' id='word_1_48' title='bbox 1995 760 2205 820; x_wconf 81' lang='grc' dir='ltr'>Ἀδείας</span> <span class='ocrx_word' id='word_1_49' title='bbox 2233 754 2326 810; x_wconf 78' lang='grc' dir='ltr'>οὖν</span> <span class='ocrx_word' id='word_1_50' title='bbox 2351 757 2602 812; x_wconf 78' lang='grc' dir='ltr'>ἐντεῦθεν</span> <span class='ocrx_word' id='word_1_51' title='bbox 2650 762 2678 812; x_wconf 82' lang='grc' dir='ltr'>ὁ</span> <span class='ocrx_word' id='word_1_52' title='bbox 2743 760 2878 826; x_wconf 81' lang='grc' dir='ltr'>ἄναξ</span> <span class='ocrx_word' id='word_1_53' title='bbox 2939 761 3239 832; x_wconf 86' lang='grc' dir='ltr'>λαϐόμενος</span> <span class='ocrx_word' id='word_1_54' title='bbox 3295 764 3392 827; x_wconf 81' lang='grc' dir='ltr'>τὰς</span> <span class='ocrx_word' id='word_1_55' title='bbox 3435 764 3544 816; x_wconf 83' lang='grc' dir='ltr'>τῶν</span> <span class='ocrx_word' id='word_1_56' title='bbox 3595 767 3807 835; x_wconf 72' lang='grc' dir='ltr'>ἐχθρῶν</span> <span class='ocrx_word' id='word_1_57' title='bbox 3899 769 4013 839; x_wconf 65' lang='grc'>(71)</span> 
     </span>
    </p>
   </div>
   <div class='ocr_carea' id='block_1_9' title="bbox 746 849 4002 929">
    <p class='ocr_par' dir='ltr' id='par_1_9' title="bbox 746 849 4002 929">
     <span class='ocr_line' id='line_1_9' title="bbox 746 849 4002 929; baseline 0.001 -26"><span class='ocrx_word' id='word_1_58' title='bbox 746 853 1070 922; x_wconf 78' lang='grc' dir='ltr'>μιαιφόνους</span> <span class='ocrx_word' id='word_1_59' title='bbox 1104 854 1295 922; x_wconf 88' lang='grc' dir='ltr'>χεῖρας</span> <span class='ocrx_word' id='word_1_60' title='bbox 1333 852 1612 921; x_wconf 89' lang='grc' dir='ltr'>διέδρασεν</span> <span class='ocrx_word' id='word_1_61' title='bbox 1660 849 1772 922; x_wconf 75' lang='grc'>(75)</span> <span class='ocrx_word' id='word_1_62' title='bbox 1819 850 1948 920; x_wconf 82' lang='grc' dir='ltr'>ὃλην</span> <span class='ocrx_word' id='word_1_63' title='bbox 2001 850 2215 919; x_wconf 83' lang='grc' dir='ltr'>ἡμέραν</span> <span class='ocrx_word' id='word_1_64' title='bbox 2259 851 2326 922; x_wconf 83' lang='grc' dir='ltr'>τῇ</span> <span class='ocrx_word' id='word_1_65' title='bbox 2377 851 2524 920; x_wconf 79' lang='grc' dir='ltr'>φυγῇ</span> <span class='ocrx_word' id='word_1_66' title='bbox 2598 850 3065 920; x_wconf 78' lang='grc' dir='ltr'><strong>προστιθέμενος,</strong></span> <span class='ocrx_word' id='word_1_67' title='bbox 3126 853 3223 906; x_wconf 76' lang='grc' dir='ltr'><strong>καὶ</strong></span> <span class='ocrx_word' id='word_1_68' title='bbox 3277 855 3505 926; x_wconf 78' lang='grc' dir='ltr'><strong>τοιούτῳ</strong></span> <span class='ocrx_word' id='word_1_69' title='bbox 3557 858 3742 929; x_wconf 53' lang='grc' dir='ltr'><strong>τῷπῳ</strong></span> <span class='ocrx_word' id='word_1_70' title='bbox 3828 859 4002 912; x_wconf 74' lang='grc' dir='ltr'>διεςέ-</span> 
     </span>
    </p>
   </div>
   <div class='ocr_carea' id='block_1_10' title="bbox 743 946 940 997">
    <p class='ocr_par' dir='ltr' id='par_1_10' title="bbox 743 946 940 997">
     <span class='ocr_line' id='line_1_10' title="bbox 743 946 940 997; baseline 0.005 -1"><span class='ocrx_word' id='word_1_71' title='bbox 743 946 940 997; x_wconf 83' lang='grc' dir='ltr'>σωστο.</span> 
     </span>
    </p>
   </div>
   <div class='ocr_carea' id='block_1_11' title="bbox 806 1033 2326 1110">
    <p class='ocr_par' dir='ltr' id='par_1_11' title="bbox 806 1033 2326 1110">
     <span class='ocr_line' id='line_1_11' title="bbox 806 1033 2326 1110; baseline 0 -18"><span class='ocrx_word' id='word_1_72' title='bbox 806 1038 919 1109; x_wconf 67' lang='grc'><strong>94</strong></span> <span class='ocrx_word' id='word_1_73' title='bbox 977 1039 1150 1092; x_wconf 88' lang='lat' dir='ltr'><strong>Porro</strong></span> <span class='ocrx_word' id='word_1_74' title='bbox 1212 1033 1372 1094; x_wconf 78' lang='lat' dir='ltr'><strong>annis</strong></span> <span class='ocrx_word' id='word_1_75' title='bbox 1435 1037 1654 1094; x_wconf 90' lang='lat' dir='ltr'><strong>duobus</strong></span> <span class='ocrx_word' id='word_1_76' title='bbox 1711 1039 2078 1110; x_wconf 64' lang='lat' dir='ltr'><strong>praeterlapsis</strong></span> <span class='ocrx_word' id='word_1_77' title='bbox 2132 1053 2326 1092; x_wconf 86' lang='lat' dir='ltr'><strong>rursus</strong></span> 
     </span>
    </p>
   </div>
   <div class='ocr_carea' id='block_1_12' title="bbox 740 1130 2324 1200">
    <p class='ocr_par' dir='ltr' id='par_1_12' title="bbox 740 1130 2324 1200">
     <span class='ocr_line' id='line_1_12' title="bbox 740 1130 2324 1200; baseline -0.001 -16"><span class='ocrx_word' id='word_1_78' title='bbox 740 1130 886 1186; x_wconf 92' lang='lat' dir='ltr'><strong>idem</strong></span> <span class='ocrx_word' id='word_1_79' title='bbox 943 1132 1034 1186; x_wconf 92' lang='lat' dir='ltr'><strong>ille</strong></span> <span class='ocrx_word' id='word_1_80' title='bbox 1077 1133 1244 1186; x_wconf 84' lang='lat' dir='ltr'><strong>Amer</strong></span> <span class='ocrx_word' id='word_1_81' title='bbox 1284 1130 1519 1184; x_wconf 80' lang='lat' dir='ltr'><strong>Romani</strong></span> <span class='ocrx_word' id='word_1_82' title='bbox 1551 1131 1768 1200; x_wconf 90' lang='lat' dir='ltr'><strong>imperii</strong></span> <span class='ocrx_word' id='word_1_83' title='bbox 1811 1130 1947 1186; x_wconf 92' lang='lat' dir='ltr'><strong>ﬁnes</strong></span> <span class='ocrx_word' id='word_1_84' title='bbox 1985 1132 2324 1200; x_wconf 79' lang='lat' dir='ltr'><strong>aggreditur,</strong></span> 
     </span>
    </p>
   </div>
   <div class='ocr_carea' id='block_1_13' title="bbox 738 1222 2328 1294">
    <p class='ocr_par' dir='ltr' id='par_1_13' title="bbox 738 1222 2328 1294">
     <span class='ocr_line' id='line_1_13' title="bbox 738 1222 2328 1294; baseline 0.001 -18"><span class='ocrx_word' id='word_1_85' title='bbox 738 1224 1104 1294; x_wconf 82' lang='lat' dir='ltr'><strong>quadraginta</strong></span> <span class='ocrx_word' id='word_1_86' title='bbox 1139 1222 1390 1278; x_wconf 87' lang='lat' dir='ltr'><strong>millibus</strong></span> <span class='ocrx_word' id='word_1_87' title='bbox 1430 1239 1553 1278; x_wconf 87' lang='lat' dir='ltr'><strong>sese</strong></span> <span class='ocrx_word' id='word_1_88' title='bbox 1598 1223 1857 1286; x_wconf 76' lang='lat' dir='ltr'><strong>efferens,</strong></span> <span class='ocrx_word' id='word_1_89' title='bbox 1896 1223 2098 1293; x_wconf 86' lang='lat' dir='ltr'><strong>quibus</strong></span> <span class='ocrx_word' id='word_1_90' title='bbox 2137 1225 2328 1278; x_wconf 85' lang='lat' dir='ltr'><strong>Arme-</strong></span> 
     </span>
    </p>
   </div>
   <div class='ocr_carea' id='block_1_14' title="bbox 737 1315 2326 1388">
    <p class='ocr_par' dir='ltr' id='par_1_14' title="bbox 737 1315 2326 1388">
     <span class='ocr_line' id='line_1_14' title="bbox 737 1315 2326 1388; baseline -0.001 -18"><span class='ocrx_word' id='word_1_91' title='bbox 737 1317 955 1370; x_wconf 88' lang='lat' dir='ltr'><strong>niacum</strong></span> <span class='ocrx_word' id='word_1_92' title='bbox 995 1315 1179 1371; x_wconf 86' lang='lat' dir='ltr'><strong>thema</strong></span> <span class='ocrx_word' id='word_1_93' title='bbox 1208 1316 1369 1386; x_wconf 85' lang='lat' dir='ltr'><strong>plane</strong></span> <span class='ocrx_word' id='word_1_94' title='bbox 1401 1315 1760 1386; x_wconf 86' lang='lat' dir='ltr'><strong>disperdidit,</strong></span> <span class='ocrx_word' id='word_1_95' title='bbox 1796 1331 2122 1388; x_wconf 84' lang='lat' dir='ltr'><strong>progressus</strong></span> <span class='ocrx_word' id='word_1_96' title='bbox 2153 1331 2326 1386; x_wconf 93' lang='lat' dir='ltr'><strong>usque</strong></span> 
     </span>
    </p>
   </div>
   <div class='ocr_carea' id='block_1_15' title="bbox 735 1405 2326 1476">
    <p class='ocr_par' dir='ltr' id='par_1_15' title="bbox 735 1405 2326 1476">
     <span class='ocr_line' id='line_1_15' title="bbox 735 1405 2326 1476; baseline -0.002 -16"><span class='ocrx_word' id='word_1_97' title='bbox 735 1406 804 1461; x_wconf 86' lang='lat' dir='ltr'><strong>ad</strong></span> <span class='ocrx_word' id='word_1_98' title='bbox 841 1407 1173 1462; x_wconf 85' lang='lat' dir='ltr'><strong>maritimam</strong></span> <span class='ocrx_word' id='word_1_99' title='bbox 1225 1407 1420 1462; x_wconf 81' lang='lat' dir='ltr'><strong>urbem</strong></span> <span class='ocrx_word' id='word_1_100' title='bbox 1471 1408 1742 1462; x_wconf 87' lang='lat' dir='ltr'><strong>Amisum.</strong></span> <span class='ocrx_word' id='word_1_101' title='bbox 1787 1407 2102 1476; x_wconf 78' lang='lat' dir='ltr'><strong>Vidensque</strong></span> <span class='ocrx_word' id='word_1_102' title='bbox 2153 1405 2326 1475; x_wconf 69' lang='lat' dir='ltr'><strong>pluri~</strong></span> 
     </span>
    </p>
   </div>
   <div class='ocr_carea' id='block_1_16' title="bbox 735 1497 2322 1570">
    <p class='ocr_par' dir='ltr' id='par_1_16' title="bbox 735 1497 2322 1570">
     <span class='ocr_line' id='line_1_16' title="bbox 735 1497 2322 1570; baseline -0.001 -18"><span class='ocrx_word' id='word_1_103' title='bbox 735 1515 856 1554; x_wconf 90' lang='lat' dir='ltr'><strong>mos</strong></span> <span class='ocrx_word' id='word_1_104' title='bbox 885 1501 1129 1570; x_wconf 87' lang='lat' dir='ltr'><strong>captivos</strong></span> <span class='ocrx_word' id='word_1_105' title='bbox 1149 1501 1430 1570; x_wconf 81' lang='lat' dir='ltr'><strong>multaque</strong></span> <span class='ocrx_word' id='word_1_106' title='bbox 1449 1499 1623 1569; x_wconf 81' lang='lat' dir='ltr'><strong>Spolia</strong></span> <span class='ocrx_word' id='word_1_107' title='bbox 1655 1499 1858 1569; x_wconf 87' lang='lat' dir='ltr'><strong>quibus</strong></span> <span class='ocrx_word' id='word_1_108' title='bbox 1888 1499 2096 1568; x_wconf 85' lang='lat' dir='ltr'><strong>potitus</strong></span> <span class='ocrx_word' id='word_1_109' title='bbox 2123 1497 2322 1559; x_wconf 81' lang='lat' dir='ltr'><strong>fuerat,</strong></span> 
     </span>
    </p>
   </div>
   <div class='ocr_carea' id='block_1_17' title="bbox 735 1589 2326 1661">
    <p class='ocr_par' dir='ltr' id='par_1_17' title="bbox 735 1589 2326 1661">
     <span class='ocr_line' id='line_1_17' title="bbox 735 1589 2326 1661; baseline 0 -17"><span class='ocrx_word' id='word_1_110' title='bbox 735 1593 896 1660; x_wconf 85' lang='lat' dir='ltr'><strong>plane</strong></span> <span class='ocrx_word' id='word_1_111' title='bbox 934 1591 1180 1647; x_wconf 89' lang='lat' dir='ltr'><strong>insanire</strong></span> <span class='ocrx_word' id='word_1_112' title='bbox 1225 1593 1415 1661; x_wconf 65' lang='lat' dir='ltr'><strong>coepit,</strong></span> <span class='ocrx_word' id='word_1_113' title='bbox 1469 1592 1618 1661; x_wconf 91' lang='lat' dir='ltr'><strong>quod</strong></span> <span class='ocrx_word' id='word_1_114' title='bbox 1659 1591 1797 1644; x_wconf 89' lang='lat' dir='ltr'><strong>mari</strong></span> <span class='ocrx_word' id='word_1_115' title='bbox 1839 1589 2232 1660; x_wconf 88' lang='lat' dir='ltr'><strong>prohiberetur</strong></span> <span class='ocrx_word' id='word_1_116' title='bbox 2257 1590 2326 1644; x_wconf 90' lang='lat' dir='ltr'><strong>ab</strong></span> 
     </span>
    </p>
   </div>
   <div class='ocr_carea' id='block_1_18' title="bbox 736 1679 2328 1752">
    <p class='ocr_par' dir='ltr' id='par_1_18' title="bbox 736 1679 2328 1752">
     <span class='ocr_line' id='line_1_18' title="bbox 736 1679 2328 1752; baseline 0 -18"><span class='ocrx_word' id='word_1_117' title='bbox 736 1682 1033 1737; x_wconf 86' lang='lat' dir='ltr'><strong>insatiabili</strong></span> <span class='ocrx_word' id='word_1_118' title='bbox 1102 1683 1347 1752; x_wconf 87' lang='lat' dir='ltr'><strong>impetu,</strong></span> <span class='ocrx_word' id='word_1_119' title='bbox 1413 1682 1639 1750; x_wconf 85' lang='lat' dir='ltr'><strong>suisque</strong></span> <span class='ocrx_word' id='word_1_120' title='bbox 1711 1679 1976 1750; x_wconf 65' lang='lat' dir='ltr'><strong>praecepit</strong></span> <span class='ocrx_word' id='word_1_121' title='bbox 2038 1687 2101 1732; x_wconf 95' lang='lat' dir='ltr'><strong>ut</strong></span> <span class='ocrx_word' id='word_1_122' title='bbox 2157 1679 2328 1750; x_wconf 82' lang='lat' dir='ltr'><strong>virgis</strong></span> 
     </span>
    </p>
   </div>
   <div class='ocr_carea' id='block_1_19' title="bbox 733 1769 2326 1843">
    <p class='ocr_par' dir='ltr' id='par_1_19' title="bbox 733 1769 2326 1843">
     <span class='ocr_line' id='line_1_19' title="bbox 733 1769 2326 1843; baseline 0 -17"><span class='ocrx_word' id='word_1_123' title='bbox 733 1772 992 1827; x_wconf 89' lang='lat' dir='ltr'><strong>abscissis</strong></span> <span class='ocrx_word' id='word_1_124' title='bbox 1043 1775 1322 1828; x_wconf 64' lang='lat' dir='ltr'><strong>caaderent</strong></span> <span class='ocrx_word' id='word_1_125' title='bbox 1364 1789 1516 1827; x_wconf 86' lang='lat' dir='ltr'><strong>mare</strong></span> <span class='ocrx_word' id='word_1_126' title='bbox 1546 1773 1723 1843; x_wconf 91' lang='lat' dir='ltr'><strong>(sicut</strong></span> <span class='ocrx_word' id='word_1_127' title='bbox 1775 1772 1985 1826; x_wconf 78' lang='lat' dir='ltr'><strong>Xerxes</strong></span> <span class='ocrx_word' id='word_1_128' title='bbox 2023 1770 2170 1840; x_wconf 86' lang='lat' dir='ltr'><strong>apud</strong></span> <span class='ocrx_word' id='word_1_129' title='bbox 2198 1769 2326 1826; x_wconf 80' lang='lat' dir='ltr'><strong>Hel-</strong></span> 
     </span>
    </p>
   </div>
   <div class='ocr_carea' id='block_1_20' title="bbox 733 1861 2320 1934">
    <p class='ocr_par' dir='ltr' id='par_1_20' title="bbox 733 1861 2320 1934">
     <span class='ocr_line' id='line_1_20' title="bbox 733 1861 2320 1934; baseline 0 -18"><span class='ocrx_word' id='word_1_130' title='bbox 733 1864 968 1931; x_wconf 87' lang='lat' dir='ltr'><strong>lesponti</strong></span> <span class='ocrx_word' id='word_1_131' title='bbox 1003 1872 1227 1932; x_wconf 90' lang='lat' dir='ltr'><strong>pontem</strong></span> <span class='ocrx_word' id='word_1_132' title='bbox 1265 1862 1464 1918; x_wconf 80' lang='lat' dir='ltr'><strong>ferreis</strong></span> <span class='ocrx_word' id='word_1_133' title='bbox 1504 1865 1685 1934; x_wconf 90' lang='lat' dir='ltr'><strong>ipsum</strong></span> <span class='ocrx_word' id='word_1_134' title='bbox 1719 1861 2064 1932; x_wconf 84' lang='lat' dir='ltr'><strong>ﬁagellavit),</strong></span> <span class='ocrx_word' id='word_1_135' title='bbox 2099 1861 2320 1916; x_wconf 89' lang='lat' dir='ltr'><strong>dicens:</strong></span> 
     </span>
    </p>
   </div>
   <div class='ocr_carea' id='block_1_21' title="bbox 736 1952 2326 2023">
    <p class='ocr_par' dir='ltr' id='par_1_21' title="bbox 736 1952 2326 2023">
     <span class='ocr_line' id='line_1_21' title="bbox 736 1952 2326 2023; baseline 0.001 -17"><span class='ocrx_word' id='word_1_136' title='bbox 736 1973 755 2006; x_wconf 78' lang='grc' dir='ltr'><strong>ι</strong></span> <span class='ocrx_word' id='word_1_137' title='bbox 792 1953 906 2010; x_wconf 87' lang='lat' dir='ltr'><strong>Cur</strong></span> <span class='ocrx_word' id='word_1_138' title='bbox 944 1955 1090 2010; x_wconf 92' lang='lat' dir='ltr'><strong>istud</strong></span> <span class='ocrx_word' id='word_1_139' title='bbox 1105 1955 1196 2010; x_wconf 92' lang='lat' dir='ltr'><strong>hic</strong></span> <span class='ocrx_word' id='word_1_140' title='bbox 1225 1956 1580 2010; x_wconf 72' lang='lat' dir='ltr'><strong>invenimus?</strong></span> <span class='ocrx_word' id='word_1_141' title='bbox 1599 1964 1654 2010; x_wconf 92' lang='lat' dir='ltr'><strong>et</strong></span> <span class='ocrx_word' id='word_1_142' title='bbox 1677 1971 1776 2009; x_wconf 89' lang='lat' dir='ltr'><strong>cur</strong></span> <span class='ocrx_word' id='word_1_143' title='bbox 1805 1969 1915 2008; x_wconf 88' lang='lat' dir='ltr'><strong>non</strong></span> <span class='ocrx_word' id='word_1_144' title='bbox 1930 1952 2163 2008; x_wconf 89' lang='lat' dir='ltr'><strong>ulterius</strong></span> <span class='ocrx_word' id='word_1_145' title='bbox 2194 1967 2326 2023; x_wconf 84' lang='lat' dir='ltr'><strong>pro-</strong></span> 
     </span>
    </p>
   </div>
   <div class='ocr_carea' id='block_1_22' title="bbox 731 2046 2322 2118">
    <p class='ocr_par' dir='ltr' id='par_1_22' title="bbox 731 2046 2322 2118">
     <span class='ocr_line' id='line_1_22' title="bbox 731 2046 2322 2118; baseline -0.001 -15"><span class='ocrx_word' id='word_1_146' title='bbox 731 2049 902 2117; x_wconf 80' lang='lat' dir='ltr'><strong>gressi</strong></span> <span class='ocrx_word' id='word_1_147' title='bbox 943 2064 1138 2103; x_wconf 89' lang='lat' dir='ltr'><strong>sumus</strong></span> <span class='ocrx_word' id='word_1_148' title='bbox 1186 2047 1502 2118; x_wconf 90' lang='lat' dir='ltr'><strong>populando</strong></span> <span class='ocrx_word' id='word_1_149' title='bbox 1532 2048 1782 2102; x_wconf 85' lang='lat' dir='ltr'><strong>incolas?</strong></span> <span class='ocrx_word' id='word_1_150' title='bbox 1809 2065 1827 2098; x_wconf 75' lang='grc' dir='ltr'><strong>ι</strong></span> <span class='ocrx_word' id='word_1_151' title='bbox 1871 2047 1950 2102; x_wconf 88' lang='lat' dir='ltr'><strong>De</strong></span> <span class='ocrx_word' id='word_1_152' title='bbox 1987 2047 2090 2102; x_wconf 89' lang='lat' dir='ltr'><strong>hac</strong></span> <span class='ocrx_word' id='word_1_153' title='bbox 2116 2046 2322 2117; x_wconf 83' lang='lat' dir='ltr'><strong>ingenti</strong></span> 
     </span>
    </p>
   </div>
   <div class='ocr_carea' id='block_1_23' title="bbox 732 2139 2320 2211">
    <p class='ocr_par' dir='ltr' id='par_1_23' title="bbox 732 2139 2320 2211">
     <span class='ocr_line' id='line_1_23' title="bbox 732 2139 2320 2211; baseline -0.001 -17"><span class='ocrx_word' id='word_1_154' title='bbox 732 2141 913 2209; x_wconf 66' lang='lat' dir='ltr'><strong>praeda</strong></span> <span class='ocrx_word' id='word_1_155' title='bbox 965 2150 1022 2196; x_wconf 89' lang='lat' dir='ltr'><strong>et</strong></span> <span class='ocrx_word' id='word_1_156' title='bbox 1073 2141 1395 2211; x_wconf 84' lang='lat' dir='ltr'><strong>captivitate</strong></span> <span class='ocrx_word' id='word_1_157' title='bbox 1456 2156 1583 2196; x_wconf 92' lang='lat' dir='ltr'><strong>cum</strong></span> <span class='ocrx_word' id='word_1_158' title='bbox 1637 2139 1942 2196; x_wconf 81' lang='lat' dir='ltr'><strong>audivisset</strong></span> <span class='ocrx_word' id='word_1_159' title='bbox 1999 2139 2320 2210; x_wconf 88' lang='lat' dir='ltr'><strong>imperator,</strong></span> 
     </span>
    </p>
   </div>
   <div class='ocr_carea' id='block_1_24' title="bbox 730 2231 2325 2302">
    <p class='ocr_par' dir='ltr' id='par_1_24' title="bbox 730 2231 2325 2302">
     <span class='ocr_line' id='line_1_24' title="bbox 730 2231 2325 2302; baseline -0.001 -18"><span class='ocrx_word' id='word_1_160' title='bbox 730 2233 974 2302; x_wconf 80' lang='lat' dir='ltr'><strong>graviter</strong></span> <span class='ocrx_word' id='word_1_161' title='bbox 1002 2234 1131 2287; x_wconf 90' lang='lat' dir='ltr'><strong>tulit</strong></span> <span class='ocrx_word' id='word_1_162' title='bbox 1167 2243 1226 2288; x_wconf 88' lang='lat' dir='ltr'><strong>et</strong></span> <span class='ocrx_word' id='word_1_163' title='bbox 1258 2233 1618 2288; x_wconf 83' lang='lat' dir='ltr'><strong>contri‘status</strong></span> <span class='ocrx_word' id='word_1_164' title='bbox 1639 2232 1762 2296; x_wconf 79' lang='lat' dir='ltr'><strong>fuit,</strong></span> <span class='ocrx_word' id='word_1_165' title='bbox 1800 2242 1964 2301; x_wconf 64' lang='lat' dir='ltr'><strong>atque</strong></span> <span class='ocrx_word' id='word_1_166' title='bbox 2000 2231 2143 2301; x_wconf 91' lang='lat' dir='ltr'><strong>apud</strong></span> <span class='ocrx_word' id='word_1_167' title='bbox 2172 2246 2325 2283; x_wconf 83' lang='lat' dir='ltr'><strong>men-</strong></span> 
     </span>
    </p>
   </div>
   <div class='ocr_carea' id='block_1_25' title="bbox 729 2321 2325 2386">
    <p class='ocr_par' dir='ltr' id='par_1_25' title="bbox 729 2321 2325 2386">
     <span class='ocr_line' id='line_1_25' title="bbox 729 2321 2325 2386; baseline -0.002 -8"><span class='ocrx_word' id='word_1_168' title='bbox 729 2339 846 2378; x_wconf 88' lang='lat' dir='ltr'><strong>sam</strong></span> <span class='ocrx_word' id='word_1_169' title='bbox 866 2323 991 2377; x_wconf 86' lang='lat' dir='ltr'><strong>talia</strong></span> <span class='ocrx_word' id='word_1_170' title='bbox 1014 2324 1184 2378; x_wconf 89' lang='lat' dir='ltr'><strong>dicit:</strong></span> <span class='ocrx_word' id='word_1_171' title='bbox 1225 2342 1244 2375; x_wconf 76' lang='grc' dir='ltr'><strong>ι</strong></span> <span class='ocrx_word' id='word_1_172' title='bbox 1279 2325 1392 2378; x_wconf 89' lang='lat' dir='ltr'><strong>Heu</strong></span> <span class='ocrx_word' id='word_1_173' title='bbox 1421 2362 1435 2386; x_wconf 89' lang='lat'><strong>,</strong></span> <span class='ocrx_word' id='word_1_174' title='bbox 1473 2324 1602 2385; x_wconf 86' lang='lat' dir='ltr'><strong>heu,</strong></span> <span class='ocrx_word' id='word_1_175' title='bbox 1630 2337 1740 2377; x_wconf 87' lang='lat' dir='ltr'><strong>non</strong></span> <span class='ocrx_word' id='word_1_176' title='bbox 1767 2331 1853 2376; x_wconf 82' lang='lat' dir='ltr'><strong>est</strong></span> <span class='ocrx_word' id='word_1_177' title='bbox 1899 2323 2155 2375; x_wconf 80' lang='lat' dir='ltr'><strong>inventus</strong></span> <span class='ocrx_word' id='word_1_178' title='bbox 2181 2321 2325 2375; x_wconf 74' lang='lat' dir='ltr'><strong>ullus</strong></span> 
     </span>
    </p>
   </div>
   <div class='ocr_carea' id='block_1_26' title="bbox 730 2415 2320 2486">
    <p class='ocr_par' dir='ltr' id='par_1_26' title="bbox 730 2415 2320 2486">
     <span class='ocr_line' id='line_1_26' title="bbox 730 2415 2320 2486; baseline -0.001 -16"><span class='ocrx_word' id='word_1_179' title='bbox 730 2417 899 2470; x_wconf 86' lang='lat' dir='ltr'><strong>homo</strong></span> <span class='ocrx_word' id='word_1_180' title='bbox 953 2416 1046 2485; x_wconf 93' lang='lat' dir='ltr'><strong>qui</strong></span> <span class='ocrx_word' id='word_1_181' title='bbox 1078 2432 1206 2486; x_wconf 88' lang='lat' dir='ltr'><strong>erga</strong></span> <span class='ocrx_word' id='word_1_182' title='bbox 1253 2424 1504 2471; x_wconf 87' lang='lat' dir='ltr'><strong>nostrum</strong></span> <span class='ocrx_word' id='word_1_183' title='bbox 1557 2415 1851 2485; x_wconf 89' lang='lat' dir='ltr'><strong>imperium</strong></span> <span class='ocrx_word' id='word_1_184' title='bbox 1885 2422 1942 2470; x_wconf 89' lang='lat' dir='ltr'><strong>et</strong></span> <span class='ocrx_word' id='word_1_185' title='bbox 1972 2429 2103 2484; x_wconf 88' lang='lat' dir='ltr'><strong>erga</strong></span> <span class='ocrx_word' id='word_1_186' title='bbox 2156 2415 2320 2469; x_wconf 81' lang='lat' dir='ltr'><strong>Chri-</strong></span> 
     </span>
    </p>
   </div>
   <div class='ocr_carea' id='block_1_27' title="bbox 729 2506 2324 2571">
    <p class='ocr_par' dir='ltr' id='par_1_27' title="bbox 729 2506 2324 2571">
     <span class='ocr_line' id='line_1_27' title="bbox 729 2506 2324 2571; baseline 0 -9"><span class='ocrx_word' id='word_1_187' title='bbox 729 2509 938 2562; x_wconf 84' lang='lat' dir='ltr'><strong>stianos</strong></span> <span class='ocrx_word' id='word_1_188' title='bbox 999 2507 1279 2562; x_wconf 89' lang='lat' dir='ltr'><strong>sincerum</strong></span> <span class='ocrx_word' id='word_1_189' title='bbox 1335 2523 1579 2562; x_wconf 87' lang='lat' dir='ltr'><strong>amorem</strong></span> <span class='ocrx_word' id='word_1_190' title='bbox 1641 2514 2034 2571; x_wconf 80' lang='lat' dir='ltr'><strong>conservaret,</strong></span> <span class='ocrx_word' id='word_1_191' title='bbox 2080 2514 2140 2560; x_wconf 91' lang='lat' dir='ltr'><strong>ut</strong></span> <span class='ocrx_word' id='word_1_192' title='bbox 2193 2506 2324 2562; x_wconf 85' lang='lat' dir='ltr'><strong>hinc</strong></span> 
     </span>
    </p>
   </div>
   <div class='ocr_carea' id='block_1_28' title="bbox 730 2597 2322 2670">
    <p class='ocr_par' dir='ltr' id='par_1_28' title="bbox 730 2597 2322 2670">
     <span class='ocr_line' id='line_1_28' title="bbox 730 2597 2322 2670; baseline 0 -18"><span class='ocrx_word' id='word_1_193' title='bbox 730 2607 984 2670; x_wconf 87' lang='lat' dir='ltr'><strong>prompto</strong></span> <span class='ocrx_word' id='word_1_194' title='bbox 1023 2600 1211 2654; x_wconf 88' lang='lat' dir='ltr'><strong>animo</strong></span> <span class='ocrx_word' id='word_1_195' title='bbox 1256 2600 1518 2655; x_wconf 77' lang='lat' dir='ltr'><strong>incitatus</strong></span> <span class='ocrx_word' id='word_1_196' title='bbox 1557 2598 1939 2668; x_wconf 86' lang='lat' dir='ltr'><strong>proﬁciscatur</strong></span> <span class='ocrx_word' id='word_1_197' title='bbox 1982 2597 2322 2667; x_wconf 89' lang='lat' dir='ltr'><strong>dimicetque</strong></span> 
     </span>
    </p>
   </div>
   <div class='ocr_carea' id='block_1_29' title="bbox 729 2690 2323 2760">
    <p class='ocr_par' dir='ltr' id='par_1_29' title="bbox 729 2690 2323 2760">
     <span class='ocr_line' id='line_1_29' title="bbox 729 2690 2323 2760; baseline -0.003 -14"><span class='ocrx_word' id='word_1_198' title='bbox 729 2706 854 2746; x_wconf 91' lang='lat' dir='ltr'><strong>cum</strong></span> <span class='ocrx_word' id='word_1_199' title='bbox 885 2691 1054 2760; x_wconf 82' lang='lat' dir='ltr'><strong>impio</strong></span> <span class='ocrx_word' id='word_1_200' title='bbox 1070 2692 1291 2746; x_wconf 81' lang='lat' dir='ltr'><strong>Amere.</strong></span> <span class='ocrx_word' id='word_1_201' title='bbox 1318 2710 1335 2742; x_wconf 75' lang='grc' dir='ltr'><strong>ι</strong></span> <span class='ocrx_word' id='word_1_202' title='bbox 1369 2690 1461 2745; x_wconf 90' lang='lat' dir='ltr'><strong>Sic</strong></span> <span class='ocrx_word' id='word_1_203' title='bbox 1485 2690 1684 2746; x_wconf 74' lang='lat' dir='ltr'><strong>allecto</strong></span> <span class='ocrx_word' id='word_1_204' title='bbox 1718 2691 2051 2759; x_wconf 87' lang='lat' dir='ltr'><strong>imperatore</strong></span> <span class='ocrx_word' id='word_1_205' title='bbox 2081 2690 2323 2745; x_wconf 80' lang='lat' dir='ltr'><strong>surrexit</strong></span> 
     </span>
    </p>
   </div>
   <div class='ocr_carea' id='block_1_30' title="bbox 728 2781 2321 2852">
    <p class='ocr_par' dir='ltr' id='par_1_30' title="bbox 728 2781 2321 2852">
     <span class='ocr_line' id='line_1_30' title="bbox 728 2781 2321 2852; baseline -0.001 -13"><span class='ocrx_word' id='word_1_206' title='bbox 728 2785 1014 2849; x_wconf 85' lang='lat' dir='ltr'><strong>Petronas,</strong></span> <span class='ocrx_word' id='word_1_207' title='bbox 1067 2783 1374 2839; x_wconf 69' lang='lat' dir='ltr'><strong>Theodorze</strong></span> <span class='ocrx_word' id='word_1_208' title='bbox 1427 2799 1493 2838; x_wconf 92' lang='lat' dir='ltr'><strong>ac</strong></span> <span class='ocrx_word' id='word_1_209' title='bbox 1553 2783 1743 2838; x_wconf 73' lang='lat' dir='ltr'><strong>Bardzn</strong></span> <span class='ocrx_word' id='word_1_210' title='bbox 1788 2781 1980 2847; x_wconf 80' lang='lat' dir='ltr'><strong>frater,</strong></span> <span class='ocrx_word' id='word_1_211' title='bbox 2041 2791 2206 2852; x_wconf 90' lang='lat' dir='ltr'><strong>atque</strong></span> <span class='ocrx_word' id='word_1_212' title='bbox 2253 2782 2321 2837; x_wconf 89' lang='lat' dir='ltr'><strong>ad</strong></span> 
     </span>
    </p>
   </div>
   <div class='ocr_carea' id='block_1_31' title="bbox 677 2862 2322 2946">
    <p class='ocr_par' dir='ltr' id='par_1_31' title="bbox 677 2862 2322 2946">
     <span class='ocr_line' id='line_1_31' title="bbox 677 2862 2322 2946; baseline 0 -18"><span class='ocrx_word' id='word_1_213' title='bbox 677 2862 682 2866; x_wconf 62' lang='grc'><strong>’</strong></span> <span class='ocrx_word' id='word_1_214' title='bbox 730 2873 1122 2943; x_wconf 89' lang='lat' dir='ltr'><strong>imperatorem</strong></span> <span class='ocrx_word' id='word_1_215' title='bbox 1156 2875 1328 2929; x_wconf 87' lang='lat' dir='ltr'><strong>dicit:</strong></span> <span class='ocrx_word' id='word_1_216' title='bbox 1366 2893 1384 2927; x_wconf 78' lang='grc' dir='ltr'><strong>ι</strong></span> <span class='ocrx_word' id='word_1_217' title='bbox 1411 2874 1702 2946; x_wconf 72' lang='lat' dir='ltr'><strong>Subiectos</strong></span> <span class='ocrx_word' id='word_1_218' title='bbox 1741 2873 1966 2943; x_wconf 90' lang='lat' dir='ltr'><strong>quidem</strong></span> <span class='ocrx_word' id='word_1_219' title='bbox 1996 2874 2198 2927; x_wconf 87' lang='lat' dir='ltr'><strong>multos</strong></span> <span class='ocrx_word' id='word_1_220' title='bbox 2228 2883 2322 2928; x_wconf 87' lang='lat' dir='ltr'><strong>tuo</strong></span> 
     </span>
    </p>
   </div>
   <div class='ocr_carea' id='block_1_32' title="bbox 729 2963 2320 3035">
    <p class='ocr_par' dir='ltr' id='par_1_32' title="bbox 729 2963 2320 3035">
     <span class='ocr_line' id='line_1_32' title="bbox 729 2963 2320 3035; baseline 0.002 -20"><span class='ocrx_word' id='word_1_221' title='bbox 729 2963 970 3032; x_wconf 85' lang='lat' dir='ltr'><strong>glorioso</strong></span> <span class='ocrx_word' id='word_1_222' title='bbox 1033 2964 1269 3035; x_wconf 86' lang='lat' dir='ltr'><strong>imperio</strong></span> <span class='ocrx_word' id='word_1_223' title='bbox 1322 2964 1477 3019; x_wconf 89' lang='lat' dir='ltr'><strong>dedit</strong></span> <span class='ocrx_word' id='word_1_224' title='bbox 1529 2965 1704 3029; x_wconf 91' lang='lat' dir='ltr'><strong>Deus,</strong></span> <span class='ocrx_word' id='word_1_225' title='bbox 1760 2964 1854 3033; x_wconf 91' lang='lat' dir='ltr'><strong>qui</strong></span> <span class='ocrx_word' id='word_1_226' title='bbox 1913 2973 1965 3018; x_wconf 90' lang='lat' dir='ltr'><strong>te</strong></span> <span class='ocrx_word' id='word_1_227' title='bbox 2021 2964 2320 3034; x_wconf 90' lang='lat' dir='ltr'><strong>plurimum</strong></span> 
     </span>
    </p>
   </div>
   <div class='ocr_carea' id='block_1_33' title="bbox 729 3057 2319 3128">
    <p class='ocr_par' dir='ltr' id='par_1_33' title="bbox 729 3057 2319 3128">
     <span class='ocr_line' id='line_1_33' title="bbox 729 3057 2319 3128; baseline 0.002 -18"><span class='ocrx_word' id='word_1_228' title='bbox 729 3066 935 3122; x_wconf 83' lang='lat' dir='ltr'><strong>amant,</strong></span> <span class='ocrx_word' id='word_1_229' title='bbox 974 3057 1220 3122; x_wconf 90' lang='lat' dir='ltr'><strong>domine,</strong></span> <span class='ocrx_word' id='word_1_230' title='bbox 1259 3059 1546 3128; x_wconf 89' lang='lat' dir='ltr'><strong>paratique</strong></span> <span class='ocrx_word' id='word_1_231' title='bbox 1598 3068 1727 3112; x_wconf 90' lang='lat' dir='ltr'><strong>sunt</strong></span> <span class='ocrx_word' id='word_1_232' title='bbox 1757 3073 1942 3112; x_wconf 79' lang='lat' dir='ltr'><strong>amore</strong></span> <span class='ocrx_word' id='word_1_233' title='bbox 1978 3058 2058 3113; x_wconf 92' lang='lat' dir='ltr'><strong>tui</strong></span> <span class='ocrx_word' id='word_1_234' title='bbox 2087 3067 2319 3113; x_wconf 85' lang='lat' dir='ltr'><strong>mortem</strong></span> 
     </span>
    </p>
   </div>
   <div class='ocr_carea' id='block_1_34' title="bbox 728 3148 2388 3232">
    <p class='ocr_par' dir='ltr' id='par_1_34' title="bbox 728 3148 2388 3232">
     <span class='ocr_line' id='line_1_34' title="bbox 728 3148 2388 3232; baseline -0.003 -24"><span class='ocrx_word' id='word_1_235' title='bbox 728 3149 940 3208; x_wconf 70' lang='lat' dir='ltr'><strong>subire.</strong></span> <span class='ocrx_word' id='word_1_236' title='bbox 971 3149 1079 3204; x_wconf 90' lang='lat' dir='ltr'><strong>Sed</strong></span> <span class='ocrx_word' id='word_1_237' title='bbox 1113 3151 1170 3204; x_wconf 93' lang='lat' dir='ltr'><strong>in</strong></span> <span class='ocrx_word' id='word_1_238' title='bbox 1205 3150 1352 3204; x_wconf 92' lang='lat' dir='ltr'><strong>bello</strong></span> <span class='ocrx_word' id='word_1_239' title='bbox 1377 3149 1541 3204; x_wconf 91' lang='lat' dir='ltr'><strong>modo</strong></span> <span class='ocrx_word' id='word_1_240' title='bbox 1575 3165 1877 3220; x_wconf 65' lang='lat' dir='ltr'><strong>prosperae,</strong></span> <span class='ocrx_word' id='word_1_241' title='bbox 1927 3148 2090 3204; x_wconf 92' lang='lat' dir='ltr'><strong>modo</strong></span> <span class='ocrx_word' id='word_1_242' title='bbox 2119 3150 2318 3205; x_wconf 88' lang='lat' dir='ltr'><strong>adver-</strong></span> <span class='ocrx_word' id='word_1_243' title='bbox 2343 3170 2388 3232; x_wconf 69' lang='grc' dir='ltr'><strong>ρ</strong></span> 
     </span>
    </p>
   </div>
   <div class='ocr_carea' id='block_1_35' title="bbox 728 3239 2318 3310">
    <p class='ocr_par' dir='ltr' id='par_1_35' title="bbox 728 3239 2318 3310">
     <span class='ocr_line' id='line_1_35' title="bbox 728 3239 2318 3310; baseline -0.001 -15"><span class='ocrx_word' id='word_1_244' title='bbox 728 3253 804 3295; x_wconf 66' lang='grc' dir='ltr'>βαι</span> <span class='ocrx_word' id='word_1_245' title='bbox 840 3255 929 3295; x_wconf 90' lang='lat' dir='ltr'><strong>res</strong></span> <span class='ocrx_word' id='word_1_246' title='bbox 959 3239 1243 3306; x_wconf 83' lang='lat' dir='ltr'><strong>accidunt,</strong></span> <span class='ocrx_word' id='word_1_247' title='bbox 1280 3241 1683 3310; x_wconf 89' lang='lat' dir='ltr'><strong>victoriamque</strong></span> <span class='ocrx_word' id='word_1_248' title='bbox 1708 3248 1914 3294; x_wconf 90' lang='lat' dir='ltr'><strong>certam</strong></span> <span class='ocrx_word' id='word_1_249' title='bbox 1949 3247 2008 3294; x_wconf 88' lang='lat' dir='ltr'><strong>et</strong></span> <span class='ocrx_word' id='word_1_250' title='bbox 2036 3240 2318 3295; x_wconf 87' lang='lat' dir='ltr'><strong>indubita-</strong></span> 
     </span>
    </p>
   </div>
   <div class='ocr_carea' id='block_1_36' title="bbox 728 3327 2319 3397">
    <p class='ocr_par' dir='ltr' id='par_1_36' title="bbox 728 3327 2319 3397">
     <span class='ocr_line' id='line_1_36' title="bbox 728 3327 2319 3397; baseline 0 -17"><span class='ocrx_word' id='word_1_251' title='bbox 728 3336 840 3381; x_wconf 90' lang='lat' dir='ltr'><strong>tam</strong></span> <span class='ocrx_word' id='word_1_252' title='bbox 881 3342 1048 3381; x_wconf 89' lang='lat' dir='ltr'><strong>nemo</strong></span> <span class='ocrx_word' id='word_1_253' title='bbox 1077 3327 1366 3382; x_wconf 85' lang='lat' dir='ltr'><strong>hominum</strong></span> <span class='ocrx_word' id='word_1_254' title='bbox 1401 3327 1505 3382; x_wconf 91' lang='lat' dir='ltr'><strong>sibi</strong></span> <span class='ocrx_word' id='word_1_255' title='bbox 1541 3328 1866 3397; x_wconf 89' lang='lat' dir='ltr'><strong>promittere</strong></span> <span class='ocrx_word' id='word_1_256' title='bbox 1893 3337 2095 3397; x_wconf 86' lang='lat' dir='ltr'><strong>potest,</strong></span> <span class='ocrx_word' id='word_1_257' title='bbox 2125 3343 2319 3382; x_wconf 87' lang='lat' dir='ltr'><strong>verum</strong></span> 
     </span>
    </p>
   </div>
   <div class='ocr_carea' id='block_1_37' title="bbox 729 3417 2319 3490">
    <p class='ocr_par' dir='ltr' id='par_1_37' title="bbox 729 3417 2319 3490">
     <span class='ocr_line' id='line_1_37' title="bbox 729 3417 2319 3490; baseline 0 -18"><span class='ocrx_word' id='word_1_258' title='bbox 729 3417 847 3472; x_wconf 69' lang='lat' dir='ltr'><strong>haec</strong></span> <span class='ocrx_word' id='word_1_259' title='bbox 876 3434 906 3472; x_wconf 92' lang='lat' dir='ltr'><strong>a</strong></span> <span class='ocrx_word' id='word_1_260' title='bbox 942 3419 1059 3473; x_wconf 86' lang='lat' dir='ltr'><strong>solo</strong></span> <span class='ocrx_word' id='word_1_261' title='bbox 1082 3418 1191 3489; x_wconf 82' lang='lat'><strong>95</strong></span> <span class='ocrx_word' id='word_1_262' title='bbox 1217 3418 1329 3474; x_wconf 89' lang='lat' dir='ltr'><strong>Deo</strong></span> <span class='ocrx_word' id='word_1_263' title='bbox 1365 3420 1670 3490; x_wconf 66' lang='lat' dir='ltr'><strong>praescitur.</strong></span> <span class='ocrx_word' id='word_1_264' title='bbox 1721 3420 1911 3488; x_wconf 84' lang='lat' dir='ltr'><strong>Itaque</strong></span> <span class='ocrx_word' id='word_1_265' title='bbox 1946 3418 2014 3474; x_wconf 93' lang='lat' dir='ltr'><strong>ad</strong></span> <span class='ocrx_word' id='word_1_266' title='bbox 2049 3419 2167 3474; x_wconf 58' lang='lat' dir='ltr'><strong>haec</strong></span> <span class='ocrx_word' id='word_1_267' title='bbox 2215 3419 2319 3473; x_wconf 91' lang='lat' dir='ltr'><strong>im-</strong></span> 
     </span>
    </p>
   </div>
   <div class='ocr_carea' id='block_1_38' title="bbox 729 3511 2318 3582">
    <p class='ocr_par' dir='ltr' id='par_1_38' title="bbox 729 3511 2318 3582">
     <span class='ocr_line' id='line_1_38' title="bbox 729 3511 2318 3582; baseline 0.003 -18"><span class='ocrx_word' id='word_1_268' title='bbox 729 3518 950 3579; x_wconf 86' lang='lat' dir='ltr'><strong>perator</strong></span> <span class='ocrx_word' id='word_1_269' title='bbox 967 3511 1251 3580; x_wconf 86' lang='lat' dir='ltr'><strong>respondit</strong></span> <span class='ocrx_word' id='word_1_270' title='bbox 1279 3526 1414 3582; x_wconf 91' lang='lat' dir='ltr'><strong>ergo</strong></span> <span class='ocrx_word' id='word_1_271' title='bbox 1444 3529 1458 3564; x_wconf 89' lang='lat'><strong>:</strong></span> <span class='ocrx_word' id='word_1_272' title='bbox 1506 3529 1523 3562; x_wconf 75' lang='grc' dir='ltr'><strong>ι</strong></span> <span class='ocrx_word' id='word_1_273' title='bbox 1556 3511 1625 3566; x_wconf 80' lang='lat' dir='ltr'><strong>Mi</strong></span> <span class='ocrx_word' id='word_1_274' title='bbox 1664 3512 2026 3576; x_wconf 84' lang='lat' dir='ltr'><strong>Petrona,vis</strong></span> <span class='ocrx_word' id='word_1_275' title='bbox 2047 3511 2318 3582; x_wconf 87' lang='lat' dir='ltr'><strong>proﬁcisci</strong></span> 
     </span>
    </p>
   </div>
   <div class='ocr_carea' id='block_1_39' title="bbox 728 3603 2325 3674">
    <p class='ocr_par' dir='ltr' id='par_1_39' title="bbox 728 3603 2325 3674">
     <span class='ocr_line' id='line_1_39' title="bbox 728 3603 2325 3674; baseline 0.003 -19"><span class='ocrx_word' id='word_1_276' title='bbox 728 3611 787 3656; x_wconf 89' lang='lat' dir='ltr'><strong>et</strong></span> <span class='ocrx_word' id='word_1_277' title='bbox 827 3603 1049 3674; x_wconf 75' lang='lat' dir='ltr'><strong>aggredi</strong></span> <span class='ocrx_word' id='word_1_278' title='bbox 1078 3604 1294 3658; x_wconf 89' lang='lat' dir='ltr'><strong>hostem</strong></span> <span class='ocrx_word' id='word_1_279' title='bbox 1324 3618 1389 3656; x_wconf 86' lang='lat' dir='ltr'><strong>ac</strong></span> <span class='ocrx_word' id='word_1_280' title='bbox 1433 3619 1534 3673; x_wconf 92' lang='lat' dir='ltr'><strong>pro</strong></span> <span class='ocrx_word' id='word_1_281' title='bbox 1570 3603 1902 3658; x_wconf 83' lang='lat' dir='ltr'><strong>Christianis</strong></span> <span class='ocrx_word' id='word_1_282' title='bbox 1949 3619 2182 3674; x_wconf 91' lang='lat' dir='ltr'><strong>meoque</strong></span> <span class='ocrx_word' id='word_1_283' title='bbox 2228 3606 2325 3668; x_wconf 76' lang='lat' dir='ltr'><strong>im,</strong></span> 
     </span>
    </p>
   </div>
   <div class='ocr_carea' id='block_1_40' title="bbox 729 3693 2320 3767">
    <p class='ocr_par' dir='ltr' id='par_1_40' title="bbox 729 3693 2320 3767">
     <span class='ocr_line' id='line_1_40' title="bbox 729 3693 2320 3767; baseline 0.004 -21"><span class='ocrx_word' id='word_1_284' title='bbox 729 3693 885 3762; x_wconf 84' lang='lat' dir='ltr'><strong>perio</strong></span> <span class='ocrx_word' id='word_1_285' title='bbox 909 3693 1290 3763; x_wconf 65' lang='lat' dir='ltr'><strong>periclitari?»</strong></span> <span class='ocrx_word' id='word_1_286' title='bbox 1313 3693 1416 3760; x_wconf 88' lang='lat' dir='ltr'><strong>Qui</strong></span> <span class='ocrx_word' id='word_1_287' title='bbox 1448 3694 1790 3764; x_wconf 89' lang='lat' dir='ltr'><strong>respondens</strong></span> <span class='ocrx_word' id='word_1_288' title='bbox 1817 3696 1868 3749; x_wconf 91' lang='lat' dir='ltr'><strong>ei</strong></span> <span class='ocrx_word' id='word_1_289' title='bbox 1886 3695 2023 3750; x_wconf 90' lang='lat' dir='ltr'><strong>dicit</strong></span> <span class='ocrx_word' id='word_1_290' title='bbox 2047 3713 2060 3749; x_wconf 93' lang='lat'><strong>:</strong></span> <span class='ocrx_word' id='word_1_291' title='bbox 2099 3716 2115 3748; x_wconf 80' lang='grc' dir='ltr'><strong>ι</strong></span> <span class='ocrx_word' id='word_1_292' title='bbox 2154 3697 2320 3767; x_wconf 89' lang='lat' dir='ltr'><strong>Equi-</strong></span> 
     </span>
    </p>
   </div>
   <div class='ocr_carea' id='block_1_41' title="bbox 729 3783 2322 3857">
    <p class='ocr_par' dir='ltr' id='par_1_41' title="bbox 729 3783 2322 3857">
     <span class='ocr_line' id='line_1_41' title="bbox 729 3783 2322 3857; baseline 0.003 -19"><span class='ocrx_word' id='word_1_293' title='bbox 729 3783 878 3849; x_wconf 87' lang='lat' dir='ltr'><strong>dem,</strong></span> <span class='ocrx_word' id='word_1_294' title='bbox 905 3786 1229 3856; x_wconf 83' lang='lat' dir='ltr'><strong>imperator,</strong></span> <span class='ocrx_word' id='word_1_295' title='bbox 1273 3796 1496 3856; x_wconf 87' lang='lat' dir='ltr'><strong>paratus</strong></span> <span class='ocrx_word' id='word_1_296' title='bbox 1527 3801 1673 3850; x_wconf 87' lang='lat' dir='ltr'><strong>sum,</strong></span> <span class='ocrx_word' id='word_1_297' title='bbox 1718 3787 1898 3856; x_wconf 87' lang='lat' dir='ltr'><strong>quoad</strong></span> <span class='ocrx_word' id='word_1_298' title='bbox 1931 3787 2170 3857; x_wconf 83' lang='lat' dir='ltr'><strong>pugiilus</strong></span> <span class='ocrx_word' id='word_1_299' title='bbox 2201 3803 2322 3842; x_wconf 87' lang='lat' dir='ltr'><strong>san-</strong></span> 
     </span>
    </p>
   </div>
   <div class='ocr_carea' id='block_1_42' title="bbox 728 3872 2319 3948">
    <p class='ocr_par' dir='ltr' id='par_1_42' title="bbox 728 3872 2319 3948">
     <span class='ocr_line' id='line_1_42' title="bbox 728 3872 2319 3948; baseline 0.005 -22"><span class='ocrx_word' id='word_1_300' title='bbox 728 3872 914 3939; x_wconf 81' lang='lat' dir='ltr'><strong>guinis</strong></span> <span class='ocrx_word' id='word_1_301' title='bbox 973 3875 1145 3929; x_wconf 85' lang='lat' dir='ltr'><strong>inerit</strong></span> <span class='ocrx_word' id='word_1_302' title='bbox 1184 3874 1347 3942; x_wconf 89' lang='lat' dir='ltr'><strong>mihi,</strong></span> <span class='ocrx_word' id='word_1_303' title='bbox 1396 3890 1525 3930; x_wconf 91' lang='lat' dir='ltr'><strong>eum</strong></span> <span class='ocrx_word' id='word_1_304' title='bbox 1564 3891 1665 3946; x_wconf 90' lang='lat' dir='ltr'><strong>pro</strong></span> <span class='ocrx_word' id='word_1_305' title='bbox 1700 3885 1796 3930; x_wconf 90' lang='lat' dir='ltr'><strong>tuo</strong></span> <span class='ocrx_word' id='word_1_306' title='bbox 1827 3876 2060 3947; x_wconf 88' lang='lat' dir='ltr'><strong>imperio</strong></span> <span class='ocrx_word' id='word_1_307' title='bbox 2111 3893 2319 3948; x_wconf 86' lang='lat' dir='ltr'><strong>proque</strong></span> 
     </span>
    </p>
   </div>
   <div class='ocr_carea' id='block_1_43' title="bbox 730 3963 2318 4027">
    <p class='ocr_par' dir='ltr' id='par_1_43' title="bbox 730 3963 2318 4027">
     <span class='ocr_line' id='line_1_43' title="bbox 730 3963 2318 4027; baseline 0.006 -9"><span class='ocrx_word' id='word_1_308' title='bbox 730 3963 858 4020; x_wconf 88' lang='lat' dir='ltr'><strong>ﬁdei</strong></span> <span class='ocrx_word' id='word_1_309' title='bbox 910 3967 1263 4022; x_wconf 84' lang='lat' dir='ltr'><strong>consortibus</strong></span> <span class='ocrx_word' id='word_1_310' title='bbox 1323 3983 1612 4024; x_wconf 82' lang='lat' dir='ltr'><strong>evacuare.</strong></span> <span class='ocrx_word' id='word_1_311' title='bbox 1653 3987 1670 4019; x_wconf 75' lang='grc' dir='ltr'><strong>ι</strong></span> <span class='ocrx_word' id='word_1_312' title='bbox 1705 3969 1820 4024; x_wconf 86' lang='lat' dir='ltr'><strong>Hoc</strong></span> <span class='ocrx_word' id='word_1_313' title='bbox 1868 3970 2035 4024; x_wconf 89' lang='lat' dir='ltr'><strong>alacri</strong></span> <span class='ocrx_word' id='word_1_314' title='bbox 2065 3987 2318 4027; x_wconf 87' lang='lat' dir='ltr'><strong>sermone</strong></span> 
     </span>
    </p>
   </div>
   <div class='ocr_carea' id='block_1_44' title="bbox 731 4055 2316 4130">
    <p class='ocr_par' dir='ltr' id='par_1_44' title="bbox 731 4055 2316 4130">
     <span class='ocr_line' id='line_1_44' title="bbox 731 4055 2316 4130; baseline 0.004 -21"><span class='ocrx_word' id='word_1_315' title='bbox 731 4055 1037 4126; x_wconf 89' lang='lat' dir='ltr'><strong>imperator</strong></span> <span class='ocrx_word' id='word_1_316' title='bbox 1121 4057 1481 4114; x_wconf 89' lang='lat' dir='ltr'><strong>conﬁrmatus</strong></span> <span class='ocrx_word' id='word_1_317' title='bbox 1539 4059 1769 4130; x_wconf 72' lang='lat' dir='ltr'><strong>pneﬁcit</strong></span> <span class='ocrx_word' id='word_1_318' title='bbox 1827 4060 2023 4115; x_wconf 88' lang='lat' dir='ltr'><strong>ducem</strong></span> <span class='ocrx_word' id='word_1_319' title='bbox 2101 4063 2316 4117; x_wconf 87' lang='lat' dir='ltr'><strong>cohorti</strong></span> 
     </span>
    </p>
   </div>
   <div class='ocr_carea' id='block_1_45' title="bbox 729 4149 2318 4223">
    <p class='ocr_par' dir='ltr' id='par_1_45' title="bbox 729 4149 2318 4223">
     <span class='ocr_line' id='line_1_45' title="bbox 729 4149 2318 4223; baseline 0.005 -21"><span class='ocrx_word' id='word_1_320' title='bbox 729 4149 1070 4203; x_wconf 86' lang='lat' dir='ltr'><strong>scholarum.</strong></span> <span class='ocrx_word' id='word_1_321' title='bbox 1094 4149 1199 4215; x_wconf 86' lang='lat' dir='ltr'><strong>Qui</strong></span> <span class='ocrx_word' id='word_1_322' title='bbox 1225 4150 1415 4204; x_wconf 83' lang='lat' dir='ltr'><strong>verbis</strong></span> <span class='ocrx_word' id='word_1_323' title='bbox 1446 4151 1808 4206; x_wconf 82' lang='lat' dir='ltr'><strong>incusationis</strong></span> <span class='ocrx_word' id='word_1_324' title='bbox 1827 4162 2114 4223; x_wconf 84' lang='lat' dir='ltr'><strong>promptus</strong></span> <span class='ocrx_word' id='word_1_325' title='bbox 2139 4154 2318 4210; x_wconf 83' lang='lat' dir='ltr'><strong>factus</strong></span> 
     </span>
    </p>
   </div>
   <div class='ocr_carea' id='block_1_46' title="bbox 732 4240 2313 4313">
    <p class='ocr_par' dir='ltr' id='par_1_46' title="bbox 732 4240 2313 4313">
     <span class='ocr_line' id='line_1_46' title="bbox 732 4240 2313 4313; baseline 0.006 -20"><span class='ocrx_word' id='word_1_326' title='bbox 732 4255 846 4294; x_wconf 91' lang='lat' dir='ltr'><strong>rem</strong></span> <span class='ocrx_word' id='word_1_327' title='bbox 883 4249 942 4294; x_wconf 92' lang='lat' dir='ltr'><strong>et</strong></span> <span class='ocrx_word' id='word_1_328' title='bbox 989 4240 1133 4296; x_wconf 81' lang='lat' dir='ltr'><strong>facta</strong></span> <span class='ocrx_word' id='word_1_329' title='bbox 1161 4241 1430 4311; x_wconf 70' lang='lat' dir='ltr'><strong>adiunxit,</strong></span> <span class='ocrx_word' id='word_1_330' title='bbox 1464 4255 1612 4298; x_wconf 82' lang='lat' dir='ltr'><strong>recta</strong></span> <span class='ocrx_word' id='word_1_331' title='bbox 1666 4243 1944 4313; x_wconf 82' lang='lat' dir='ltr'><strong>profectus</strong></span> <span class='ocrx_word' id='word_1_332' title='bbox 1994 4247 2050 4301; x_wconf 93' lang='lat' dir='ltr'><strong>in</strong></span> <span class='ocrx_word' id='word_1_333' title='bbox 2100 4247 2313 4302; x_wconf 90' lang='lat' dir='ltr'><strong>hostem</strong></span> 
     </span>
    </p>
   </div>
   <div class='ocr_carea' id='block_1_47' title="bbox 730 4330 2310 4405">
    <p class='ocr_par' dir='ltr' id='par_1_47' title="bbox 730 4330 2310 4405">
     <span class='ocr_line' id='line_1_47' title="bbox 730 4330 2310 4405; baseline 0.006 -21"><span class='ocrx_word' id='word_1_334' title='bbox 730 4346 857 4384; x_wconf 91' lang='lat' dir='ltr'><strong>cum</strong></span> <span class='ocrx_word' id='word_1_335' title='bbox 887 4330 1139 4396; x_wconf 86' lang='lat' dir='ltr'><strong>delectis,</strong></span> <span class='ocrx_word' id='word_1_336' title='bbox 1170 4347 1273 4387; x_wconf 89' lang='lat' dir='ltr'><strong>nec</strong></span> <span class='ocrx_word' id='word_1_337' title='bbox 1305 4333 1474 4387; x_wconf 89' lang='lat' dir='ltr'><strong>nimia</strong></span> <span class='ocrx_word' id='word_1_338' title='bbox 1502 4333 1860 4388; x_wconf 88' lang='lat' dir='ltr'><strong>multitudine</strong></span> <span class='ocrx_word' id='word_1_339' title='bbox 1881 4347 2155 4405; x_wconf 84' lang='lat' dir='ltr'><strong>gravatus.</strong></span> <span class='ocrx_word' id='word_1_340' title='bbox 2190 4339 2310 4393; x_wconf 85' lang='lat' dir='ltr'><strong>Non</strong></span> 
     </span>
    </p>
   </div>
   <div class='ocr_carea' id='block_1_48' title="bbox 732 4422 2306 4497">
    <p class='ocr_par' dir='ltr' id='par_1_48' title="bbox 732 4422 2306 4497">
     <span class='ocr_line' id='line_1_48' title="bbox 732 4422 2306 4497; baseline 0.005 -21"><span class='ocrx_word' id='word_1_341' title='bbox 732 4422 895 4477; x_wconf 83' lang='lat' dir='ltr'><strong>latuit</strong></span> <span class='ocrx_word' id='word_1_342' title='bbox 923 4438 989 4477; x_wconf 88' lang='lat' dir='ltr'><strong>ea</strong></span> <span class='ocrx_word' id='word_1_343' title='bbox 1007 4439 1098 4478; x_wconf 87' lang='lat' dir='ltr'><strong>res</strong></span> <span class='ocrx_word' id='word_1_344' title='bbox 1126 4423 1414 4478; x_wconf 80' lang='lat' dir='ltr'><strong>Amerem:</strong></span> <span class='ocrx_word' id='word_1_345' title='bbox 1447 4425 1731 4494; x_wconf 76' lang='lat' dir='ltr'><strong>transfuga</strong></span> <span class='ocrx_word' id='word_1_346' title='bbox 1747 4427 1896 4479; x_wconf 90' lang='lat' dir='ltr'><strong>enim</strong></span> <span class='ocrx_word' id='word_1_347' title='bbox 1923 4428 2147 4497; x_wconf 81' lang='lat' dir='ltr'><strong>quidam</strong></span> <span class='ocrx_word' id='word_1_348' title='bbox 2179 4447 2306 4484; x_wconf 89' lang='lat' dir='ltr'><strong>eum</strong></span> 
     </span>
    </p>
   </div>
   <div class='ocr_carea' id='block_1_49' title="bbox 2507 1017 4012 1113">
    <p class='ocr_par' dir='ltr' id='par_1_49' title="bbox 2507 1017 4012 1113">
     <span class='ocr_line' id='line_1_49' title="bbox 2507 1017 4012 1113; baseline 0.002 -23"><span class='ocrx_word' id='word_1_349' title='bbox 2507 1036 2674 1090; x_wconf 86' lang='grc' dir='ltr'><strong>Ἑτῶν</strong></span> <span class='ocrx_word' id='word_1_350' title='bbox 2703 1035 2760 1089; x_wconf 71' lang='grc' dir='ltr'><strong>δι</strong></span> <span class='ocrx_word' id='word_1_351' title='bbox 2799 1035 2892 1089; x_wconf 88' lang='grc' dir='ltr'><strong>δύο</strong></span> <span class='ocrx_word' id='word_1_352' title='bbox 2921 1017 3326 1106; x_wconf 84' lang='grc' dir='ltr'>διαϐεϐηκότων</span> <span class='ocrx_word' id='word_1_353' title='bbox 3384 1037 3547 1090; x_wconf 82' lang='grc' dir='ltr'>πάλιν</span> <span class='ocrx_word' id='word_1_354' title='bbox 3580 1039 3609 1092; x_wconf 80' lang='grc' dir='ltr'>ὁ</span> <span class='ocrx_word' id='word_1_355' title='bbox 3637 1040 3802 1101; x_wconf 73' lang='grc' dir='ltr'>αὐτὸς</span> <span class='ocrx_word' id='word_1_356' title='bbox 3836 1042 4012 1113; x_wconf 82' lang='grc' dir='ltr'>Ἀμερ</span> 
     </span>
    </p>
   </div>
   <div class='ocr_carea' id='block_1_50' title="bbox 2421 1128 4013 1200">
    <p class='ocr_par' dir='ltr' id='par_1_50' title="bbox 2421 1128 4013 1200">
     <span class='ocr_line' id='line_1_50' title="bbox 2421 1128 4013 1200; baseline 0.001 -18"><span class='ocrx_word' id='word_1_357' title='bbox 2421 1130 2534 1192; x_wconf 85' lang='grc' dir='ltr'>τοῖς</span> <span class='ocrx_word' id='word_1_358' title='bbox 2594 1129 2918 1198; x_wconf 80' lang='grc' dir='ltr'>Ῥωμαϊκοῖς</span> <span class='ocrx_word' id='word_1_359' title='bbox 2967 1129 3134 1197; x_wconf 78' lang='grc' dir='ltr'>ὁρίοις</span> <span class='ocrx_word' id='word_1_360' title='bbox 3182 1128 3474 1196; x_wconf 74' lang='grc' dir='ltr'>ὲφάλλεται</span> <span class='ocrx_word' id='word_1_361' title='bbox 3517 1128 3663 1198; x_wconf 86' lang='grc'>(76),</span> <span class='ocrx_word' id='word_1_362' title='bbox 3714 1132 3807 1183; x_wconf 72' lang='grc' dir='ltr'>ἐπὶ</span> <span class='ocrx_word' id='word_1_363' title='bbox 3842 1140 3893 1200; x_wconf 86' lang='grc' dir='ltr'>μ’</span> <span class='ocrx_word' id='word_1_364' title='bbox 3929 1151 4013 1200; x_wconf 85' lang='grc' dir='ltr'><strong>χι-</strong></span> 
     </span>
    </p>
   </div>
   <div class='ocr_carea' id='block_1_51' title="bbox 2424 1210 4010 1289">
    <p class='ocr_par' dir='ltr' id='par_1_51' title="bbox 2424 1210 4010 1289">
     <span class='ocr_line' id='line_1_51' title="bbox 2424 1210 4010 1289; baseline 0.001 -19"><span class='ocrx_word' id='word_1_365' title='bbox 2424 1218 2569 1272; x_wconf 87' lang='grc' dir='ltr'>λιάσι</span> <span class='ocrx_word' id='word_1_366' title='bbox 2622 1216 3076 1288; x_wconf 84' lang='grc' dir='ltr'>μεγαλειούμενος</span> <span class='ocrx_word' id='word_1_367' title='bbox 3138 1216 3272 1286; x_wconf 86' lang='grc'>(77),</span> <span class='ocrx_word' id='word_1_368' title='bbox 3323 1216 3381 1281; x_wconf 82' lang='grc' dir='ltr'>ἐξ</span> <span class='ocrx_word' id='word_1_369' title='bbox 3430 1210 3504 1270; x_wconf 79' lang='grc' dir='ltr'>ὧν</span> <span class='ocrx_word' id='word_1_370' title='bbox 3539 1219 3598 1271; x_wconf 79' lang='grc' dir='ltr'><strong>τὸ</strong></span> <span class='ocrx_word' id='word_1_371' title='bbox 3643 1219 3752 1272; x_wconf 79' lang='grc' dir='ltr'><strong>τῶν</strong></span> <span class='ocrx_word' id='word_1_372' title='bbox 3807 1222 4010 1289; x_wconf 72' lang='grc' dir='ltr'>Ἀρμε›</span> 
     </span>
    </p>
   </div>
   <div class='ocr_carea' id='block_1_52' title="bbox 2425 1308 4010 1382">
    <p class='ocr_par' dir='ltr' id='par_1_52' title="bbox 2425 1308 4010 1382">
     <span class='ocr_line' id='line_1_52' title="bbox 2425 1308 4010 1382; baseline 0.002 -21"><span class='ocrx_word' id='word_1_373' title='bbox 2425 1308 2630 1362; x_wconf 81' lang='grc' dir='ltr'>νιακῶν</span> <span class='ocrx_word' id='word_1_374' title='bbox 2659 1309 2803 1376; x_wconf 86' lang='grc' dir='ltr'>θέμα</span> <span class='ocrx_word' id='word_1_375' title='bbox 2834 1313 3150 1361; x_wconf 76' lang='grc' dir='ltr'>παντάπασι</span> <span class='ocrx_word' id='word_1_376' title='bbox 3177 1308 3556 1379; x_wconf 87' lang='grc' dir='ltr'>διωλόθρευσε,</span> <span class='ocrx_word' id='word_1_377' title='bbox 3583 1312 4010 1382; x_wconf 74' lang='grc' dir='ltr'>παρεμϐαθύνας</span> 
     </span>
    </p>
   </div>
   <div class='ocr_carea' id='block_1_53' title="bbox 2429 1397 4010 1472">
    <p class='ocr_par' dir='ltr' id='par_1_53' title="bbox 2429 1397 4010 1472">
     <span class='ocr_line' id='line_1_53' title="bbox 2429 1397 4010 1472; baseline 0.001 -22"><span class='ocrx_word' id='word_1_378' title='bbox 2429 1398 2592 1469; x_wconf 85' lang='grc' dir='ltr'>μέχρι</span> <span class='ocrx_word' id='word_1_379' title='bbox 2637 1398 2738 1467; x_wconf 71' lang='grc' dir='ltr'>τῆς</span> <span class='ocrx_word' id='word_1_380' title='bbox 2793 1397 2930 1467; x_wconf 82' lang='grc' dir='ltr'>πρὸς</span> <span class='ocrx_word' id='word_1_381' title='bbox 2965 1397 3238 1450; x_wconf 87' lang='grc' dir='ltr'>θάλασσαν</span> <span class='ocrx_word' id='word_1_382' title='bbox 3281 1397 3538 1468; x_wconf 84' lang='grc' dir='ltr'>Ἀμινσοῦ</span> <span class='ocrx_word' id='word_1_383' title='bbox 3584 1399 3718 1469; x_wconf 82' lang='grc'>(78).</span> <span class='ocrx_word' id='word_1_384' title='bbox 3766 1402 3876 1454; x_wconf 77' lang='grc' dir='ltr'>Καὶ</span> <span class='ocrx_word' id='word_1_385' title='bbox 3914 1403 4010 1472; x_wconf 76' lang='grc' dir='ltr'>τὴν</span> 
     </span>
    </p>
   </div>
   <div class='ocr_carea' id='block_1_54' title="bbox 2425 1489 4010 1564">
    <p class='ocr_par' dir='ltr' id='par_1_54' title="bbox 2425 1489 4010 1564">
     <span class='ocr_line' id='line_1_54' title="bbox 2425 1489 4010 1564; baseline 0.004 -21"><span class='ocrx_word' id='word_1_386' title='bbox 2425 1489 2850 1562; x_wconf 82' lang='grc' dir='ltr'>πολυάνθρωπον</span> <span class='ocrx_word' id='word_1_387' title='bbox 2888 1492 3217 1561; x_wconf 76' lang='grc' dir='ltr'>τεθεαμένος</span> <span class='ocrx_word' id='word_1_388' title='bbox 3265 1494 3644 1564; x_wconf 72' lang='grc' dir='ltr'><strong>αἰχμαλωσίαν</strong></span> <span class='ocrx_word' id='word_1_389' title='bbox 3692 1496 3783 1548; x_wconf 76' lang='grc' dir='ltr'><strong>καὶ</strong></span> <span class='ocrx_word' id='word_1_390' title='bbox 3835 1497 4010 1564; x_wconf 65' lang='grc' dir='ltr'>λαφυ-</span> 
     </span>
    </p>
   </div>
   <div class='ocr_carea' id='block_1_55' title="bbox 2427 1578 4006 1656">
    <p class='ocr_par' dir='ltr' id='par_1_55' title="bbox 2427 1578 4006 1656">
     <span class='ocr_line' id='line_1_55' title="bbox 2427 1578 4006 1656; baseline 0.004 -20"><span class='ocrx_word' id='word_1_391' title='bbox 2427 1582 2706 1652; x_wconf 79' lang='grc' dir='ltr'>ραγωγίαν</span> <span class='ocrx_word' id='word_1_392' title='bbox 2739 1583 2940 1653; x_wconf 86' lang='grc' dir='ltr'>πολλὴν</span> <span class='ocrx_word' id='word_1_393' title='bbox 2967 1578 3041 1637; x_wconf 83' lang='grc' dir='ltr'>ὧν</span> <span class='ocrx_word' id='word_1_394' title='bbox 3077 1585 3304 1653; x_wconf 86' lang='grc' dir='ltr'>γέγονεν</span> <span class='ocrx_word' id='word_1_395' title='bbox 3324 1587 3619 1656; x_wconf 75' lang='grc' dir='ltr'>ἐγκρατὴς,</span> <span class='ocrx_word' id='word_1_396' title='bbox 3647 1588 3764 1648; x_wconf 82' lang='grc' dir='ltr'>ὅλος</span> <span class='ocrx_word' id='word_1_397' title='bbox 3797 1590 3841 1619; x_wconf 84' lang='grc'><strong>⁸⁹</strong></span> <span class='ocrx_word' id='word_1_398' title='bbox 3875 1591 4006 1642; x_wconf 78' lang='grc' dir='ltr'>καθ-</span> 
     </span>
    </p>
   </div>
   <div class='ocr_carea' id='block_1_56' title="bbox 2426 1673 4010 1752">
    <p class='ocr_par' dir='ltr' id='par_1_56' title="bbox 2426 1673 4010 1752">
     <span class='ocr_line' id='line_1_56' title="bbox 2426 1673 4010 1752; baseline 0.004 -28"><span class='ocrx_word' id='word_1_399' title='bbox 2426 1674 2655 1741; x_wconf 78' lang='grc' dir='ltr'>έστηκεν</span> <span class='ocrx_word' id='word_1_400' title='bbox 2683 1673 2950 1744; x_wconf 76' lang='grc' dir='ltr'>ἐκμανὴς,</span> <span class='ocrx_word' id='word_1_401' title='bbox 2979 1678 3044 1744; x_wconf 79' lang='grc' dir='ltr'>τῇ</span> <span class='ocrx_word' id='word_1_402' title='bbox 3070 1675 3316 1748; x_wconf 81' lang='grc' dir='ltr'>θαλάσσῃ</span> <span class='ocrx_word' id='word_1_403' title='bbox 3335 1677 3682 1747; x_wconf 70' lang='grc' dir='ltr'>περισχεθεὶς</span> <span class='ocrx_word' id='word_1_404' title='bbox 3711 1681 3809 1748; x_wconf 75' lang='grc' dir='ltr'>τῆς</span> <span class='ocrx_word' id='word_1_405' title='bbox 3839 1683 4010 1752; x_wconf 78' lang='grc' dir='ltr'>ἀπλή-</span> 
     </span>
    </p>
   </div>
   <div class='ocr_carea' id='block_1_57' title="bbox 2427 1765 4008 1837">
    <p class='ocr_par' dir='ltr' id='par_1_57' title="bbox 2427 1765 4008 1837">
     <span class='ocr_line' id='line_1_57' title="bbox 2427 1765 4008 1837; baseline 0.004 -22"><span class='ocrx_word' id='word_1_406' title='bbox 2427 1780 2553 1817; x_wconf 92' lang='grc' dir='ltr'>στου</span> <span class='ocrx_word' id='word_1_407' title='bbox 2580 1767 2772 1835; x_wconf 79' lang='grc' dir='ltr'>φορᾶς,</span> <span class='ocrx_word' id='word_1_408' title='bbox 2802 1767 2896 1817; x_wconf 69' lang='grc' dir='ltr'><strong>καὶ</strong></span> <span class='ocrx_word' id='word_1_409' title='bbox 2921 1765 3000 1836; x_wconf 82' lang='grc' dir='ltr'>τῷ</span> <span class='ocrx_word' id='word_1_410' title='bbox 3029 1766 3146 1837; x_wconf 86' lang='grc' dir='ltr'>ίδίῳ</span> <span class='ocrx_word' id='word_1_411' title='bbox 3174 1767 3288 1837; x_wconf 83' lang='grc' dir='ltr'>λαῷ</span> <span class='ocrx_word' id='word_1_412' title='bbox 3313 1769 3426 1836; x_wconf 88' lang='lat'><strong>(79)</strong></span> <span class='ocrx_word' id='word_1_413' title='bbox 3460 1768 3626 1832; x_wconf 78' lang='grc' dir='ltr'>ὀξέως</span> <span class='ocrx_word' id='word_1_414' title='bbox 3651 1769 4008 1822; x_wconf 80' lang='grc' dir='ltr'>διενετείλατο</span> 
     </span>
    </p>
   </div>
   <div class='ocr_carea' id='block_1_58' title="bbox 2426 1855 4008 1926">
    <p class='ocr_par' dir='ltr' id='par_1_58' title="bbox 2426 1855 4008 1926">
     <span class='ocr_line' id='line_1_58' title="bbox 2426 1855 4008 1926; baseline 0.003 -18"><span class='ocrx_word' id='word_1_415' title='bbox 2426 1857 2714 1920; x_wconf 87' lang='grc' dir='ltr'>κοπείσαις</span> <span class='ocrx_word' id='word_1_416' title='bbox 2766 1856 2982 1926; x_wconf 75' lang='grc' dir='ltr'>ῥάϐδοις</span> <span class='ocrx_word' id='word_1_417' title='bbox 3033 1855 3198 1926; x_wconf 82' lang='grc' dir='ltr'>τύψαι</span> <span class='ocrx_word' id='word_1_418' title='bbox 3253 1857 3354 1926; x_wconf 84' lang='grc' dir='ltr'><strong>τὴν</strong></span> <span class='ocrx_word' id='word_1_419' title='bbox 3394 1857 3668 1912; x_wconf 77' lang='grc' dir='ltr'>θάλασσαν</span> <span class='ocrx_word' id='word_1_420' title='bbox 3718 1859 3945 1926; x_wconf 85' lang='grc' dir='ltr'>(καθὼς</span> <span class='ocrx_word' id='word_1_421' title='bbox 3983 1862 4008 1912; x_wconf 83' lang='grc' dir='ltr'>ὸ</span> 
     </span>
    </p>
   </div>
   <div class='ocr_carea' id='block_1_59' title="bbox 2425 1947 4007 2022">
    <p class='ocr_par' dir='ltr' id='par_1_59' title="bbox 2425 1947 4007 2022">
     <span class='ocr_line' id='line_1_59' title="bbox 2425 1947 4007 2022; baseline 0.002 -20"><span class='ocrx_word' id='word_1_422' title='bbox 2425 1947 2634 2019; x_wconf 80' lang='grc' dir='ltr'>Ξέρξης</span> <span class='ocrx_word' id='word_1_423' title='bbox 2668 1948 2811 2002; x_wconf 84' lang='grc' dir='ltr'>κατὰ</span> <span class='ocrx_word' id='word_1_424' title='bbox 2862 1948 2924 2002; x_wconf 80' lang='grc' dir='ltr'>τὸ</span> <span class='ocrx_word' id='word_1_425' title='bbox 2966 1948 3103 2019; x_wconf 84' lang='grc' dir='ltr'>πρὸς</span> <span class='ocrx_word' id='word_1_426' title='bbox 3158 1948 3553 2020; x_wconf 82' lang='grc' dir='ltr'>Ἑλλήσποντον</span> <span class='ocrx_word' id='word_1_427' title='bbox 3597 1951 3814 2021; x_wconf 79' lang='grc' dir='ltr'>ζεῦγμα</span> <span class='ocrx_word' id='word_1_428' title='bbox 3858 1953 4007 2022; x_wconf 81' lang='grc' dir='ltr'>σιδη-</span> 
     </span>
    </p>
   </div>
   <div class='ocr_carea' id='block_1_60' title="bbox 2429 2042 4006 2113">
    <p class='ocr_par' dir='ltr' id='par_1_60' title="bbox 2429 2042 4006 2113">
     <span class='ocr_line' id='line_1_60' title="bbox 2429 2042 4006 2113; baseline 0.002 -18"><span class='ocrx_word' id='word_1_429' title='bbox 2429 2046 2542 2113; x_wconf 77' lang='grc' dir='ltr'>ροῖς</span> <span class='ocrx_word' id='word_1_430' title='bbox 2585 2042 2698 2111; x_wconf 87' lang='grc'>(80)</span> <span class='ocrx_word' id='word_1_431' title='bbox 2756 2042 2961 2112; x_wconf 80' lang='grc' dir='ltr'>ταύτην</span> <span class='ocrx_word' id='word_1_432' title='bbox 3013 2042 3364 2113; x_wconf 80' lang='grc' dir='ltr'>ὲμάστιξεν),</span> <span class='ocrx_word' id='word_1_433' title='bbox 3413 2044 3689 2096; x_wconf 71' lang='grc' dir='ltr'>ἐπειπών·</span> <span class='ocrx_word' id='word_1_434' title='bbox 3738 2064 3754 2095; x_wconf 86' lang='grc'><strong><em>‹</em></strong></span> <span class='ocrx_word' id='word_1_435' title='bbox 3797 2047 3918 2098; x_wconf 83' lang='grc' dir='ltr'>Ἵνα</span> <span class='ocrx_word' id='word_1_436' title='bbox 3960 2049 4006 2098; x_wconf 88' lang='grc' dir='ltr'><strong>τί</strong></span> 
     </span>
    </p>
   </div>
   <div class='ocr_carea' id='block_1_61' title="bbox 2423 2131 4007 2207">
    <p class='ocr_par' dir='ltr' id='par_1_61' title="bbox 2423 2131 4007 2207">
     <span class='ocr_line' id='line_1_61' title="bbox 2423 2131 4007 2207; baseline 0 -20"><span class='ocrx_word' id='word_1_437' title='bbox 2423 2133 2595 2203; x_wconf 75' lang='grc' dir='ltr'>αὐτὴν</span> <span class='ocrx_word' id='word_1_438' title='bbox 2631 2131 2868 2204; x_wconf 72' lang='grc' dir='ltr'>εὕρομεν</span> <span class='ocrx_word' id='word_1_439' title='bbox 2922 2131 3145 2199; x_wconf 83' lang='grc' dir='ltr'>ὲνθάδε;</span> <span class='ocrx_word' id='word_1_440' title='bbox 3198 2134 3294 2188; x_wconf 77' lang='grc' dir='ltr'>καὶ</span> <span class='ocrx_word' id='word_1_441' title='bbox 3346 2134 3432 2187; x_wconf 77' lang='grc' dir='ltr'>ἵνα</span> <span class='ocrx_word' id='word_1_442' title='bbox 3480 2133 3645 2205; x_wconf 79' lang='grc' dir='ltr'>τίμὴ</span> <span class='ocrx_word' id='word_1_443' title='bbox 3695 2137 4007 2207; x_wconf 76' lang='grc' dir='ltr'>περαιτέρω</span> 
     </span>
    </p>
   </div>
   <div class='ocr_carea' id='block_1_62' title="bbox 2423 2225 4006 2300">
    <p class='ocr_par' dir='ltr' id='par_1_62' title="bbox 2423 2225 4006 2300">
     <span class='ocr_line' id='line_1_62' title="bbox 2423 2225 4006 2300; baseline 0.003 -23"><span class='ocrx_word' id='word_1_444' title='bbox 2423 2225 2816 2295; x_wconf 78' lang='grc' dir='ltr'>λεηλατοῦντες</span> <span class='ocrx_word' id='word_1_445' title='bbox 2847 2225 2974 2288; x_wconf 76' lang='grc' dir='ltr'>τοὺς</span> <span class='ocrx_word' id='word_1_446' title='bbox 2995 2225 3300 2296; x_wconf 71' lang='grc' dir='ltr'>ἐγχωρίους</span> <span class='ocrx_word' id='word_1_447' title='bbox 3327 2227 3683 2298; x_wconf 81' lang='grc' dir='ltr'>προέϐημεν;</span> <span class='ocrx_word' id='word_1_448' title='bbox 3725 2248 3742 2278; x_wconf 73' lang='grc' dir='ltr'><strong>ι</strong></span> <span class='ocrx_word' id='word_1_449' title='bbox 3783 2229 3921 2300; x_wconf 74' lang='grc' dir='ltr'>Περὶ</span> <span class='ocrx_word' id='word_1_450' title='bbox 3954 2230 4006 2282; x_wconf 81' lang='grc' dir='ltr'><strong>δὲ</strong></span> 
     </span>
    </p>
   </div>
   <div class='ocr_carea' id='block_1_63' title="bbox 2421 2315 4006 2389">
    <p class='ocr_par' dir='ltr' id='par_1_63' title="bbox 2421 2315 4006 2389">
     <span class='ocr_line' id='line_1_63' title="bbox 2421 2315 4006 2389; baseline 0.003 -22"><span class='ocrx_word' id='word_1_451' title='bbox 2421 2315 2522 2383; x_wconf 83' lang='grc' dir='ltr'><strong>τῆς</strong></span> <span class='ocrx_word' id='word_1_452' title='bbox 2573 2315 2839 2386; x_wconf 81' lang='grc' dir='ltr'>πλείστης</span> <span class='ocrx_word' id='word_1_453' title='bbox 2868 2316 3249 2386; x_wconf 77' lang='grc' dir='ltr'>αἰχμαλωσίας</span> <span class='ocrx_word' id='word_1_454' title='bbox 3283 2318 3632 2388; x_wconf 84' lang='grc' dir='ltr'>πεπυσμένος</span> <span class='ocrx_word' id='word_1_455' title='bbox 3673 2320 3702 2371; x_wconf 85' lang='grc' dir='ltr'>ὁ</span> <span class='ocrx_word' id='word_1_456' title='bbox 3751 2319 4006 2389; x_wconf 73' lang='grc' dir='ltr'>βασιλεὶς</span> 
     </span>
    </p>
   </div>
   <div class='ocr_carea' id='block_1_64' title="bbox 2423 2405 4007 2482">
    <p class='ocr_par' dir='ltr' id='par_1_64' title="bbox 2423 2405 4007 2482">
     <span class='ocr_line' id='line_1_64' title="bbox 2423 2405 4007 2482; baseline 0.001 -20"><span class='ocrx_word' id='word_1_457' title='bbox 2423 2408 2778 2480; x_wconf 79' lang='grc' dir='ltr'>δυσφορήτως</span> <span class='ocrx_word' id='word_1_458' title='bbox 2822 2405 2938 2480; x_wconf 75' lang='grc' dir='ltr'>εἶχε</span> <span class='ocrx_word' id='word_1_459' title='bbox 2981 2410 3075 2464; x_wconf 77' lang='grc' dir='ltr'><strong>καὶ</strong></span> <span class='ocrx_word' id='word_1_460' title='bbox 3120 2411 3333 2480; x_wconf 56' lang='lat' dir='ltr'><strong>inuito,</strong></span> <span class='ocrx_word' id='word_1_461' title='bbox 3369 2411 3465 2464; x_wconf 73' lang='grc' dir='ltr'><strong>καὶ</strong></span> <span class='ocrx_word' id='word_1_462' title='bbox 3512 2412 3626 2474; x_wconf 82' lang='grc' dir='ltr'>τοῖς</span> <span class='ocrx_word' id='word_1_463' title='bbox 3674 2411 4007 2482; x_wconf 70' lang='grc' dir='ltr'>ὑποχειρίοις</span> 
     </span>
    </p>
   </div>
   <div class='ocr_carea' id='block_1_65' title="bbox 2424 2501 4007 2575">
    <p class='ocr_par' dir='ltr' id='par_1_65' title="bbox 2424 2501 4007 2575">
     <span class='ocr_line' id='line_1_65' title="bbox 2424 2501 4007 2575; baseline 0.002 -22"><span class='ocrx_word' id='word_1_464' title='bbox 2424 2501 2928 2572; x_wconf 80' lang='grc' dir='ltr'>ὲντραπεζούμενος</span> <span class='ocrx_word' id='word_1_465' title='bbox 2958 2502 3187 2556; x_wconf 81' lang='grc' dir='ltr'>τοιαῦτά</span> <span class='ocrx_word' id='word_1_466' title='bbox 3221 2517 3421 2572; x_wconf 84' lang='grc' dir='ltr'>φησιν’</span> <span class='ocrx_word' id='word_1_467' title='bbox 3458 2524 3474 2553; x_wconf 74' lang='grc' dir='ltr'><strong>ι</strong></span> <span class='ocrx_word' id='word_1_468' title='bbox 3498 2505 3656 2574; x_wconf 81' lang='grc' dir='ltr'>Οἶμοι</span> <span class='ocrx_word' id='word_1_469' title='bbox 3698 2507 3868 2574; x_wconf 79' lang='grc' dir='ltr'>οἴμοι,</span> <span class='ocrx_word' id='word_1_470' title='bbox 3913 2507 4007 2575; x_wconf 62' lang='grc' dir='ltr'>οὐχ</span> 
     </span>
    </p>
   </div>
   <div class='ocr_carea' id='block_1_66' title="bbox 2422 2592 4008 2666">
    <p class='ocr_par' dir='ltr' id='par_1_66' title="bbox 2422 2592 4008 2666">
     <span class='ocr_line' id='line_1_66' title="bbox 2422 2592 4008 2666; baseline 0.002 -22"><span class='ocrx_word' id='word_1_471' title='bbox 2422 2592 2651 2663; x_wconf 83' lang='grc' dir='ltr'>εὕρηταί</span> <span class='ocrx_word' id='word_1_472' title='bbox 2685 2609 2770 2655; x_wconf 87' lang='grc' dir='ltr'><strong>τις</strong></span> <span class='ocrx_word' id='word_1_473' title='bbox 2808 2593 3110 2664; x_wconf 86' lang='grc' dir='ltr'>ἀνθρώπων</span> <span class='ocrx_word' id='word_1_474' title='bbox 3139 2593 3198 2657; x_wconf 89' lang='grc' dir='ltr'>ὂς</span> <span class='ocrx_word' id='word_1_475' title='bbox 3230 2593 3370 2665; x_wconf 79' lang='grc' dir='ltr'>πρὸς</span> <span class='ocrx_word' id='word_1_476' title='bbox 3397 2594 3497 2665; x_wconf 82' lang='grc' dir='ltr'>τὴν</span> <span class='ocrx_word' id='word_1_477' title='bbox 3533 2594 3816 2666; x_wconf 82' lang='grc' dir='ltr'>βασιλείαν</span> <span class='ocrx_word' id='word_1_478' title='bbox 3851 2597 4008 2666; x_wconf 78' lang='grc' dir='ltr'>ἡμῶν</span> 
     </span>
    </p>
   </div>
   <div class='ocr_carea' id='block_1_67' title="bbox 2425 2685 4006 2758">
    <p class='ocr_par' dir='ltr' id='par_1_67' title="bbox 2425 2685 4006 2758">
     <span class='ocr_line' id='line_1_67' title="bbox 2425 2685 4006 2758; baseline 0.001 -20"><span class='ocrx_word' id='word_1_479' title='bbox 2425 2686 2517 2738; x_wconf 75' lang='grc' dir='ltr'>καὶ</span> <span class='ocrx_word' id='word_1_480' title='bbox 2551 2685 2689 2754; x_wconf 76' lang='grc' dir='ltr'>πρὸς</span> <span class='ocrx_word' id='word_1_481' title='bbox 2713 2687 3076 2756; x_wconf 75' lang='grc' dir='ltr'>Χριστιανοὺς</span> <span class='ocrx_word' id='word_1_482' title='bbox 3107 2685 3330 2757; x_wconf 82' lang='grc' dir='ltr'>ἀγάπην</span> <span class='ocrx_word' id='word_1_483' title='bbox 3363 2687 3632 2758; x_wconf 82' lang='grc' dir='ltr'>εἰλικρινῆ</span> <span class='ocrx_word' id='word_1_484' title='bbox 3663 2687 3898 2741; x_wconf 80' lang='grc' dir='ltr'>διασώσε</span> <span class='ocrx_word' id='word_1_485' title='bbox 3912 2706 4006 2752; x_wconf 88' lang='grc' dir='ltr'>ιεν,</span> 
     </span>
    </p>
   </div>
   <div class='ocr_carea' id='block_1_68' title="bbox 2421 2773 4010 2847">
    <p class='ocr_par' dir='ltr' id='par_1_68' title="bbox 2421 2773 4010 2847">
     <span class='ocr_line' id='line_1_68' title="bbox 2421 2773 4010 2847; baseline 0.001 -20"><span class='ocrx_word' id='word_1_486' title='bbox 2421 2773 2497 2837; x_wconf 85' lang='grc' dir='ltr'>ὡς</span> <span class='ocrx_word' id='word_1_487' title='bbox 2523 2775 2736 2828; x_wconf 69' lang='grc' dir='ltr'>ἐνθένδε</span> <span class='ocrx_word' id='word_1_488' title='bbox 2768 2774 3274 2846; x_wconf 73' lang='grc' dir='ltr'>προθυμοποιηθεὶς</span> <span class='ocrx_word' id='word_1_489' title='bbox 3315 2775 3544 2830; x_wconf 83' lang='grc' dir='ltr'>ἀπέλθοι</span> <span class='ocrx_word' id='word_1_490' title='bbox 3583 2777 3682 2831; x_wconf 79' lang='grc' dir='ltr'>καὶ</span> <span class='ocrx_word' id='word_1_491' title='bbox 3714 2778 3794 2847; x_wconf 81' lang='grc' dir='ltr'><strong>τῷ</strong></span> <span class='ocrx_word' id='word_1_492' title='bbox 3823 2778 4010 2831; x_wconf 81' lang='grc' dir='ltr'>ἀσεϐεῖ</span> 
     </span>
    </p>
   </div>
   <div class='ocr_carea' id='block_1_69' title="bbox 2423 2865 4006 2938">
    <p class='ocr_par' dir='ltr' id='par_1_69' title="bbox 2423 2865 4006 2938">
     <span class='ocr_line' id='line_1_69' title="bbox 2423 2865 4006 2938; baseline 0.001 -19"><span class='ocrx_word' id='word_1_493' title='bbox 2423 2865 2786 2937; x_wconf 78' lang='grc' dir='ltr'>πολεμήσειεν</span> <span class='ocrx_word' id='word_1_494' title='bbox 2829 2868 3029 2938; x_wconf 82' lang='grc' dir='ltr'>Ἀμερ.</span> <span class='ocrx_word' id='word_1_495' title='bbox 3065 2885 3083 2918; x_wconf 75' lang='grc' dir='ltr'><strong>ι</strong></span> <span class='ocrx_word' id='word_1_496' title='bbox 3135 2867 3324 2932; x_wconf 82' lang='grc' dir='ltr'>Οὕτως</span> <span class='ocrx_word' id='word_1_497' title='bbox 3379 2868 3472 2922; x_wconf 81' lang='grc' dir='ltr'>τοῦ</span> <span class='ocrx_word' id='word_1_498' title='bbox 3511 2869 3775 2938; x_wconf 84' lang='grc' dir='ltr'>βασιλέως</span> <span class='ocrx_word' id='word_1_499' title='bbox 3828 2870 4006 2922; x_wconf 87' lang='grc' dir='ltr'>διατε-</span> 
     </span>
    </p>
   </div>
   <div class='ocr_carea' id='block_1_70' title="bbox 2423 2957 4007 3031">
    <p class='ocr_par' dir='ltr' id='par_1_70' title="bbox 2423 2957 4007 3031">
     <span class='ocr_line' id='line_1_70' title="bbox 2423 2957 4007 3031; baseline 0.002 -21"><span class='ocrx_word' id='word_1_500' title='bbox 2423 2957 2607 3020; x_wconf 88' lang='grc' dir='ltr'>θέντος</span> <span class='ocrx_word' id='word_1_501' title='bbox 2665 2957 2864 3029; x_wconf 80' lang='grc' dir='ltr'>ἀνέστη</span> <span class='ocrx_word' id='word_1_502' title='bbox 2927 2960 3219 3030; x_wconf 77' lang='grc' dir='ltr'>Πετρωνᾶς</span> <span class='ocrx_word' id='word_1_503' title='bbox 3253 2961 3280 3013; x_wconf 78' lang='grc' dir='ltr'><strong>ὁ</strong></span> <span class='ocrx_word' id='word_1_504' title='bbox 3328 2959 3615 3031; x_wconf 85' lang='grc' dir='ltr'>Θεοδώρας</span> <span class='ocrx_word' id='word_1_505' title='bbox 3676 2961 3771 3014; x_wconf 68' lang='grc' dir='ltr'><strong>καὶ</strong></span> <span class='ocrx_word' id='word_1_506' title='bbox 3826 2961 4007 3030; x_wconf 77' lang='grc' dir='ltr'>Βάρδα</span> 
     </span>
    </p>
   </div>
   <div class='ocr_carea' id='block_1_71' title="bbox 2421 3049 4005 3123">
    <p class='ocr_par' dir='ltr' id='par_1_71' title="bbox 2421 3049 4005 3123">
     <span class='ocr_line' id='line_1_71' title="bbox 2421 3049 4005 3123; baseline 0.003 -22"><span class='ocrx_word' id='word_1_507' title='bbox 2421 3049 2754 3118; x_wconf 81' lang='grc' dir='ltr'>αὑτάδελφος</span> <span class='ocrx_word' id='word_1_508' title='bbox 2795 3050 2930 3121; x_wconf 90' lang='grc'>(81),</span> <span class='ocrx_word' id='word_1_509' title='bbox 2981 3053 3078 3105; x_wconf 69' lang='grc' dir='ltr'>καὶ</span> <span class='ocrx_word' id='word_1_510' title='bbox 3107 3053 3243 3123; x_wconf 80' lang='grc' dir='ltr'>πρὸς</span> <span class='ocrx_word' id='word_1_511' title='bbox 3276 3053 3369 3106; x_wconf 78' lang='grc' dir='ltr'><strong>τὸν</strong></span> <span class='ocrx_word' id='word_1_512' title='bbox 3406 3053 3630 3123; x_wconf 79' lang='grc' dir='ltr'>βασιλέα</span> <span class='ocrx_word' id='word_1_513' title='bbox 3688 3054 3876 3120; x_wconf 60' lang='grc' dir='ltr'>φησιν,</span> <span class='ocrx_word' id='word_1_514' title='bbox 3928 3054 4005 3105; x_wconf 78' lang='grc' dir='ltr'><strong>ὅτι</strong></span> 
     </span>
    </p>
   </div>
   <div class='ocr_carea' id='block_1_72' title="bbox 2428 3141 4007 3215">
    <p class='ocr_par' dir='ltr' id='par_1_72' title="bbox 2428 3141 4007 3215">
     <span class='ocr_line' id='line_1_72' title="bbox 2428 3141 4007 3215; baseline 0.002 -24"><span class='ocrx_word' id='word_1_515' title='bbox 2428 3158 2448 3191; x_wconf 75' lang='grc' dir='ltr'><strong>ι</strong></span> <span class='ocrx_word' id='word_1_516' title='bbox 2492 3141 2797 3212; x_wconf 85' lang='grc' dir='ltr'>’Υπηκόους</span> <span class='ocrx_word' id='word_1_517' title='bbox 2823 3141 2923 3211; x_wconf 85' lang='grc' dir='ltr'>μὲν</span> <span class='ocrx_word' id='word_1_518' title='bbox 2949 3143 3176 3206; x_wconf 85' lang='grc' dir='ltr'>πολλοὺς</span> <span class='ocrx_word' id='word_1_519' title='bbox 3201 3147 3266 3214; x_wconf 81' lang='grc' dir='ltr'>τῇ</span> <span class='ocrx_word' id='word_1_520' title='bbox 3299 3148 3365 3215; x_wconf 82' lang='grc' dir='ltr'><strong>σῇ</strong></span> <span class='ocrx_word' id='word_1_521' title='bbox 3392 3145 3730 3214; x_wconf 77' lang='grc' dir='ltr'>μεγαλοδόξῳ</span> <span class='ocrx_word' id='word_1_522' title='bbox 3757 3145 4007 3214; x_wconf 72' lang='grc' dir='ltr'>βασιλείᾳ</span> 
     </span>
    </p>
   </div>
   <div class='ocr_carea' id='block_1_73' title="bbox 2423 3227 4005 3304">
    <p class='ocr_par' dir='ltr' id='par_1_73' title="bbox 2423 3227 4005 3304">
     <span class='ocr_line' id='line_1_73' title="bbox 2423 3227 4005 3304; baseline 0.003 -23"><span class='ocrx_word' id='word_1_523' title='bbox 2423 3227 2657 3282; x_wconf 87' lang='grc' dir='ltr'>δέδωκεν</span> <span class='ocrx_word' id='word_1_524' title='bbox 2676 3230 2704 3281; x_wconf 85' lang='grc' dir='ltr'><strong>ὁ</strong></span> <span class='ocrx_word' id='word_1_525' title='bbox 2717 3230 2871 3296; x_wconf 81' lang='grc' dir='ltr'>Θεὸς,</span> <span class='ocrx_word' id='word_1_526' title='bbox 2885 3232 3080 3295; x_wconf 79' lang='grc' dir='ltr'>οἵτινες</span> <span class='ocrx_word' id='word_1_527' title='bbox 3097 3233 3326 3287; x_wconf 76' lang='grc' dir='ltr'>πλεῖστά</span> <span class='ocrx_word' id='word_1_528' title='bbox 3340 3252 3399 3286; x_wconf 91' lang='grc' dir='ltr'><strong>σε</strong></span> <span class='ocrx_word' id='word_1_529' title='bbox 3419 3235 3728 3304; x_wconf 83' lang='grc' dir='ltr'>στέργουσι,</span> <span class='ocrx_word' id='word_1_530' title='bbox 3744 3235 4005 3299; x_wconf 80' lang='grc' dir='ltr'>δέσποτα,</span> 
     </span>
    </p>
   </div>
   <div class='ocr_carea' id='block_1_74' title="bbox 2425 3321 4004 3395">
    <p class='ocr_par' dir='ltr' id='par_1_74' title="bbox 2425 3321 4004 3395">
     <span class='ocr_line' id='line_1_74' title="bbox 2425 3321 4004 3395; baseline 0.002 -23"><span class='ocrx_word' id='word_1_531' title='bbox 2425 3321 2868 3392; x_wconf 85' lang='grc' dir='ltr'>προτεθύμηνται</span> <span class='ocrx_word' id='word_1_532' title='bbox 2885 3323 2942 3376; x_wconf 82' lang='grc' dir='ltr'>δὲ</span> <span class='ocrx_word' id='word_1_533' title='bbox 2964 3324 3060 3376; x_wconf 80' lang='grc' dir='ltr'><strong>καὶ</strong></span> <span class='ocrx_word' id='word_1_534' title='bbox 3085 3325 3224 3393; x_wconf 82' lang='grc' dir='ltr'>ὑπὲρ</span> <span class='ocrx_word' id='word_1_535' title='bbox 3242 3325 3340 3394; x_wconf 86' lang='grc' dir='ltr'>τῆς</span> <span class='ocrx_word' id='word_1_536' title='bbox 3372 3328 3470 3395; x_wconf 79' lang='grc' dir='ltr'>σῆς</span> <span class='ocrx_word' id='word_1_537' title='bbox 3491 3327 3712 3394; x_wconf 79' lang='grc' dir='ltr'>ἀγάπης</span> <span class='ocrx_word' id='word_1_538' title='bbox 3730 3325 4004 3378; x_wconf 74' lang='grc' dir='ltr'>τεθνάναιο</span> 
     </span>
    </p>
   </div>
   <div class='ocr_carea' id='block_1_75' title="bbox 2424 3415 4006 3487">
    <p class='ocr_par' dir='ltr' id='par_1_75' title="bbox 2424 3415 4006 3487">
     <span class='ocr_line' id='line_1_75' title="bbox 2424 3415 4006 3487; baseline 0.001 -19"><span class='ocrx_word' id='word_1_539' title='bbox 2424 3415 2564 3485; x_wconf 81' lang='grc' dir='ltr'>πλὴν</span> <span class='ocrx_word' id='word_1_540' title='bbox 2578 3418 2691 3478; x_wconf 88' lang='grc' dir='ltr'>τοῖς</span> <span class='ocrx_word' id='word_1_541' title='bbox 2723 3415 2982 3484; x_wconf 84' lang='grc' dir='ltr'>πολέμοις</span> <span class='ocrx_word' id='word_1_542' title='bbox 3004 3417 3132 3469; x_wconf 79' lang='grc' dir='ltr'>ποτὲ</span> <span class='ocrx_word' id='word_1_543' title='bbox 3156 3416 3256 3486; x_wconf 81' lang='grc' dir='ltr'>μὲν</span> <span class='ocrx_word' id='word_1_544' title='bbox 3279 3418 3548 3487; x_wconf 75' lang='grc' dir='ltr'>εὐτυχίαι,</span> <span class='ocrx_word' id='word_1_545' title='bbox 3570 3420 3701 3470; x_wconf 82' lang='grc' dir='ltr'>ποτὲ</span> <span class='ocrx_word' id='word_1_546' title='bbox 3725 3419 3781 3471; x_wconf 75' lang='grc' dir='ltr'>δὲ</span> <span class='ocrx_word' id='word_1_547' title='bbox 3814 3419 4006 3471; x_wconf 77' lang='grc' dir='ltr'>δυστυ·</span> 
     </span>
    </p>
   </div>
   <div class='ocr_carea' id='block_1_76' title="bbox 2424 3506 4004 3578">
    <p class='ocr_par' dir='ltr' id='par_1_76' title="bbox 2424 3506 4004 3578">
     <span class='ocr_line' id='line_1_76' title="bbox 2424 3506 4004 3578; baseline -0.001 -18"><span class='ocrx_word' id='word_1_548' title='bbox 2424 3508 2543 3576; x_wconf 85' lang='grc' dir='ltr'>χίαι</span> <span class='ocrx_word' id='word_1_549' title='bbox 2577 3506 2992 3577; x_wconf 85' lang='grc' dir='ltr'>συμϐαίνουσιν·</span> <span class='ocrx_word' id='word_1_550' title='bbox 3033 3507 3131 3578; x_wconf 83' lang='grc' dir='ltr'>τὴν</span> <span class='ocrx_word' id='word_1_551' title='bbox 3157 3508 3213 3560; x_wconf 78' lang='grc' dir='ltr'>δὲ</span> <span class='ocrx_word' id='word_1_552' title='bbox 3237 3509 3394 3578; x_wconf 87' lang='grc' dir='ltr'>νίκην</span> <span class='ocrx_word' id='word_1_553' title='bbox 3425 3509 3804 3561; x_wconf 77' lang='grc' dir='ltr'>ἀνενδοίαστον</span> <span class='ocrx_word' id='word_1_554' title='bbox 3835 3509 4004 3570; x_wconf 69' lang='grc' dir='ltr'>οὐδεὶς</span> 
     </span>
    </p>
   </div>
   <div class='ocr_carea' id='block_1_77' title="bbox 2423 3598 4004 3670">
    <p class='ocr_par' dir='ltr' id='par_1_77' title="bbox 2423 3598 4004 3670">
     <span class='ocr_line' id='line_1_77' title="bbox 2423 3598 4004 3670; baseline 0 -18"><span class='ocrx_word' id='word_1_555' title='bbox 2423 3598 2730 3670; x_wconf 82' lang='grc' dir='ltr'>ἀνθρώπων</span> <span class='ocrx_word' id='word_1_556' title='bbox 2765 3599 3074 3664; x_wconf 82' lang='grc' dir='ltr'>ἐπίσταται,</span> <span class='ocrx_word' id='word_1_557' title='bbox 3101 3601 3148 3652; x_wconf 87' lang='grc' dir='ltr'>εί</span> <span class='ocrx_word' id='word_1_558' title='bbox 3176 3600 3251 3670; x_wconf 78' lang='grc' dir='ltr'>μὴ</span> <span class='ocrx_word' id='word_1_559' title='bbox 3301 3601 3446 3670; x_wconf 85' lang='grc' dir='ltr'>μόνῳ</span> <span class='ocrx_word' id='word_1_560' title='bbox 3490 3600 3629 3670; x_wconf 76' lang='grc' dir='ltr'>αὕτη</span> <span class='ocrx_word' id='word_1_561' title='bbox 3658 3599 3780 3670; x_wconf 80' lang='grc' dir='ltr'>Θεῷ</span> <span class='ocrx_word' id='word_1_562' title='bbox 3821 3602 4004 3669; x_wconf 73' lang='grc' dir='ltr'>προδι-</span> 
     </span>
    </p>
   </div>
   <div class='ocr_carea' id='block_1_78' title="bbox 2423 3691 4001 3761">
    <p class='ocr_par' dir='ltr' id='par_1_78' title="bbox 2423 3691 4001 3761">
     <span class='ocr_line' id='line_1_78' title="bbox 2423 3691 4001 3761; baseline 0 -17"><span class='ocrx_word' id='word_1_563' title='bbox 2423 3692 2712 3758; x_wconf 85' lang='grc' dir='ltr'>έγνωσται.</span> <span class='ocrx_word' id='word_1_564' title='bbox 2750 3709 2768 3741; x_wconf 84' lang='grc'>›</span> <span class='ocrx_word' id='word_1_565' title='bbox 2807 3691 2897 3743; x_wconf 76' lang='grc' dir='ltr'><strong>Διὸ</strong></span> <span class='ocrx_word' id='word_1_566' title='bbox 2921 3691 3058 3761; x_wconf 74' lang='grc' dir='ltr'>πρὸς</span> <span class='ocrx_word' id='word_1_567' title='bbox 3079 3691 3251 3745; x_wconf 84' lang='grc' dir='ltr'>ταῦτα</span> <span class='ocrx_word' id='word_1_568' title='bbox 3293 3693 3320 3744; x_wconf 82' lang='grc' dir='ltr'><strong>ό</strong></span> <span class='ocrx_word' id='word_1_569' title='bbox 3351 3691 3604 3760; x_wconf 77' lang='grc' dir='ltr'>βασιλεὺς</span> <span class='ocrx_word' id='word_1_570' title='bbox 3633 3694 4001 3760; x_wconf 81' lang='grc' dir='ltr'>ἀπεκρίνατο·</span> 
     </span>
    </p>
   </div>
   <div class='ocr_carea' id='block_1_79' title="bbox 2427 3777 4003 3855">
    <p class='ocr_par' dir='ltr' id='par_1_79' title="bbox 2427 3777 4003 3855">
     <span class='ocr_line' id='line_1_79' title="bbox 2427 3777 4003 3855; baseline 0.001 -20"><span class='ocrx_word' id='word_1_571' title='bbox 2427 3783 2680 3846; x_wconf 71' lang='grc' dir='ltr'>«Λοιπὸν,</span> <span class='ocrx_word' id='word_1_572' title='bbox 2700 3777 2744 3836; x_wconf 79' lang='grc' dir='ltr'>ὦ</span> <span class='ocrx_word' id='word_1_573' title='bbox 2762 3784 3041 3852; x_wconf 81' lang='grc' dir='ltr'>Πετρωνᾶ,</span> <span class='ocrx_word' id='word_1_574' title='bbox 3070 3786 3305 3855; x_wconf 84' lang='grc' dir='ltr'>προαιρῇ</span> <span class='ocrx_word' id='word_1_575' title='bbox 3328 3784 3546 3836; x_wconf 85' lang='grc' dir='ltr'>ἀπιέναι</span> <span class='ocrx_word' id='word_1_576' title='bbox 3564 3785 3658 3836; x_wconf 74' lang='grc' dir='ltr'>κα).</span> <span class='ocrx_word' id='word_1_577' title='bbox 3677 3785 4003 3853; x_wconf 73' lang='grc' dir='ltr'>προσϐαλεῖν</span> 
     </span>
    </p>
   </div>
   <div class='ocr_carea' id='block_1_80' title="bbox 2421 3871 3998 3944">
    <p class='ocr_par' dir='ltr' id='par_1_80' title="bbox 2421 3871 3998 3944">
     <span class='ocr_line' id='line_1_80' title="bbox 2421 3871 3998 3944; baseline -0.001 -19"><span class='ocrx_word' id='word_1_578' title='bbox 2421 3873 2501 3944; x_wconf 86' lang='grc' dir='ltr'><strong>τῷ</strong></span> <span class='ocrx_word' id='word_1_579' title='bbox 2525 3873 2728 3943; x_wconf 72' lang='grc' dir='ltr'>ἐχθρῷ,</span> <span class='ocrx_word' id='word_1_580' title='bbox 2759 3873 2853 3926; x_wconf 77' lang='grc' dir='ltr'>καὶ</span> <span class='ocrx_word' id='word_1_581' title='bbox 2887 3871 2993 3925; x_wconf 85' lang='grc' dir='ltr'><strong>τῶν</strong></span> <span class='ocrx_word' id='word_1_582' title='bbox 3025 3873 3366 3943; x_wconf 83' lang='grc' dir='ltr'>Χριστιανῶν</span> <span class='ocrx_word' id='word_1_583' title='bbox 3402 3874 3494 3926; x_wconf 70' lang='grc' dir='ltr'><strong>καὶ</strong></span> <span class='ocrx_word' id='word_1_584' title='bbox 3534 3873 3634 3940; x_wconf 68' lang='grc' dir='ltr'>τῆς</span> <span class='ocrx_word' id='word_1_585' title='bbox 3664 3874 3808 3942; x_wconf 71' lang='grc' dir='ltr'>ἐμῆς</span> <span class='ocrx_word' id='word_1_586' title='bbox 3849 3872 3998 3940; x_wconf 80' lang='grc' dir='ltr'>βασι·</span> 
     </span>
    </p>
   </div>
   <div class='ocr_carea' id='block_1_81' title="bbox 2422 3965 3998 4036">
    <p class='ocr_par' dir='ltr' id='par_1_81' title="bbox 2422 3965 3998 4036">
     <span class='ocr_line' id='line_1_81' title="bbox 2422 3965 3998 4036; baseline -0.003 -18"><span class='ocrx_word' id='word_1_587' title='bbox 2422 3965 2573 4029; x_wconf 86' lang='grc' dir='ltr'>λείας</span> <span class='ocrx_word' id='word_1_588' title='bbox 2601 3965 3090 4036; x_wconf 76' lang='grc' dir='ltr'>προκινδυνεύσαι;</span> <span class='ocrx_word' id='word_1_589' title='bbox 3124 3985 3141 4016; x_wconf 80' lang='grc' dir='ltr'><strong>ι</strong></span> <span class='ocrx_word' id='word_1_590' title='bbox 3185 3965 3502 4018; x_wconf 75' lang='grc' dir='ltr'>Ὑπολαϐὼν</span> <span class='ocrx_word' id='word_1_591' title='bbox 3547 3965 3603 4018; x_wconf 80' lang='grc' dir='ltr'>δὲ</span> <span class='ocrx_word' id='word_1_592' title='bbox 3637 3966 3791 4036; x_wconf 78' lang='grc' dir='ltr'>αὐτῷ</span> <span class='ocrx_word' id='word_1_593' title='bbox 3819 3984 3998 4034; x_wconf 52' lang='lat' dir='ltr'><strong>rer-.312,</strong></span> 
     </span>
    </p>
   </div>
   <div class='ocr_carea' id='block_1_82' title="bbox 2422 4056 4001 4128">
    <p class='ocr_par' dir='ltr' id='par_1_82' title="bbox 2422 4056 4001 4128">
     <span class='ocr_line' id='line_1_82' title="bbox 2422 4056 4001 4128; baseline -0.004 -16"><span class='ocrx_word' id='word_1_594' title='bbox 2422 4059 2505 4112; x_wconf 86' lang='grc' dir='ltr'>ὅτι</span> <span class='ocrx_word' id='word_1_595' title='bbox 2537 4075 2642 4128; x_wconf 86' lang='grc' dir='ltr'><strong>περ</strong></span> <span class='ocrx_word' id='word_1_596' title='bbox 2696 4077 2713 4108; x_wconf 81' lang='grc' dir='ltr'><strong>ι</strong></span> <span class='ocrx_word' id='word_1_597' title='bbox 2749 4056 2838 4110; x_wconf 84' lang='grc' dir='ltr'>Ἐν</span> <span class='ocrx_word' id='word_1_598' title='bbox 2878 4057 3210 4128; x_wconf 83' lang='grc' dir='ltr'>ἑτοι-μὸτητι,</span> <span class='ocrx_word' id='word_1_599' title='bbox 3245 4057 3490 4127; x_wconf 81' lang='grc' dir='ltr'>βασιλεῦ,</span> <span class='ocrx_word' id='word_1_600' title='bbox 3539 4060 3871 4128; x_wconf 72' lang='grc' dir='ltr'>χρηματίζω</span> <span class='ocrx_word' id='word_1_601' title='bbox 3910 4057 4001 4125; x_wconf 71' lang='grc' dir='ltr'><strong>τὴν</strong></span> 
     </span>
    </p>
   </div>
   <div class='ocr_carea' id='block_1_83' title="bbox 2423 4151 3996 4220">
    <p class='ocr_par' dir='ltr' id='par_1_83' title="bbox 2423 4151 3996 4220">
     <span class='ocr_line' id='line_1_83' title="bbox 2423 4151 3996 4220; baseline -0.002 -16"><span class='ocrx_word' id='word_1_602' title='bbox 2423 4151 2655 4205; x_wconf 75' lang='grc' dir='ltr'>ἐνοῦσάν</span> <span class='ocrx_word' id='word_1_603' title='bbox 2694 4169 2785 4220; x_wconf 85' lang='grc' dir='ltr'><strong>μοι</strong></span> <span class='ocrx_word' id='word_1_604' title='bbox 2835 4151 3065 4219; x_wconf 79' lang='grc' dir='ltr'>αἵματος</span> <span class='ocrx_word' id='word_1_605' title='bbox 3091 4151 3266 4220; x_wconf 85' lang='grc' dir='ltr'>δράκα</span> <span class='ocrx_word' id='word_1_606' title='bbox 3304 4153 3380 4213; x_wconf 78' lang='grc' dir='ltr'>εἷς</span> <span class='ocrx_word' id='word_1_607' title='bbox 3408 4152 3452 4182; x_wconf 82' lang='grc'><strong>⁶⁰</strong></span> <span class='ocrx_word' id='word_1_608' title='bbox 3493 4167 3553 4201; x_wconf 91' lang='grc' dir='ltr'><strong>τε</strong></span> <span class='ocrx_word' id='word_1_609' title='bbox 3585 4152 3683 4217; x_wconf 78' lang='grc' dir='ltr'><strong>τὴν</strong></span> <span class='ocrx_word' id='word_1_610' title='bbox 3721 4151 3820 4220; x_wconf 71' lang='grc' dir='ltr'>σὴν</span> <span class='ocrx_word' id='word_1_611' title='bbox 3854 4151 3996 4218; x_wconf 78' lang='grc' dir='ltr'>βασι-</span> 
     </span>
    </p>
   </div>
   <div class='ocr_carea' id='block_1_84' title="bbox 2420 4243 3988 4312">
    <p class='ocr_par' dir='ltr' id='par_1_84' title="bbox 2420 4243 3988 4312">
     <span class='ocr_line' id='line_1_84' title="bbox 2420 4243 3988 4312; baseline -0.004 -16"><span class='ocrx_word' id='word_1_612' title='bbox 2420 4244 2572 4296; x_wconf 84' lang='grc' dir='ltr'>λείαν</span> <span class='ocrx_word' id='word_1_613' title='bbox 2612 4243 2708 4295; x_wconf 75' lang='grc' dir='ltr'><strong>καὶ</strong></span> <span class='ocrx_word' id='word_1_614' title='bbox 2738 4243 2878 4312; x_wconf 85' lang='grc' dir='ltr'>ὑπὲρ</span> <span class='ocrx_word' id='word_1_615' title='bbox 2910 4243 3018 4295; x_wconf 86' lang='grc' dir='ltr'><strong>τῶν</strong></span> <span class='ocrx_word' id='word_1_616' title='bbox 3067 4243 3380 4311; x_wconf 83' lang='grc' dir='ltr'>όμοπίστων</span> <span class='ocrx_word' id='word_1_617' title='bbox 3431 4243 3783 4295; x_wconf 80' lang='grc' dir='ltr'>ἀποκενῶσαι</span> <span class='ocrx_word' id='word_1_618' title='bbox 3815 4244 3948 4307; x_wconf 73' lang='lat'><strong>(8&#39;2).</strong></span> <span class='ocrx_word' id='word_1_619' title='bbox 3975 4263 3988 4290; x_wconf 81' lang='grc' dir='ltr'><strong>ι</strong></span> 
     </span>
    </p>
   </div>
   <div class='ocr_carea' id='block_1_85' title="bbox 2419 4335 3996 4405">
    <p class='ocr_par' dir='ltr' id='par_1_85' title="bbox 2419 4335 3996 4405">
     <span class='ocr_line' id='line_1_85' title="bbox 2419 4335 3996 4405; baseline -0.001 -18"><span class='ocrx_word' id='word_1_620' title='bbox 2419 4335 2644 4398; x_wconf 86' lang='grc' dir='ltr'>Τούτοις</span> <span class='ocrx_word' id='word_1_621' title='bbox 2665 4335 2730 4405; x_wconf 81' lang='grc' dir='ltr'>δὴ</span> <span class='ocrx_word' id='word_1_622' title='bbox 2755 4338 2866 4398; x_wconf 81' lang='grc' dir='ltr'>τοῖς</span> <span class='ocrx_word' id='word_1_623' title='bbox 2913 4335 3216 4404; x_wconf 90' lang='grc' dir='ltr'>προθύμοις</span> <span class='ocrx_word' id='word_1_624' title='bbox 3251 4335 3432 4402; x_wconf 85' lang='grc' dir='ltr'>λόγοις</span> <span class='ocrx_word' id='word_1_625' title='bbox 3467 4338 3494 4386; x_wconf 82' lang='grc' dir='ltr'>ὁ</span> <span class='ocrx_word' id='word_1_626' title='bbox 3518 4337 3654 4399; x_wconf 79' lang='grc' dir='ltr'>ἄναξ</span> <span class='ocrx_word' id='word_1_627' title='bbox 3708 4335 3996 4404; x_wconf 71' lang='grc' dir='ltr'>ὲγγυηθεὶς</span> 
     </span>
    </p>
   </div>
   <div class='ocr_carea' id='block_1_86' title="bbox 2422 4427 3999 4500">
    <p class='ocr_par' dir='ltr' id='par_1_86' title="bbox 2422 4427 3999 4500">
     <span class='ocr_line' id='line_1_86' title="bbox 2422 4427 3999 4500; baseline -0.001 -20"><span class='ocrx_word' id='word_1_628' title='bbox 2422 4429 2827 4500; x_wconf 75' lang='grc' dir='ltr'>προχειρίζεται</span> <span class='ocrx_word' id='word_1_629' title='bbox 2869 4428 2980 4499; x_wconf 78' lang='lat'><strong>(83)</strong></span> <span class='ocrx_word' id='word_1_630' title='bbox 3040 4427 3230 4480; x_wconf 80' lang='grc' dir='ltr'>τοῦτον</span> <span class='ocrx_word' id='word_1_631' title='bbox 3281 4429 3533 4496; x_wconf 77' lang='grc' dir='ltr'>ἡγεῖσθαι</span> <span class='ocrx_word' id='word_1_632' title='bbox 3569 4427 3662 4481; x_wconf 75' lang='grc' dir='ltr'>τοῦ</span> <span class='ocrx_word' id='word_1_633' title='bbox 3716 4430 3999 4495; x_wconf 70' lang='grc' dir='ltr'>τάγματος</span> 
     </span>
    </p>
   </div>
   <div class='ocr_carea' id='block_1_87' title="bbox 731 4512 2322 4592">
    <p class='ocr_par' dir='ltr' id='par_1_87' title="bbox 731 4512 2311 4584">
     <span class='ocr_line' id='line_1_87' title="bbox 731 4512 2311 4584; baseline 0.006 -17"><span class='ocrx_word' id='word_1_634' title='bbox 731 4512 847 4570; x_wconf 87' lang='lat' dir='ltr'><strong>adit</strong></span> <span class='ocrx_word' id='word_1_635' title='bbox 871 4514 1146 4584; x_wconf 88' lang='lat' dir='ltr'><strong>dicitque:</strong></span> <span class='ocrx_word' id='word_1_636' title='bbox 1178 4534 1196 4566; x_wconf 75' lang='grc' dir='ltr'><strong>ι</strong></span> <span class='ocrx_word' id='word_1_637' title='bbox 1226 4515 1425 4570; x_wconf 80' lang='lat' dir='ltr'><strong>Notum</strong></span> <span class='ocrx_word' id='word_1_638' title='bbox 1458 4517 1529 4570; x_wconf 91' lang='lat' dir='ltr'><strong>sit</strong></span> <span class='ocrx_word' id='word_1_639' title='bbox 1561 4516 1683 4581; x_wconf 91' lang='lat' dir='ltr'><strong>tibi,</strong></span> <span class='ocrx_word' id='word_1_640' title='bbox 1715 4517 1901 4581; x_wconf 68' lang='lat' dir='ltr'><strong>Amer,</strong></span> <span class='ocrx_word' id='word_1_641' title='bbox 1940 4520 2202 4576; x_wconf 83' lang='lat' dir='ltr'><strong>Petronas</strong></span> <span class='ocrx_word' id='word_1_642' title='bbox 2223 4523 2311 4576; x_wconf 89' lang='lat' dir='ltr'><strong>ille</strong></span> 
     </span>
    </p>
   </div>
   <div class='ocr_carea' id='block_1_88' title="bbox 2423 4512 4001 4592">
    <p class='ocr_par' dir='ltr' id='par_1_88' title="bbox 2423 4517 4001 4592">
     <span class='ocr_line' id='line_1_88' title="bbox 2423 4517 4001 4592; baseline -0.001 -17"><span class='ocrx_word' id='word_1_643' title='bbox 2423 4523 2527 4575; x_wconf 83' lang='grc' dir='ltr'>τῶν</span> <span class='ocrx_word' id='word_1_644' title='bbox 2562 4522 2768 4592; x_wconf 79' lang='grc' dir='ltr'>σχολῶν</span> <span class='ocrx_word' id='word_1_645' title='bbox 2791 4523 2936 4592; x_wconf 75' lang='grc'>(84)⁶</span> <span class='ocrx_word' id='word_1_646' title='bbox 2972 4522 3030 4584; x_wconf 87' lang='grc' dir='ltr'><strong>ὂς</strong></span> <span class='ocrx_word' id='word_1_647' title='bbox 3071 4517 3151 4591; x_wconf 81' lang='grc' dir='ltr'>τῷ</span> <span class='ocrx_word' id='word_1_648' title='bbox 3197 4522 3341 4592; x_wconf 85' lang='grc' dir='ltr'>λόγῳ</span> <span class='ocrx_word' id='word_1_649' title='bbox 3375 4523 3474 4592; x_wconf 74' lang='grc' dir='ltr'>τῆς</span> <span class='ocrx_word' id='word_1_650' title='bbox 3516 4523 3790 4592; x_wconf 83' lang='grc' dir='ltr'>προϐολῆς</span> <span class='ocrx_word' id='word_1_651' title='bbox 3837 4539 4001 4574; x_wconf 72' lang='grc' dir='ltr'>σπου-</span> 
     </span>
    </p>
   </div>
   <div class='ocr_carea' id='block_1_89' title="bbox 2020 4632 2692 4694">
    <p class='ocr_par' dir='ltr' id='par_1_89' title="bbox 2020 4632 2692 4694">
     <span class='ocr_line' id='line_1_89' title="bbox 2020 4632 2692 4694; baseline 0.007 -8"><span class='ocrx_word' id='word_1_652' title='bbox 2020 4632 2248 4688; x_wconf 62' lang='grc' dir='ltr'><strong>ῗΑΒΙιιΕ</strong></span> <span class='ocrx_word' id='word_1_653' title='bbox 2287 4637 2692 4694; x_wconf 80' lang='lat' dir='ltr'><strong>LECTIONES.</strong></span> 
     </span>
    </p>
   </div>
   <div class='ocr_carea' id='block_1_90' title="bbox 801 4717 3042 4805">
    <p class='ocr_par' dir='ltr' id='par_1_90' title="bbox 801 4717 3042 4805">
     <span class='ocr_line' id='line_1_90' title="bbox 801 4717 3042 4805; baseline 0.008 -35"><span class='ocrx_word' id='word_1_654' title='bbox 801 4717 848 4749; x_wconf 84' lang='lat'><strong>&quot;</strong></span> <span class='ocrx_word' id='word_1_655' title='bbox 891 4718 1050 4783; x_wconf 73' lang='grc' dir='ltr'>ὅλως,</span> <span class='ocrx_word' id='word_1_656' title='bbox 1074 4735 1101 4770; x_wconf 86' lang='grc' dir='ltr'><strong>ο</strong></span> <span class='ocrx_word' id='word_1_657' title='bbox 1126 4735 1290 4790; x_wconf 76' lang='lat' dir='ltr'><strong>supra</strong></span> <span class='ocrx_word' id='word_1_658' title='bbox 1332 4720 1524 4790; x_wconf 77' lang='lat' dir='ltr'><strong>script.</strong></span> <span class='ocrx_word' id='word_1_659' title='bbox 1582 4723 1627 4753; x_wconf 80' lang='lat'><strong>°°</strong></span> <span class='ocrx_word' id='word_1_660' title='bbox 1651 4723 1752 4795; x_wconf 78' lang='grc' dir='ltr'>εἷς]</span> <span class='ocrx_word' id='word_1_661' title='bbox 1781 4740 1921 4780; x_wconf 84' lang='lat' dir='ltr'><strong>corr.</strong></span> <span class='ocrx_word' id='word_1_662' title='bbox 1959 4743 2132 4794; x_wconf 84' lang='lat' dir='ltr'><strong>marg.</strong></span> <span class='ocrx_word' id='word_1_663' title='bbox 2162 4730 2301 4802; x_wconf 77' lang='grc' dir='ltr'>ὑπὲρ</span> <span class='ocrx_word' id='word_1_664' title='bbox 2324 4730 2364 4784; x_wconf 88' lang='lat' dir='ltr'><strong>L</strong></span> <span class='ocrx_word' id='word_1_665' title='bbox 2389 4750 2402 4785; x_wconf 88' lang='lat'><strong>:</strong></span> <span class='ocrx_word' id='word_1_666' title='bbox 2443 4733 2546 4788; x_wconf 89' lang='lat' dir='ltr'><strong>hoc</strong></span> <span class='ocrx_word' id='word_1_667' title='bbox 2580 4742 2700 4803; x_wconf 82' lang='lat' dir='ltr'><strong>post</strong></span> <span class='ocrx_word' id='word_1_668' title='bbox 2726 4735 2818 4787; x_wconf 77' lang='grc' dir='ltr'><strong>καὶ</strong></span> <span class='ocrx_word' id='word_1_669' title='bbox 2844 4735 3042 4805; x_wconf 87' lang='lat' dir='ltr'><strong>adjeci.</strong></span> 
     </span>
    </p>
   </div>
   <div class='ocr_carea' id='block_1_91' title="bbox 1899 4818 2791 4882">
    <p class='ocr_par' dir='ltr' id='par_1_91' title="bbox 1899 4818 2791 4882">
     <span class='ocr_line' id='line_1_91' title="bbox 1899 4818 2791 4882; baseline 0.011 -10"><span class='ocrx_word' id='word_1_670' title='bbox 1899 4818 2140 4876; x_wconf 77' lang='lat' dir='ltr'><strong>STEI’H.</strong></span> <span class='ocrx_word' id='word_1_671' title='bbox 2179 4822 2522 4881; x_wconf 77' lang='lat' dir='ltr'><strong>BERGLERI</strong></span> <span class='ocrx_word' id='word_1_672' title='bbox 2551 4826 2791 4882; x_wconf 68' lang='grc' dir='ltr'><strong>ΝΟΤΛΕ.</strong></span> 
     </span>
    </p>
   </div>
   <div class='ocr_carea' id='block_1_92' title="bbox 804 4905 1351 4976">
    <p class='ocr_par' dir='ltr' id='par_1_92' title="bbox 804 4905 1351 4976">
     <span class='ocr_line' id='line_1_92' title="bbox 804 4905 1351 4976; baseline 0.005 -19"><span class='ocrx_word' id='word_1_673' title='bbox 804 4905 919 4976; x_wconf 67' lang='grc'>(75)</span> <span class='ocrx_word' id='word_1_674' title='bbox 947 4905 1106 4959; x_wconf 86' lang='lat' dir='ltr'><strong>Cont.</strong></span> <span class='ocrx_word' id='word_1_675' title='bbox 1143 4922 1196 4974; x_wconf 93' lang='lat' dir='ltr'><strong>p.</strong></span> <span class='ocrx_word' id='word_1_676' title='bbox 1230 4907 1351 4960; x_wconf 90' lang='grc'>111.</span> 
     </span>
    </p>
   </div>
   <div class='ocr_carea' id='block_1_93' title="bbox 830 4975 1341 5045">
    <p class='ocr_par' dir='ltr' id='par_1_93' title="bbox 830 4975 1341 5045">
     <span class='ocr_line' id='line_1_93' title="bbox 830 4975 1341 5045; baseline 0.002 -16"><span class='ocrx_word' id='word_1_677' title='bbox 830 4975 919 5045; x_wconf 72' lang='grc'>74)</span> <span class='ocrx_word' id='word_1_678' title='bbox 942 4976 1102 5031; x_wconf 89' lang='lat' dir='ltr'><strong>Cont.</strong></span> <span class='ocrx_word' id='word_1_679' title='bbox 1136 4992 1188 5045; x_wconf 92' lang='lat' dir='ltr'><strong>p.</strong></span> <span class='ocrx_word' id='word_1_680' title='bbox 1222 4977 1341 5030; x_wconf 86' lang='grc'>111.</span> 
     </span>
    </p>
   </div>
   <div class='ocr_carea' id='block_1_94' title="bbox 832 5045 1597 5116">
    <p class='ocr_par' dir='ltr' id='par_1_94' title="bbox 832 5045 1597 5116">
     <span class='ocr_line' id='line_1_94' title="bbox 832 5045 1597 5116; baseline 0.001 -17"><span class='ocrx_word' id='word_1_681' title='bbox 832 5045 923 5110; x_wconf 86' lang='grc'>75)</span> <span class='ocrx_word' id='word_1_682' title='bbox 945 5046 1025 5100; x_wconf 87' lang='lat' dir='ltr'><strong>Ita</strong></span> <span class='ocrx_word' id='word_1_683' title='bbox 1049 5046 1277 5102; x_wconf 89' lang='lat' dir='ltr'><strong>omnino</strong></span> <span class='ocrx_word' id='word_1_684' title='bbox 1307 5048 1597 5116; x_wconf 82' lang='lat' dir='ltr'><strong>scriptum.</strong></span> 
     </span>
    </p>
   </div>
   <div class='ocr_carea' id='block_1_95' title="bbox 735 5116 2303 5245">
    <p class='ocr_par' dir='ltr' id='par_1_95' title="bbox 735 5116 2303 5245">
     <span class='ocr_line' id='line_1_95' title="bbox 735 5116 2303 5245; baseline 0.005 -74"><span class='ocrx_word' id='word_1_685' title='bbox 735 5117 919 5245; x_wconf 58' lang='lat' dir='ltr'><strong>ﬁn(:6)</strong></span> <span class='ocrx_word' id='word_1_686' title='bbox 941 5116 1101 5173; x_wconf 89' lang='lat' dir='ltr'><strong>Cont.</strong></span> <span class='ocrx_word' id='word_1_687' title='bbox 1146 5132 1202 5187; x_wconf 91' lang='lat' dir='ltr'><strong>p.</strong></span> <span class='ocrx_word' id='word_1_688' title='bbox 1233 5119 1358 5180; x_wconf 85' lang='grc'>111,</span> <span class='ocrx_word' id='word_1_689' title='bbox 1391 5119 1552 5171; x_wconf 84' lang='lat' dir='ltr'><strong>Cedr.</strong></span> <span class='ocrx_word' id='word_1_690' title='bbox 1586 5135 1639 5189; x_wconf 91' lang='lat' dir='ltr'><strong>p.</strong></span> <span class='ocrx_word' id='word_1_691' title='bbox 1673 5120 1801 5183; x_wconf 71' lang='grc'>546,</span> <span class='ocrx_word' id='word_1_692' title='bbox 1832 5120 1968 5174; x_wconf 84' lang='grc' dir='ltr'><strong>Ζοη.</strong></span> <span class='ocrx_word' id='word_1_693' title='bbox 1999 5135 2056 5190; x_wconf 88' lang='lat' dir='ltr'><strong>p.</strong></span> <span class='ocrx_word' id='word_1_694' title='bbox 2097 5117 2219 5189; x_wconf 73' lang='lat' dir='ltr'><strong>l38,</strong></span> <span class='ocrx_word' id='word_1_695' title='bbox 2249 5124 2303 5179; x_wconf 95' lang='lat' dir='ltr'><strong>in</strong></span> 
     </span>
    </p>
   </div>
   <div class='ocr_carea' id='block_1_96' title="bbox 777 5201 866 5242">
    <p class='ocr_par' dir='ltr' id='par_1_96' title="bbox 777 5201 866 5242">
     <span class='ocr_line' id='line_1_96' title="bbox 777 5201 866 5242; baseline -0.022 0"><span class='ocrx_word' id='word_1_696' title='bbox 777 5201 866 5242; x_wconf 88' lang='lat' dir='ltr'><strong>ne.</strong></span> 
     </span>
    </p>
   </div>
   <div class='ocr_carea' id='block_1_97' title="bbox 801 5256 1791 5325">
    <p class='ocr_par' dir='ltr' id='par_1_97' title="bbox 801 5256 1791 5325">
     <span class='ocr_line' id='line_1_97' title="bbox 801 5256 1791 5325; baseline 0.005 -18"><span class='ocrx_word' id='word_1_697' title='bbox 801 5256 919 5325; x_wconf 88' lang='lat'><strong>(77)</strong></span> <span class='ocrx_word' id='word_1_698' title='bbox 943 5256 1104 5312; x_wconf 89' lang='lat' dir='ltr'><strong>Cont.</strong></span> <span class='ocrx_word' id='word_1_699' title='bbox 1137 5273 1192 5325; x_wconf 91' lang='lat' dir='ltr'><strong>p.</strong></span> <span class='ocrx_word' id='word_1_700' title='bbox 1230 5258 1353 5320; x_wconf 90' lang='grc'>111,</span> <span class='ocrx_word' id='word_1_701' title='bbox 1389 5267 1444 5311; x_wconf 92' lang='lat' dir='ltr'><strong>et</strong></span> <span class='ocrx_word' id='word_1_702' title='bbox 1475 5258 1639 5312; x_wconf 86' lang='lat' dir='ltr'><strong>Cedr.</strong></span> <span class='ocrx_word' id='word_1_703' title='bbox 1674 5259 1709 5313; x_wconf 92' lang='lat' dir='ltr'><strong>l.</strong></span> <span class='ocrx_word' id='word_1_704' title='bbox 1740 5277 1791 5314; x_wconf 93' lang='lat' dir='ltr'><strong>c.</strong></span> 
     </span>
    </p>
   </div>
   <div class='ocr_carea' id='block_1_98' title="bbox 805 5326 1668 5395">
    <p class='ocr_par' dir='ltr' id='par_1_98' title="bbox 805 5326 1668 5395">
     <span class='ocr_line' id='line_1_98' title="bbox 805 5326 1668 5395; baseline 0.003 -16"><span class='ocrx_word' id='word_1_705' title='bbox 805 5327 922 5393; x_wconf 88' lang='grc'>(78)</span> <span class='ocrx_word' id='word_1_706' title='bbox 949 5326 1107 5395; x_wconf 86' lang='lat' dir='ltr'><strong>Apud</strong></span> <span class='ocrx_word' id='word_1_707' title='bbox 1132 5328 1292 5383; x_wconf 85' lang='lat' dir='ltr'><strong>Cont.</strong></span> <span class='ocrx_word' id='word_1_708' title='bbox 1323 5329 1358 5380; x_wconf 93' lang='lat' dir='ltr'><strong>l.</strong></span> <span class='ocrx_word' id='word_1_709' title='bbox 1396 5346 1444 5381; x_wconf 89' lang='lat' dir='ltr'><strong>c.</strong></span> <span class='ocrx_word' id='word_1_710' title='bbox 1473 5329 1590 5382; x_wconf 92' lang='lat' dir='ltr'><strong>sine</strong></span> <span class='ocrx_word' id='word_1_711' title='bbox 1621 5349 1668 5382; x_wconf 92' lang='grc' dir='ltr'>ν.</span> 
     </span>
    </p>
   </div>
   <div class='ocr_carea' id='block_1_99' title="bbox 805 5397 2304 5469">
    <p class='ocr_par' dir='ltr' id='par_1_99' title="bbox 805 5397 2304 5469">
     <span class='ocr_line' id='line_1_99' title="bbox 805 5397 2304 5469; baseline 0.001 -17"><span class='ocrx_word' id='word_1_712' title='bbox 805 5397 918 5469; x_wconf 85' lang='grc'>(79)</span> <span class='ocrx_word' id='word_1_713' title='bbox 948 5397 1109 5451; x_wconf 87' lang='lat' dir='ltr'><strong>Cont.</strong></span> <span class='ocrx_word' id='word_1_714' title='bbox 1141 5414 1195 5468; x_wconf 72' lang='grc' dir='ltr'><strong>ι).</strong></span> <span class='ocrx_word' id='word_1_715' title='bbox 1226 5399 1350 5459; x_wconf 86' lang='grc'>111,</span> <span class='ocrx_word' id='word_1_716' title='bbox 1385 5398 1570 5469; x_wconf 42' lang='grc' dir='ltr'>βοᾶτη</span> <span class='ocrx_word' id='word_1_717' title='bbox 1606 5415 1658 5469; x_wconf 91' lang='lat' dir='ltr'><strong>p.</strong></span> <span class='ocrx_word' id='word_1_718' title='bbox 1703 5399 1829 5464; x_wconf 66' lang='grc'><strong>546,</strong></span> <span class='ocrx_word' id='word_1_719' title='bbox 1861 5398 1956 5453; x_wconf 89' lang='lat' dir='ltr'><strong>ubi</strong></span> <span class='ocrx_word' id='word_1_720' title='bbox 2003 5401 2091 5453; x_wconf 84' lang='grc' dir='ltr'>ὅτε</span> <span class='ocrx_word' id='word_1_721' title='bbox 2139 5403 2304 5467; x_wconf 71' lang='grc' dir='ltr'>φασιν</span> 
     </span>
    </p>
   </div>
   <div class='ocr_carea' id='block_1_100' title="bbox 737 5467 2302 5540">
    <p class='ocr_par' dir='ltr' id='par_1_100' title="bbox 737 5467 2302 5540">
     <span class='ocr_line' id='line_1_100' title="bbox 737 5467 2302 5540; baseline 0.001 -18"><span class='ocrx_word' id='word_1_722' title='bbox 737 5468 899 5540; x_wconf 77' lang='grc' dir='ltr'>αὐτὸν</span> <span class='ocrx_word' id='word_1_723' title='bbox 924 5467 1309 5540; x_wconf 77' lang='grc' dir='ltr'>παραπλήσιον</span> <span class='ocrx_word' id='word_1_724' title='bbox 1339 5467 1414 5540; x_wconf 77' lang='grc' dir='ltr'>τῷ</span> <span class='ocrx_word' id='word_1_725' title='bbox 1445 5467 1622 5540; x_wconf 73' lang='grc' dir='ltr'>Ξέρξῂ</span> <span class='ocrx_word' id='word_1_726' title='bbox 1652 5469 1822 5531; x_wconf 74' lang='grc' dir='ltr'>πάθος</span> <span class='ocrx_word' id='word_1_727' title='bbox 1846 5469 2061 5540; x_wconf 85' lang='grc' dir='ltr'>παθεῖν,</span> <span class='ocrx_word' id='word_1_728' title='bbox 2084 5472 2302 5540; x_wconf 80' lang='grc' dir='ltr'>μάστιξι</span> 
     </span>
    </p>
   </div>
   <div class='ocr_carea' id='block_1_101' title="bbox 737 5537 2302 5613">
    <p class='ocr_par' dir='ltr' id='par_1_101' title="bbox 737 5537 2302 5613">
     <span class='ocr_line' id='line_1_101' title="bbox 737 5537 2302 5613; baseline 0.004 -25"><span class='ocrx_word' id='word_1_729' title='bbox 737 5537 1090 5613; x_wconf 77' lang='grc' dir='ltr'>κελεύσαντος</span> <span class='ocrx_word' id='word_1_730' title='bbox 1114 5538 1306 5613; x_wconf 59' lang='grc' dir='ltr'>παίειν</span> <span class='ocrx_word' id='word_1_731' title='bbox 1332 5537 1738 5613; x_wconf 28' lang='grc' dir='ltr'>τὴνῌθὰλατταν,</span> <span class='ocrx_word' id='word_1_732' title='bbox 1774 5540 1859 5613; x_wconf 67' lang='grc' dir='ltr'><strong>δτι</strong></span> <span class='ocrx_word' id='word_1_733' title='bbox 1890 5539 1965 5611; x_wconf 83' lang='grc' dir='ltr'>μὴ</span> <span class='ocrx_word' id='word_1_734' title='bbox 1990 5537 2302 5613; x_wconf 81' lang='grc' dir='ltr'>περαιτέρω</span> 
     </span>
    </p>
   </div>
   <div class='ocr_carea' id='block_1_102' title="bbox 735 5607 2156 5681">
    <p class='ocr_par' dir='ltr' id='par_1_102' title="bbox 735 5607 2156 5681">
     <span class='ocr_line' id='line_1_102' title="bbox 735 5607 2156 5681; baseline 0.006 -23"><span class='ocrx_word' id='word_1_735' title='bbox 735 5609 1016 5681; x_wconf 68' lang='grc' dir='ltr'>προήκατο</span> <span class='ocrx_word' id='word_1_736' title='bbox 1047 5607 1237 5681; x_wconf 84' lang='grc' dir='ltr'>τοῦτον</span> <span class='ocrx_word' id='word_1_737' title='bbox 1273 5610 1492 5678; x_wconf 84' lang='grc' dir='ltr'>χωρεῖν.</span> <span class='ocrx_word' id='word_1_738' title='bbox 1513 5608 1658 5681; x_wconf 69' lang='lat' dir='ltr'><strong>Male</strong></span> <span class='ocrx_word' id='word_1_739' title='bbox 1689 5607 1899 5681; x_wconf 76' lang='lat' dir='ltr'><strong>legitur</strong></span> <span class='ocrx_word' id='word_1_740' title='bbox 1921 5607 2156 5681; x_wconf 74' lang='grc' dir='ltr'>χαίρέιν.</span> 
     </span>
    </p>
   </div>
   <div class='ocr_carea' id='block_1_103' title="bbox 805 5677 2301 5748">
    <p class='ocr_par' dir='ltr' id='par_1_103' title="bbox 805 5677 2301 5748">
     <span class='ocr_line' id='line_1_103' title="bbox 805 5677 2301 5748; baseline 0.005 -18"><span class='ocrx_word' id='word_1_741' title='bbox 805 5677 920 5748; x_wconf 88' lang='grc'>(80)</span> <span class='ocrx_word' id='word_1_742' title='bbox 967 5678 1042 5730; x_wconf 85' lang='lat' dir='ltr'><strong>Ita</strong></span> <span class='ocrx_word' id='word_1_743' title='bbox 1097 5678 1399 5748; x_wconf 86' lang='lat' dir='ltr'><strong>scriptum.</strong></span> <span class='ocrx_word' id='word_1_744' title='bbox 1450 5679 1711 5748; x_wconf 77' lang='grc' dir='ltr'>σιδηροῖς,</span> <span class='ocrx_word' id='word_1_745' title='bbox 1749 5677 1828 5733; x_wconf 38' lang='lat' dir='ltr'><strong>vet</strong></span> <span class='ocrx_word' id='word_1_746' title='bbox 1891 5677 2100 5735; x_wconf 83' lang='lat' dir='ltr'><strong>nullum</strong></span> <span class='ocrx_word' id='word_1_747' title='bbox 2146 5682 2301 5737; x_wconf 83' lang='lat' dir='ltr'><strong>adest</strong></span> 
     </span>
    </p>
   </div>
   <div class='ocr_carea' id='block_1_104' title="bbox 734 5748 1156 5806">
    <p class='ocr_par' dir='ltr' id='par_1_104' title="bbox 734 5748 1156 5806">
     <span class='ocr_line' id='line_1_104' title="bbox 734 5748 1156 5806; baseline -0.017 -1"><span class='ocrx_word' id='word_1_748' title='bbox 734 5748 1156 5806; x_wconf 75' lang='lat' dir='ltr'><strong>SUbslanlivutn.</strong></span> 
     </span>
    </p>
   </div>
   <div class='ocr_carea' id='block_1_105' title="bbox 805 5819 2298 5893">
    <p class='ocr_par' dir='ltr' id='par_1_105' title="bbox 805 5819 2298 5893">
     <span class='ocr_line' id='line_1_105' title="bbox 805 5819 2298 5893; baseline 0.003 -20"><span class='ocrx_word' id='word_1_749' title='bbox 805 5822 911 5889; x_wconf 83' lang='lat' dir='ltr'><strong>(8t)</strong></span> <span class='ocrx_word' id='word_1_750' title='bbox 944 5819 1100 5873; x_wconf 71' lang='lat' dir='ltr'><strong>Cont.</strong></span> <span class='ocrx_word' id='word_1_751' title='bbox 1145 5835 1195 5890; x_wconf 74' lang='grc' dir='ltr'>ρ.</span> <span class='ocrx_word' id='word_1_752' title='bbox 1231 5819 1348 5886; x_wconf 87' lang='grc'>111,</span> <span class='ocrx_word' id='word_1_753' title='bbox 1386 5819 1544 5876; x_wconf 79' lang='lat' dir='ltr'><strong>Cedr.</strong></span> <span class='ocrx_word' id='word_1_754' title='bbox 1581 5838 1634 5893; x_wconf 73' lang='grc' dir='ltr'>ρ.</span> <span class='ocrx_word' id='word_1_755' title='bbox 1671 5821 1795 5888; x_wconf 70' lang='grc'><strong>516,</strong></span> <span class='ocrx_word' id='word_1_756' title='bbox 1843 5821 1976 5877; x_wconf 80' lang='lat' dir='ltr'><strong>ch.</strong></span> <span class='ocrx_word' id='word_1_757' title='bbox 2007 5825 2207 5893; x_wconf 72' lang='lat' dir='ltr'><strong>p.158,</strong></span> <span class='ocrx_word' id='word_1_758' title='bbox 2243 5825 2298 5879; x_wconf 80' lang='lat' dir='ltr'><strong>in</strong></span> 
     </span>
    </p>
   </div>
   <div class='ocr_carea' id='block_1_106' title="bbox 2410 4918 2539 4973">
    <p class='ocr_par' dir='ltr' id='par_1_106' title="bbox 2410 4918 2539 4973">
     <span class='ocr_line' id='line_1_106' title="bbox 2410 4918 2539 4973; baseline 0.008 -2"><span class='ocrx_word' id='word_1_759' title='bbox 2410 4918 2539 4973; x_wconf 87' lang='lat' dir='ltr'><strong>ﬁue.</strong></span> 
     </span>
    </p>
   </div>
   <div class='ocr_carea' id='block_1_107' title="bbox 2480 4987 3998 5059">
    <p class='ocr_par' dir='ltr' id='par_1_107' title="bbox 2480 4987 3998 5059">
     <span class='ocr_line' id='line_1_107' title="bbox 2480 4987 3998 5059; baseline 0 -15"><span class='ocrx_word' id='word_1_760' title='bbox 2480 4989 2595 5059; x_wconf 74' lang='lat'><strong>(82)</strong></span> <span class='ocrx_word' id='word_1_761' title='bbox 2630 4988 2708 5042; x_wconf 90' lang='lat' dir='ltr'><strong>lta</strong></span> <span class='ocrx_word' id='word_1_762' title='bbox 2740 4987 2947 5057; x_wconf 81' lang='lat' dir='ltr'><strong>scripta</strong></span> <span class='ocrx_word' id='word_1_763' title='bbox 2981 4988 3099 5043; x_wconf 60' lang='lat' dir='ltr'><strong>haec</strong></span> <span class='ocrx_word' id='word_1_764' title='bbox 3135 4996 3287 5050; x_wconf 88' lang='lat' dir='ltr'><strong>sunt,</strong></span> <span class='ocrx_word' id='word_1_765' title='bbox 3326 4997 3384 5043; x_wconf 92' lang='lat' dir='ltr'><strong>et</strong></span> <span class='ocrx_word' id='word_1_766' title='bbox 3413 4987 3701 5042; x_wconf 84' lang='lat' dir='ltr'><strong>annotavit</strong></span> <span class='ocrx_word' id='word_1_767' title='bbox 3732 4987 3998 5044; x_wconf 84' lang='lat' dir='ltr'><strong>librarius</strong></span> 
     </span>
    </p>
   </div>
   <div class='ocr_carea' id='block_1_108' title="bbox 2406 5059 3998 5128">
    <p class='ocr_par' dir='ltr' id='par_1_108' title="bbox 2406 5059 3998 5128">
     <span class='ocr_line' id='line_1_108' title="bbox 2406 5059 3998 5128; baseline 0 -16"><span class='ocrx_word' id='word_1_768' title='bbox 2406 5059 2462 5113; x_wconf 91' lang='lat' dir='ltr'><strong>in</strong></span> <span class='ocrx_word' id='word_1_769' title='bbox 2518 5059 2766 5128; x_wconf 86' lang='lat' dir='ltr'><strong>margine</strong></span> <span class='ocrx_word' id='word_1_770' title='bbox 2808 5060 2972 5112; x_wconf 87' lang='lat' dir='ltr'><strong>etiam</strong></span> <span class='ocrx_word' id='word_1_771' title='bbox 3015 5061 3310 5114; x_wconf 87' lang='lat' dir='ltr'><strong>lectionem</strong></span> <span class='ocrx_word' id='word_1_772' title='bbox 3340 5060 3502 5128; x_wconf 83' lang='grc' dir='ltr'>ὑπὲρ,</span> <span class='ocrx_word' id='word_1_773' title='bbox 3530 5073 3638 5126; x_wconf 84' lang='lat' dir='ltr'><strong>qua</strong></span> <span class='ocrx_word' id='word_1_774' title='bbox 3671 5068 3896 5126; x_wconf 81' lang='lat' dir='ltr'><strong>recepta</strong></span> <span class='ocrx_word' id='word_1_775' title='bbox 3930 5061 3998 5112; x_wconf 87' lang='lat' dir='ltr'><strong>sit</strong></span> 
     </span>
    </p>
   </div>
   <div class='ocr_carea' id='block_1_109' title="bbox 2405 5128 3995 5201">
    <p class='ocr_par' dir='ltr' id='par_1_109' title="bbox 2405 5128 3995 5201">
     <span class='ocr_line' id='line_1_109' title="bbox 2405 5128 3995 5201; baseline -0.001 -20"><span class='ocrx_word' id='word_1_776' title='bbox 2405 5128 2547 5201; x_wconf 68' lang='grc' dir='ltr'>ὑπὲρ</span> <span class='ocrx_word' id='word_1_777' title='bbox 2573 5132 2673 5198; x_wconf 83' lang='grc' dir='ltr'><strong>τῆς</strong></span> <span class='ocrx_word' id='word_1_778' title='bbox 2703 5130 2800 5199; x_wconf 82' lang='grc' dir='ltr'>σῆς</span> <span class='ocrx_word' id='word_1_779' title='bbox 2834 5128 3134 5197; x_wconf 81' lang='grc' dir='ltr'>βασιλείας,</span> <span class='ocrx_word' id='word_1_780' title='bbox 3173 5130 3376 5197; x_wconf 91' lang='lat' dir='ltr'><strong>quibus</strong></span> <span class='ocrx_word' id='word_1_781' title='bbox 3407 5138 3554 5184; x_wconf 89' lang='lat' dir='ltr'><strong>recte</strong></span> <span class='ocrx_word' id='word_1_782' title='bbox 3578 5128 3870 5201; x_wconf 57' lang='lat' dir='ltr'><strong>adhaerent</strong></span> <span class='ocrx_word' id='word_1_783' title='bbox 3907 5132 3995 5180; x_wconf 72' lang='grc' dir='ltr'><strong>καὶ</strong></span> 
     </span>
    </p>
   </div>
   <div class='ocr_carea' id='block_1_110' title="bbox 2406 5197 3998 5264">
    <p class='ocr_par' dir='ltr' id='par_1_110' title="bbox 2406 5197 3998 5264">
     <span class='ocr_line' id='line_1_110' title="bbox 2406 5197 3998 5264; baseline 0.001 -14"><span class='ocrx_word' id='word_1_784' title='bbox 2406 5197 2553 5263; x_wconf 68' lang='grc' dir='ltr'>τῶν,</span> <span class='ocrx_word' id='word_1_785' title='bbox 2613 5197 3030 5260; x_wconf 62' lang='grc' dir='ltr'>ειοηιιιοηεηιο</span> <span class='ocrx_word' id='word_1_786' title='bbox 3078 5208 3262 5253; x_wconf 89' lang='lat' dir='ltr'><strong>autem</strong></span> <span class='ocrx_word' id='word_1_787' title='bbox 3303 5201 3420 5264; x_wconf 79' lang='grc' dir='ltr'>εἰς,</span> <span class='ocrx_word' id='word_1_788' title='bbox 3472 5199 3776 5252; x_wconf 77' lang='lat' dir='ltr'><strong>accusativi</strong></span> <span class='ocrx_word' id='word_1_789' title='bbox 3818 5201 3998 5252; x_wconf 84' lang='lat' dir='ltr'><strong>ccuti-</strong></span> 
     </span>
    </p>
   </div>
   <div class='ocr_carea' id='block_1_111' title="bbox 2405 5269 3299 5337">
    <p class='ocr_par' dir='ltr' id='par_1_111' title="bbox 2405 5269 3299 5337">
     <span class='ocr_line' id='line_1_111' title="bbox 2405 5269 3299 5337; baseline 0 -16"><span class='ocrx_word' id='word_1_790' title='bbox 2405 5269 2636 5329; x_wconf 86' lang='lat' dir='ltr'><strong>nuandi,</strong></span> <span class='ocrx_word' id='word_1_791' title='bbox 2667 5270 2762 5322; x_wconf 78' lang='grc' dir='ltr'>καὶ</span> <span class='ocrx_word' id='word_1_792' title='bbox 2791 5271 2917 5331; x_wconf 81' lang='grc' dir='ltr'>τοὺς</span> <span class='ocrx_word' id='word_1_793' title='bbox 2942 5269 3299 5337; x_wconf 85' lang='grc' dir='ltr'>ὁμοπίστους.</span> 
     </span>
    </p>
   </div>
   <div class='ocr_carea' id='block_1_112' title="bbox 2405 5338 3996 5461">
    <p class='ocr_par' dir='ltr' id='par_1_112' title="bbox 2405 5338 3996 5461">
     <span class='ocr_line' id='line_1_112' title="bbox 2405 5338 3996 5461; baseline -0.001 -68"><span class='ocrx_word' id='word_1_794' title='bbox 2405 5408 2435 5461; x_wconf 54' lang='grc' dir='ltr'><strong>Γ</strong></span> <span class='ocrx_word' id='word_1_795' title='bbox 2476 5339 2586 5409; x_wconf 80' lang='grc'>(85)</span> <span class='ocrx_word' id='word_1_796' title='bbox 2618 5338 2778 5394; x_wconf 87' lang='lat' dir='ltr'><strong>Cont.</strong></span> <span class='ocrx_word' id='word_1_797' title='bbox 2828 5340 3035 5410; x_wconf 72' lang='lat' dir='ltr'><strong>p.112,</strong></span> <span class='ocrx_word' id='word_1_798' title='bbox 3077 5339 3241 5394; x_wconf 91' lang='lat' dir='ltr'><strong>Cedr.</strong></span> <span class='ocrx_word' id='word_1_799' title='bbox 3274 5354 3330 5409; x_wconf 91' lang='lat' dir='ltr'><strong>p.</strong></span> <span class='ocrx_word' id='word_1_800' title='bbox 3364 5338 3656 5401; x_wconf 53' lang='lat'><strong>$47,201:.</strong></span> <span class='ocrx_word' id='word_1_801' title='bbox 3689 5354 3742 5407; x_wconf 67' lang='grc' dir='ltr'><strong>ιτ.</strong></span> <span class='ocrx_word' id='word_1_802' title='bbox 3781 5341 3905 5400; x_wconf 77' lang='lat' dir='ltr'><strong>15s,</strong></span> <span class='ocrx_word' id='word_1_803' title='bbox 3944 5339 3996 5391; x_wconf 88' lang='lat' dir='ltr'><strong>in</strong></span> 
     </span>
     <span class='ocr_line' id='line_1_113' title="bbox 2425 5425 2534 5461; baseline 0 0"><span class='ocrx_word' id='word_1_804' title='bbox 2425 5425 2534 5461; x_wconf 89' lang='lat' dir='ltr'><strong>me.</strong></span> 
     </span>
    </p>
   </div>
   <div class='ocr_carea' id='block_1_113' title="bbox 2425 5425 2534 5464">
    <p class='ocr_par' dir='ltr' id='par_1_113' title="bbox 2425 5425 2534 5464">
     <span class='ocr_line' id='line_1_114' title="bbox 2425 5425 2534 5464; baseline 0.009 -3"><span class='ocrx_word' id='word_1_805' title='bbox 2425 5425 2534 5464; x_wconf 88' lang='lat' dir='ltr'><strong>me.</strong></span> 
     </span>
    </p>
   </div>
   <div class='ocr_carea' id='block_1_114' title="bbox 2476 5477 3996 5559">
    <p class='ocr_par' dir='ltr' id='par_1_114' title="bbox 2476 5477 3996 5559">
     <span class='ocr_line' id='line_1_115' title="bbox 2476 5477 3996 5559; baseline -0.002 -26"><span class='ocrx_word' id='word_1_806' title='bbox 2476 5477 2873 5559; x_wconf 28' lang='lat' dir='ltr'><strong>(8-§)10bsc1_1re</strong></span> <span class='ocrx_word' id='word_1_807' title='bbox 2895 5481 3255 5559; x_wconf 82' lang='lat' dir='ltr'><strong>et_am_big_u_e.</strong></span> <span class='ocrx_word' id='word_1_808' title='bbox 3295 5479 3404 5533; x_wconf 83' lang='lat' dir='ltr'><strong>Aut</strong></span> <span class='ocrx_word' id='word_1_809' title='bbox 3448 5479 3596 5559; x_wconf 73' lang='lat' dir='ltr'><strong>enim</strong></span> <span class='ocrx_word' id='word_1_810' title='bbox 3631 5478 3864 5559; x_wconf 72' lang='lat' dir='ltr'><strong>invertit</strong></span> <span class='ocrx_word' id='word_1_811' title='bbox 3900 5495 3996 5547; x_wconf 79' lang='lat' dir='ltr'><strong>pro</strong></span> 
     </span>
    </p>
   </div>
   <div class='ocr_carea' id='block_1_115' title="bbox 2407 5549 3994 5621">
    <p class='ocr_par' dir='ltr' id='par_1_115' title="bbox 2407 5549 3994 5621">
     <span class='ocr_line' id='line_1_116' title="bbox 2407 5549 3994 5621; baseline 0.003 -21"><span class='ocrx_word' id='word_1_812' title='bbox 2407 5549 2502 5601; x_wconf 79' lang='grc' dir='ltr'><strong>τοῦ</strong></span> <span class='ocrx_word' id='word_1_813' title='bbox 2545 5549 2706 5621; x_wconf 82' lang='grc' dir='ltr'>λόγου</span> <span class='ocrx_word' id='word_1_814' title='bbox 2739 5553 2816 5621; x_wconf 4' lang='grc' dir='ltr'>τῇ,</span> <span class='ocrx_word' id='word_1_815' title='bbox 2843 5551 3104 5621; x_wconf 80' lang='grc' dir='ltr'>προϐολῇ,</span> <span class='ocrx_word' id='word_1_816' title='bbox 3138 5549 3204 5604; x_wconf 83' lang='lat' dir='ltr'><strong>id</strong></span> <span class='ocrx_word' id='word_1_817' title='bbox 3241 5559 3324 5604; x_wconf 85' lang='lat' dir='ltr'><strong>est</strong></span> <span class='ocrx_word' id='word_1_818' title='bbox 3364 5549 3665 5619; x_wconf 81' lang='lat' dir='ltr'><strong>prolatione</strong></span> <span class='ocrx_word' id='word_1_819' title='bbox 3691 5551 3994 5604; x_wconf 66' lang='lat' dir='ltr'><strong>verborum.</strong></span> 
     </span>
    </p>
   </div>
   <div class='ocr_carea' id='block_1_116' title="bbox 2409 5619 3995 5691">
    <p class='ocr_par' dir='ltr' id='par_1_116' title="bbox 2409 5619 3995 5691">
     <span class='ocr_line' id='line_1_117' title="bbox 2409 5619 3995 5691; baseline -0.002 -18"><span class='ocrx_word' id='word_1_820' title='bbox 2409 5629 2506 5691; x_wconf 81' lang='lat' dir='ltr'><strong>aut</strong></span> <span class='ocrx_word' id='word_1_821' title='bbox 2539 5619 3076 5691; x_wconf 42' lang='lat' dir='ltr'><strong>subintelligendum&quot;</strong></span> <span class='ocrx_word' id='word_1_822' title='bbox 3098 5621 3323 5691; x_wconf 91' lang='lat' dir='ltr'><strong>reliquit</strong></span> <span class='ocrx_word' id='word_1_823' title='bbox 3354 5622 3518 5673; x_wconf 71' lang='grc' dir='ltr'>ἕνεκα.</span> <span class='ocrx_word' id='word_1_824' title='bbox 3539 5663 3552 5684; x_wconf 87' lang='grc'>,</span> <span class='ocrx_word' id='word_1_825' title='bbox 3598 5631 3659 5691; x_wconf 90' lang='lat' dir='ltr'><strong>ut</strong></span> <span class='ocrx_word' id='word_1_826' title='bbox 3691 5621 3764 5673; x_wconf 91' lang='lat' dir='ltr'><strong>sit</strong></span> <span class='ocrx_word' id='word_1_827' title='bbox 3798 5623 3995 5684; x_wconf 58' lang='grc' dir='ltr'>προς-οι</span> 
     </span>
    </p>
   </div>
   <div class='ocr_carea' id='block_1_117' title="bbox 2409 5689 3992 5762">
    <p class='ocr_par' dir='ltr' id='par_1_117' title="bbox 2409 5689 3992 5762">
     <span class='ocr_line' id='line_1_118' title="bbox 2409 5689 3992 5762; baseline 0.002 -23"><span class='ocrx_word' id='word_1_828' title='bbox 2409 5689 2508 5758; x_wconf 80' lang='grc' dir='ltr'>λῆς</span> <span class='ocrx_word' id='word_1_829' title='bbox 2560 5692 2720 5743; x_wconf 74' lang='grc' dir='ltr'>ἕνεκα</span> <span class='ocrx_word' id='word_1_830' title='bbox 2775 5689 2965 5746; x_wconf 74' lang='grc' dir='ltr'>σπουδ.</span> <span class='ocrx_word' id='word_1_831' title='bbox 3027 5694 3171 5746; x_wconf 85' lang='grc' dir='ltr'>διατ.</span> <span class='ocrx_word' id='word_1_832' title='bbox 3201 5689 3235 5757; x_wconf 62' lang='grc'><strong>,’</strong></span> <span class='ocrx_word' id='word_1_833' title='bbox 3274 5700 3490 5762; x_wconf 78' lang='lat' dir='ltr'><strong>propter</strong></span> <span class='ocrx_word' id='word_1_834' title='bbox 3542 5690 3697 5745; x_wconf 78' lang='lat' dir='ltr'><strong>illaut</strong></span> <span class='ocrx_word' id='word_1_835' title='bbox 3763 5692 3992 5743; x_wconf 70' lang='lat' dir='ltr'><strong>obluric~</strong></span> 
     </span>
    </p>
   </div>
   <div class='ocr_carea' id='block_1_118' title="bbox 2411 5769 2692 5827">
    <p class='ocr_par' dir='ltr' id='par_1_118' title="bbox 2411 5769 2692 5827">
     <span class='ocr_line' id='line_1_119' title="bbox 2411 5769 2692 5827; baseline 0.007 -13"><span class='ocrx_word' id='word_1_836' title='bbox 2411 5778 2548 5827; x_wconf 69' lang='lat' dir='ltr'><strong>nrm,</strong></span> <span class='ocrx_word' id='word_1_837' title='bbox 2587 5769 2692 5816; x_wconf 70' lang='lat' dir='ltr'><strong>etc.</strong></span> 
     </span>
    </p>
   </div>
  </div>
