4146 6436
146 369 279 435 1113

1474 370 1745 430 REGUM
1800 370 1943 432 LIB.
1992 373 2089 432 1V.

3253 374 3387 441 1114

138 484 301 545 δαίως
352 480 617 544 διατεθεὶς
673 480 730 533 τὸ
786 482 945 552 ἔργον
1000 484 1301 552 ἐπήγαγεν,
1352 483 1719 555 εὐθυϐολήσας

1827 487 2085 543 amnitate
2118 488 2465 559 imperatoris
2490 488 2729 558 glorians
2762 490 2998 544 minatus
3028 499 3111 543 est
3144 491 3240 543 tibi
3274 493 3390 546 bel-

141 574 278 645 πρὸς
301 573 393 625 τὸν
436 572 697 642 πολέμιον
721 572 815 625 σὺν
838 572 1143 637 ἐπιλέκτοις
1167 576 1260 627 καὶ
1276 577 1337 628 οὑ
1363 576 1553 641 πλήθει
1587 594 1711 629 10::-

140 666 279 734 οὑτῳ
307 665 697 733 μεστοὺμενος.
728 667 792 717 Ὃ
811 666 910 719 οὑκ
940 665 1181 735 ἐλελήθει
1202 667 1295 719 τὸν
1320 668 1556 739 Ἀμερ⁸¹
1577 668 1709 739 (85)·

140 758 317 827 φυγὰς
341 760 450 828 γάρ
484 775 567 821 τις
601 758 890 828 Ῥωμαίων
923 758 1059 829 πρὸς
1087 760 1250 813 αὑτὸν
1278 761 1465 815 ἄπεισι
1488 762 1598 829 (86)
1622 762 1713 814 καί

139 868 271 919 φησι
294 867 309 880 ⁸
344 869 362 901 ι
396 850 639 903 Γνωστὸν
666 850 807 903 έστω
833 868 938 915 σοι,
967 851 1166 922 Ἀμερ,
1187 852 1478 923 Πετρωνᾶς
1508 854 1714 916 ἐκεῖνος

138 944 166 993 6
220 944 360 1011 πρὸς
416 941 605 1009 γένους
660 941 756 994 τοῦ
798 941 1063 1011 βασιλέως
1114 944 1175 996 τὸ
1239 944 1518 1014 αἰδέσιμον
1575 944 1715 1013 ἔχων

138 1031 419 1103 ὲπηὺχησε
450 1031 777 1103 περιθέσθαι
808 1050 890 1086 σοι
921 1033 1156 1104 πόλεμον
1177 1049 1191 1063 ·
1229 1036 1351 1088 ὅθεν
1385 1036 1544 1089 αὑτὸν
1574 1036 1716 1088 ἀπά-

139 1139 242 1192 σης
255 1123 355 1192 τῆς
372 1125 631 1193 στρατιᾶς
651 1124 1005 1194 ἡγεμονεύειν
1025 1125 1374 1196 προσέταξεν.
1393 1128 1528 1197 Παρ⁹
1546 1120 1589 1196 ᾧ
1604 1127 1715 1199 (87)

139 1214 527 1285 συνήθροισται
579 1217 686 1278 πᾶς
717 1217 745 1267 6
786 1216 894 1270 τῶν
926 1217 1176 1286 Θεμάτων
1232 1220 1457 1287 στρατὸς
1486 1220 1580 1273 καὶ
1625 1219 1713 1284 ἐξ-

137 1306 436 1369 ὡπλισται,
464 1306 563 1377 την
596 1306 735 1360 κατά
778 1306 872 1360 σοῦ
903 1308 1082 1377 μάχην
1119 1310 1656 1380 πραγματευόμενος.
1690 1330 1708 1361 ι

136 1397 272 1450 Τότε
308 1400 489 1468 Ἀμερ
524 1401 638 1461 τοῖς
665 1400 756 1452 ὑπ’
791 1400 951 1453 αὑτὸν
988 1401 1309 1471 ταξιάρχαις
1359 1401 1422 1454 τὸ
1453 1402 1716 1455 ἀκουσθὲν

136 1489 517 1559 παρεγύμνου,
544 1491 596 1543 τί
627 1492 762 1561 δρᾷν
785 1490 889 1561 χρὴ
922 1492 1053 1561 πρὸς
1086 1492 1241 1545 τοῦτο
1271 1492 1715 1562 διερευνώμενος.

137 1580 203 1633 Οἱ
245 1580 303 1633 δὲ
329 1582 465 1651 πρὸς
490 1582 652 1634 αὑτὸν
681 1584 999 1652 ὀμοφρόνως
1024 1579 1177 1636 εἷπον
1196 1599 1209 1613 '
1253 1602 1271 1635 ι
1299 1584 1371 1636 T6
1398 1586 1529 1655 παρ’
1559 1584 1717 1655 ἡμῶν

135 1672 385 1740 γεγονὸς,
406 1666 450 1725 ὦ
469 1674 512 1704 ⁸³
535 1675 597 1726 Ἀ
608 1690 713 1744 μερ
744 1673 877 1744 (88),
898 1674 1042 1726 κατά
1068 1674 1168 1742 τῆς
1197 1676 1552 1743 ἐπικρατείας
1586 1676 1719 1729 Ῥωο

139 1764 322 1833 μαῐων
361 1764 760 1834 ἀνδραγάθημα
792 1765 965 1828 οὐδεὶς
998 1764 1107 1817 τῶν
1137 1764 1243 1835 πρὸ
1270 1765 1425 1835 ήμῶν
1465 1765 1715 1837 ἐξειργά-

138 1871 271 1907 σατο
294 1856 361 1909 ⁸³.
403 1857 478 1909 Οὑ
536 1856 725 1925 χρείαν
756 1856 867 1927 ἔχει
921 1856 1164 1919 πλείονος
1204 1857 1492 1928 ἐργασίας,
1536 1858 1654 1912 ἀλλ’
1686 1858 1720 1929 ἢ
1754 1845 1794 1900 Β

138 1947 399 2015 ’παρεῖναι
422 1945 590 2015 “(89)
612 1946 729 1999 ὁδδν
752 1946 849 2015 τὴν
874 1947 1007 2017 πρὸς
1032 1948 1130 2018 τὴν
1162 1946 1343 2018 χώραν
1366 1948 1398 2018 ἡ
1407 1948 1544 2017 μῶν,
1566 1948 1632 2003 δι’
1652 1942 1720 2019 ἦς

134 2034 462 2105 ἀφιξώμεθα
481 2037 616 2105 (90).
642 2038 753 2090 Καὶ
774 2040 821 2089 εί
847 2038 949 2107 μὲν
966 2038 995 2089 6
1025 2038 1313 2103 Πετρωνᾶς
1334 2038 1545 2093 διώκων
1574 2041 1721 2112 ἡμᾶς

136 2129 465 2194 καταλάϐοι,
492 2130 794 2200 τηνικαῦτα
827 2130 1002 2201 τούτῳ
1030 2133 1461 2203 παραταξόμεθα
1481 2135 1527 2166 ⁸⁸
1545 2151 1558 2164 ·
1585 2137 1631 2188 εί
1665 2135 1721 2189 δὲ

135 2222 301 2277 τοῦτο
322 2222 399 2295 μὴ
428 2222 773 2293 συναντήσοι,
812 2224 869 2277 ὲν
899 2226 1011 2287 τοῖς
1041 2224 1191 2285 ἰδίοις
1224 2227 1443 2289 πάντως
1492 2227 1723 2280 ἀπελευ-

135 2316 596 2386 σόμεθα.ιΑὑτδς
621 2316 677 2370 δὲ
709 2318 736 2368 6
761 2317 940 2387 Ἀμερ
970 2315 1044 2379 ὼς
1066 2316 1221 2379 εἴτις
1253 2316 1411 2380 ἄλλος
1435 2319 1723 2389 οἰηματίας

134 2408 311 2461 τελῶν
340 2408 451 2478 (91)
476 2409 571 2461 κα)
608 2409 916 2479 ὑπέροπλος
953 2407 1058 2480 ἔφη
1084 2426 1097 2440 ·
1140 2428 1158 2460 ι
1189 2410 1455 2480 Οὐδαμῶς
1488 2410 1549 2463 τὸ
1591 2413 1722 2481 παρ’

136 2500 300 2571 ὑμῶν
329 2499 615 2571 βουλευθέν
646 2502 1043 2573 διαπράξομαι,
1066 2502 1139 2566 ὡς
1165 2502 1231 2556 ἂν
1257 2502 1330 2573 μὴ
1362 2506 1568 2569 ἐκεῖνος
1602 2507 1724 2576 ἐμοὶ

135 2589 346 2643 δειλίαν
378 2594 475 2643 καὶ
510 2592 756 2662 δρασμὸν
796 2592 1188 2664 έπιγράψοιτο·
1238 2593 1319 2648 διὸ
1360 2594 1555 2665 ἄπειμι
1588 2598 1725 2666 πρὸς

136 2682 580 2753 ἀντιπαράταξιν
614 2684 803 2738 αὑτοῦ.
842 2703 869 2735 ι.
898 2684 1188 2747 Διοδεύσας
1230 2685 1286 2739 δὲ
1315 2686 1422 2740 ἀπὸ
1468 2687 1723 2752 ’Δμινσοῦ

138 2774 273 2827 ὼσε).
316 2774 471 2845 μίλια
496 2775 542 2806 ⁸⁸
574 2775 685 2846 (9‘2)
718 2772 768 2844 φ’
819 2774 897 2847 τῷ
944 2776 1249 2849 ’Δϐυσιανῷ
1290 2780 1550 2849 καταντᾷ.
1586 2780 1727 2833 κατά

140 2867 405 2935 συνορῐαν
424 2866 667 2919 τελοῦντι
704 2868 801 2938 τῆς
833 2885 892 2921 τε
927 2868 1306 2937 Παφλαγονίας
1338 2870 1432 2922 καὶ
1466 2868 1561 2921 τοῦ
1604 2870 1725 2939 Ἀρ-

140 2956 427 3027 μενιακῶν
456 2957 715 3028 θέματος,
743 2959 823 3021 εἰς
870 2959 961 3011 τὸν
999 2959 1177 3029 χῶρον
1212 2959 1271 3023 δς
1310 2959 1726 3028 κατωνόμασται

136 3049 427 3119 Πόρσοντα
450 3050 583 3119 (95).
609 3050 677 3102 ὲνι
702 3043 746 3118 ᾧ
780 3050 904 3121 δρος
933 3049 1260 3121 καθέστηκε,
1295 3050 1417 3104 καθ’
1440 3050 1468 3103 6
1496 3052 1524 3103 6
1550 3053 1729 3122 Ἀμερ

1820 578 1933 634 lum
1978 580 2213 634 inferre:
2260 589 2599 650 quapr0pter
2650 596 2777 634 eum
2832 581 3091 635 universo
3124 584 3390 637 exercitui

1822 689 2055 745 praeesse
2081 675 2259 743 jussit.
2299 675 2381 729 Ab
2406 690 2472 727 co
2506 674 2749 729 collectae
2796 683 2924 729 sunt
2960 690 3151 730 omnes
3182 675 3388 730 thema-

1822 773 1939 818 tqu
1971 764 2145 834 copia:
2172 773 2229 818 et
2262 765 2429 817 armis
2455 765 2762 830 instructze,
2816 763 3013 832 prtulio
3053 762 3317 817 adversus
3344 774 3399 817 te

1825 864 2044 928 parataa.
2079 875 2098 907 ι
2133 856 2287 910 Tunc
2309 861 2472 911 Amer
2517 856 2634 909 suis
2681 854 2915 912 ducibus
2971 854 3233 909 rcvelavit
3264 854 3402 923 quid

1821 947 2141 1012 audivisset,
2191 944 2323 1015 quid
2367 945 2675 1000 faciendum
2719 945 2787 999 ad
2831 944 2947 1000 hate
2991 945 3063 998 sit
3124 960 3395 1014 quaerens.

1823 1039 1903 1093 Illi
1938 1054 2067 1093 vero
2093 1037 2160 1093 ad
2178 1054 2304 1093 eum
2326 1038 2659 1092 unanimiter
2693 1037 2986 1091 dixerunt:
3030 1056 3047 1088 ι
3076 1038 3183 1090 Res
3208 1037 3399 1105 quales

1823 1146 1945 1195 nos,
1974 1145 2007 1183 ο
2030 1133 2215 1194 Amer,
2243 1127 2514 1199 gessimus
2538 1127 2798 1182 adversus
2825 1129 3194 1182 Romanorum
3226 1128 3397 1197 ἱιηρσο

1824 1221 1989 1282 rium,
2020 1234 2182 1275 nemo
2212 1228 2340 1274 ante
2370 1234 2472 1273 nos
2504 1218 2711 1290 gessit:
2758 1234 2867 1273 non
2898 1227 2983 1273 est
3013 1235 3155 1288 opus
3194 1220 3402 1288 majore

1823 1312 2062 1381 negotio,
2096 1309 2194 1365 sed
2233 1319 2444 1364 tantum
2485 1308 2575 1363 via
2604 1308 2661 1363 in
2693 1316 2936 1362 nostram
2962 1310 3265 1379 regionem,
3304 1323 3403 1378 per

1823 1418 1986 1474 quam
2033 1400 2467 1472 proficiscamur.
2506 1401 2573 1454 Et
2612 1400 2658 1456 si
2711 1399 2936 1470 quidem
2991 1400 3253 1455 Petronas
3304 1416 3403 1456 nos

1823 1507 2165 1564 persequens
2195 1491 2572 1562 occupaverit,
2628 1501 2760 1563 tunc
2789 1491 2901 1562 96
2951 1502 3147 1546 contra
3179 1508 3304 1545 eum
3350 1492 3402 1545 in

1824 1588 1941 1642 acie
1986 1587 2395 1642 consistemus:
2452 1584 2538 1638 sin
2577 1584 2631 1638 id
2680 1600 2790 1639 non
2829 1583 3064 1649 accidat,
3098 1584 3165 1637 ad
3218 1593 3406 1638 nostra

1826 1677 2016 1747 utique
2049 1676 2346 1731 abibimus.
2388 1695 2405 1729 ι
2447 1677 2564 1744 Ipse
2586 1686 2769 1729 autem
2800 1676 2987 1740 Amer,
3017 1676 3062 1729 si
3091 1677 3214 1745 quis
3266 1676 3409 1730 allus

1826 1785 2087 1839 arrogans
2103 1777 2158 1823 et
2184 1768 2625 1838 superbus,dixit
2644 1786 2657 1821 :
2674 1768 3139 1837 «Haudquaquam
3166 1778 3408 1823 vestrum

1824 1863 2112 1916 consilium
2145 1876 2440 1931 exsequar,
2482 1875 2550 1913 ne
2591 1861 2683 1913 ille
2732 1858 3089 1913 formidinem
3122 1867 3217 1912 aut
3258 1858 3412 1927 fuga-

1823 1955 2043 2009 citatem
2076 1954 2208 2009 mihi
2244 1954 2501 2022 imputet.
2548 1950 2727 2017 Quare
2758 1950 3077 2020 proﬁciscar
3116 1950 3170 2003 in
3236 1949 3409 2004 aciem

1823 2055 2012 2101 contra
2040 2061 2219 2100 eum.»
2257 2042 2654 2111 Profectusque
2668 2040 2737 2095 ab
2757 2040 2946 2095 Amiso
2971 2040 3127 2109 quasi
3157 2036 3412 2093 milliaria

1823 2139 2123 2208 quingenta
2184 2137 2250 2191 ad
2294 2135 2651 2206 Amysianum
2706 2132 2962 2205 pervenit
2997 2132 3049 2186 in
3100 2130 3415 2185 conﬁnibus

1824 2230 2208 2301 Paphlagonia:
2257 2237 2314 2282 et
2347 2225 2658 2281 Armeniaci
2702 2224 2982 2287 thematis,
3016 2224 3067 2276 in
3108 2224 3289 2277 locum
3317 2223 3411 2292 qui

1824 2324 2089 2377 Porsonta
2137 2319 2364 2380 dicitur,
2398 2316 2493 2372 ubi
2534 2329 2694 2369 mons
2716 2321 2822 2379 est,
2858 2312 3003 2383 apud
3050 2329 3213 2382 quem
3248 2314 3415 2367 Amer

1827 2414 2180 2472 tabernacula
2215 2411 2435 2483 posuit;
2478 2411 2593 2480 ipse
2622 2409 2676 2463 in
2708 2408 2880 2463 altera
2907 2416 3060 2477 parte
3099 2408 3322 2469 montis,
3360 2417 3414 2460 et

1827 2509 1881 2563 in
1914 2508 2085 2561 altera
2122 2506 2407 2560 Petronas.
2432 2502 2569 2557 Cum
2597 2511 2781 2556 autem
2812 2516 2921 2554 nox
2952 2500 3216 2561 venisset,
3243 2497 3413 2551 duc-es

1826 2598 1997 2653 mittit
2029 2598 2295 2653 Petronas
2337 2610 2401 2649 ex
2436 2592 2854 2665 probatioribus
2904 2591 2999 2662 qui
3037 2588 3416 2645 conscendant

1828 2700 2073 2746 montem
2124 2703 2365 2757 eumque
2400 2694 2692 2755 occupent,
2730 2700 2799 2739 ne
2846 2684 3037 2739 hostes
3084 2696 3209 2735 eum
3273 2680 3418 2734 obti-

1828 2793 2013 2841 neant.
2064 2782 2221 2849 Quod
2271 2781 2416 2835 idem
2462 2788 2516 2833 et
2550 2779 2715 2832 Amer
2765 2775 2918 2832 fecit.
2953 2774 3201 2843 Cumque
3249 2772 3302 2824 iu
3334 2786 3422 2824 as.

1828 2892 1997 2933 censu
2033 2874 2238 2929 montis
2280 2873 2385 2927 sibi
2420 2870 2761 2932 obviasscnt,
2792 2864 3090 2937 praevalere
3122 2863 3251 2917 fecit
3276 2862 3422 2917 Deus

1829 2969 2094 3039 populum
2129 2981 2314 3028 suum,
2363 2950 2569 3033 eosque
2606 2960 2702 3030 qui
2750 2958 3112 3014 ascenderant
3159 2956 3421 3010 audacter

1831 3058 2074 3129 aggressi
2135 3055 2477 3126 deiecerunt,
2550 3062 2606 3106 et
2663 3053 2930 3107 Petronas
2986 3062 3229 3103 montem
3292 3063 3417 3101 cum

138 3143 437 3215 ὲσκήνισεν
480 3143 614 3211 (96),
662 3144 781 3213 ἦτοι
819 3139 913 3195 τοῦ
961 3143 1122 3212 ὅρους
1166 3143 1396 3207 ἐκεῖθεν,
1431 3144 1522 3197 καὶ.
1557 3146 1585 3197 ὁ
1628 3145 1725 3197 ﬂa-

1833 3149 1981 3205 omni
2017 3164 2114 3203 sua
2154 3145 2507 3201 multitudine
2544 3143 2819 3198 ascendit.
2854 3142 3127 3210 Faetoquc
3159 3140 3417 3195 conﬂictu

137 3236 360 3307 τρωνᾶς
393 3234 565 3288 ἐνθεν.
601 3234 813 3297 Νυκτὸς
847 3234 908 3288 δὲ
931 3234 1350 3304 καταλαϐούσης
1385 3237 1727 3305 στρατηγοὺς

138 3326 426 3395 ἐκπέμπει
447 3325 555 3377 τῶν
581 3324 907 3394 εὐδοκίμων,
933 3326 1413 3395 ἐπαναϐεϐηκέναι
1444 3328 1539 3379 τοῦ
1567 3327 1727 3398 ὅρους

141 3417 239 3469 καὶ
267 3414 615 3485 ἑγκρατῆσαι
648 3415 837 3480 αὑτοῦ,
862 3415 951 3470 ἵνα
979 3416 1055 3486 μὴ
1082 3417 1273 3469 τούτου
1305 3418 1361 3470 ὲν
1402 3418 1727 3488 κατασχέσει

142 3508 414 3577 γένωνται
444 3505 495 3559 οἱ
528 3506 796 3576 πολέμιοι.
838 3507 1017 3561 Ταὺτδ
1054 3508 1119 3578 δὴ
1147 3508 1307 3561 τοῦτο
1352 3510 1445 3562 κα).
1488 3510 1515 3560 6
1547 3510 1727 3581 Ἀμερ

140 3595 448 3668 εἰργάσατο
468 3595 600 3665 (95).
635 3595 781 3665 Πρὸς
810 3598 877 3666 τῇ
911 3594 1180 3650 ἀναϐάσει
1208 3595 1266 3648 δὲ
1297 3595 1391 3648 τοῦ
1420 3596 1579 3665 ὅρους
1606 3613 1730 3649 συν-

142 3690 468 3761 ηντηκότων
501 3688 770 3761 ἀλλήλοις,
825 3689 1196 3759 ὑπερίσχυσεν
1230 3690 1258 3741 6
1303 3690 1434 3753 Θεὸς
1476 3691 1565 3743 τὸν
1605 3691 1732 3743 λαὸν

142 3782 318 3837 αὑτοῦ
379 3784 475 3835 καὶ
529 3782 653 3844 τοὺς
697 3780 1106 3851 ἀναϐεϐηκότας
1165 3782 1447 3853 εὐθαρσῶς
1511 3782 1732 3835 κατεϐί-

145 3876 352 3929 ϐασεν·
392 3874 477 3943 ἐφ’
513 3875 543 3927 6
587 3874 681 3927 κα).
727 3875 755 3927 6
786 3874 1077 3943 Πετρωνᾶς
1111 3873 1247 3943 μετά
1295 3873 1391 3927 τοῦ
1433 3874 1523 3927 ὑπ’
1575 3874 1735 3927 αὑτὸν

147 3966 358 4031 παντὸς
404 3966 537 4019 λαοῦ
585 3965 953 4036 ἀναϐέϐηκεν.
994 3965 1279 4035 Συμϐολῆς
1332 3965 1390 4019 δὲ
1439 3967 1735 4037 γενομένης

145 4060 265 4113 τῶν
290 4060 578 4130 ἑκατέρων.
590 4077 654 4129 με
665 4059 794 4129 ρῶν,
819 4059 847 4110 6
870 4058 1182 4111 ἐπιϐλέπων
1206 4056 1341 4121 Θεὸς
1369 4058 1463 4111 ἐπὶ
1484 4058 1737 4111 ταπεινὸν

149 4153 251 4206 καὶ
298 4152 475 4221 πρᾶον
503 4151 597 4203 καὶ
629 4151 755 4214 τοὺς
781 4148 950 4203 αὑτοῦ
1000 4150 1273 4220 τρέμοντα
1304 4149 1521 4218 λόγους,
1563 4152 1590 4202 6
1626 4151 1737 4213 τοῖς

149 4240 534 4312 ὑπερηφάνοις
567 4240 1023 4310 ἀντιτασσόμενος
1044 4278 1059 4304 ,
1100 4240 1191 4292 τὸν
1242 4240 1340 4310 μὲν
1375 4240 1737 4311 ἑκραταέωσε,

150 4335 250 4388 τὸν
282 4334 339 4386 δὲ
370 4334 681 4405 ὲσάθρωσεν
710 4332 854 4403 (96)·
880 4333 977 4387 καὶ
1014 4332 1329 4402 παραυτίκα
1358 4335 1387 4386 6
1424 4334 1601 4403 Ἀμερ
1632 4349 1739 4402 μα-

150 4422 328 4493 χαίρᾳ
380 4421 819 4493 πεποινιηλάτητο
846 4422 911 4486 ⁸⁷,
952 4414 1127 4492 οὗπερ
1165 4421 1546 4493 ἀναιρεθέντος
1586 4422 1612 4473 6
1647 4422 1739 4475 ὑπ’

1827 3258 1892 3297 ex
1933 3250 2167 3309 utraque
2211 3246 2396 3308 parte,
2435 3237 2602 3300 Deus,
2627 3235 2722 3303 qui
2766 3233 3031 3287 humilem
3083 3230 3310 3299 respicit
3355 3239 3413 3284 et

1828 3340 2178 3385 mansuetum
2216 3343 2457 3396 suosque
2492 3342 2777 3381 sermones
2820 3333 3174 3387 trementem,
3323 3337 3419 3376 Sll-

1828 3423 2014 3495 perbis
2074 3421 2302 3485 resistit,
2364 3420 2513 3473 hunc
2546 3417 2863 3483 roboravit,
2896 3417 3050 3471 illum
3088 3415 3418 3470 debilitavit.

1829 3517 1906 3570 Ac
1960 3512 2249 3569 confestim
2299 3515 2464 3566 Amer
2493 3510 2675 3581 gladio
2718 3524 2910 3580 pcenas
2947 3508 3073 3562 dat:
3111 3524 3219 3577 quo
3252 3507 3424 3560 inter-

1829 3607 1977 3681 fecto
2032 3604 2212 3659 omnis
2273 3604 2393 3672 ejus
2456 3601 2755 3655 multitudo
2814 3600 3077 3669 dissipata
3131 3598 3423 3668 gladioque

1833 3703 2116 3767 perempta
2141 3703 2245 3756 est,
2276 3708 2339 3747 ac
2363 3692 2476 3747 fere
2512 3692 2769 3746 universa
2791 3690 2979 3760 periit,
3009 3700 3239 3758 excepto
3274 3689 3422 3743 illius

1834 3787 1945 3841 filio
1972 3802 2095 3842 cum
2141 3801 2246 3839 una
2283 3785 2530 3839 centuria
2564 3782 2735 3855 Halyn
2769 3783 2997 3837 ﬂuvium
3035 3792 3419 3853 transgresso;

1834 3896 1997 3950 quem
2023 3888 2201 3931 tamen
2230 3891 2527 3931 occurrens
2552 3876 2659 3945 97
2696 3877 2746 3930 ei
2774 3876 2826 3929 in
2850 3874 3155 3929 Charsiano
3180 3873 3421 3927 themate.

1836 3969 2156 4025 merarches
2187 3966 2479 4021 Machteras
2510 3966 2692 4021 dictus
2724 3966 2892 4036 cepit,
2918 3966 3152 4034 illosque
3176 3964 3421 4033 quicum

1838 4062 1957 4131 ipso
1990 4068 2166 4125 erant,
2196 4067 2255 4115 ut
2284 4057 2699 4128 propemodum,
2731 4056 2843 4110 Deo
2874 4055 3202 4109 tniraculose
3229 4062 3423 4122 agente

1838 4153 1895 4206 in
1937 4149 2155 4205 eicelso
2198 4149 2451 4208 brachio.
2503 4162 2604 4201 nec
2656 4147 3066 4215 relinqueretur
3126 4144 3323 4212 aliquis
3357 4157 3424 4195 ex

1840 4242 1995 4311 ipsis,
2026 4240 2270 4311 quidque
2299 4237 2591 4292 accidisset
2612 4237 2894 4291 nuntiaret
2921 4237 2973 4288 in
3007 4235 3149 4288 urbe
3178 4234 3422 4303 ipsorum

1841 4331 2023 4385 adhuc
2051 4328 2279 4399 reliquis
2299 4326 2607 4382 Saracenis.
2636 4326 2751 4380 iloc
2782 4341 2906 4379 cum
2933 4326 3244 4379 nuntiatum
3276 4330 3423 4377 esset

1844 4420 2184 4492 imperatori,
2222 4418 2417 4473 civitas
2442 4416 2744 4471 abundanti
2777 4415 2963 4469 laetitia
2991 4414 3291 4469 exhilarata
3319 4422 3421 4475 est,

152 4514 325 4569 αὑτὸν
354 4514 500 4578 ἅπας
543 4514 672 4579 λαὸς
706 4514 1055 4567 διεσκέδαστο
1086 4515 1180 4567 κα),
1214 4512 1401 4583 ξίφους
1434 4514 1725 4584 ἐγχείρημα

1843 4529 1905 4568 ac
1931 4514 2198 4567 Petronas
2244 4510 2631 4579 magistrorum
2669 4508 2838 4579 gloria
2882 4508 3195 4561 decoratur.
3226 4505 3294 4560 Ut
3328 4520 3423 4556 au-

1453 4650 1688 4706 VARIAE
1732 4651 2134 4709 LECTIONES.

266 4746 311 4777 ⁶¹
340 4745 400 4798 τὸ
425 4744 605 4813 Ἀμερ
636 4742 699 4797 L.
779 4744 823 4776 ⁶²
846 4741 1084 4811 γεγονὼς
1109 4744 1138 4794 6
1163 4742 1341 4865 Ἀμερ
1380 4742 1444 4798 ι,
1519 4746 1567 4783 αι
1596 4745 1913 4816 ἐξείργαστο
1931 4746 1991 4799 ν,
2070 4745 2115 4775 οι
2136 4743 2391 4814 παραινεῖ
2427 4741 2487 4795 ι..
2565 4741 2609 4771 ⁸⁸
2632 4735 3096 4808 παραταξώμεθα,
3124 4752 3152 4787 ο
3184 4751 3351 4805 supra
3377 4757 3422 4790 ω

266 4816 356 4866 int.
384 4814 444 4866 L.
521 4815 566 4845 “
599 4814 766 4866 μήλια
789 4812 850 4866 1...
926 4812 970 4843 ⁸⁷
1001 4815 1231 4866 πεποινή
1269 4830 1366 4866 ατο
1396 4813 1456 4866 L.

521 4812 766 4885 ⁶⁶ίμήλια
789 4812 850 4868 L.
926 4812 970 4843 "
1001 4812 1366 4883 πεποινήλατο
1396 4813 1456 4867 ι..

155 4815 356 4887 script.
384 4814 444 4871 L.

1353 4926 1595 4984 STEPH.
1632 4928 1977 4985 BERGLERI
2008 4926 2240 4984 ΝΟΤᾹΞ.

233 5043 361 5113 (85)
385 5043 463 5097 ita
494 5042 757 5112 scriptum
783 5081 799 5104 ,
846 5038 1078 5097 solemni
1113 5041 1545 5113 hallucinationc
1587 5043 1734 5097 circa

157 5133 189 5167 ο
215 5111 373 5185 etim.
400 5113 561 5185 Forte
589 5111 667 5181 τῷ
696 5113 995 5184 scripserat
1015 5120 1209 5167 auctor
1237 5111 1325 5185 [ut
1358 5129 1411 5183 p.
1437 5114 1553 5185 80].
1586 5115 1736 5169 Alias

157 5194 222 5240 et
244 5184 337 5236 τὸν
362 5182 466 5252 legi
497 5190 697 5252 potest.

239 5253 355 5323 (86)
380 5252 658 5323 Scriptum
690 5253 877 5323 άπισιν
904 5267 970 5307 ex
1004 5252 1322 5309 iotacismo.

237 5323 355 5391 (87)
386 5322 466 5376 Ita
495 5323 784 5396 scriptum;
821 5322 1011 5377 Potius
1041 5324 1169 5395 παρ’
1208 5324 1259 5388 6,
1289 5326 1555 5396 quocirca,
1593 5341 1730 5395 qua—

163 5387 537 5477 ρνορίενμοιιι
564 5387 696 5463 παρ’
722 5387 804 5456 οὗ,
829 5410 861 5446 a
892 5410 1017 5477 quo.

237 5462 355 5534 (88)
396 5462 672 5534 Scriptum
720 5462 960 5534 γεγονὼς
997 5463 1045 5534 6.
1084 5462 1325 5534 Apparet
1369 5474 1549 5519 autem
1608 5464 1739 5521 hinc

164 5532 410 5589 maxima
444 5533 694 5588 socordia
720 5533 929 5586 librarii
961 5533 1105 5588 circa
1134 5532 1246 5589 δἐι
1273 5553 1339 5588 ω.

242 5602 357 5675 (89)
390 5602 488 5675 _lta
527 5603 793 5675 scriptum
821 5643 836 5667 ,
868 5618 979 5675 non
1014 5606 1322 5673 παραινεῖν.
1361 5605 1504 5675 quod
1552 5606 1737 5675 aptius

165 5671 349 5748 esset.
376 5671 1026 5748 A_ut_po_tius_legendum
1060 5671 1288 5745 περανεῖ
1310 5671 1397 5731 vel
1440 5671 1737 5748 περαῖνειν.

266 5742 358 5798 90)
392 5742 560 5797 Balb'u
570 5744 635 5797 tit
662 5742 882 5798 misere.

266 5746 337 5797 90
392 5746 635 5797 Balbutit
662 5746 882 5798 misere.
1513 5746 1521 5748 ἡ

243 5746 361 5886 (91)
390 5811 669 5885 Scriptum
696 5812 883 5873 τελῶν.
913 5813 1062 5872 Solet
1091 5813 1352 5874 librarius
1390 5831 1487 5887 pro
1509 5816 1742 5874 circum-

1839 5043 1978 5098 ﬂexo
2018 5051 2238 5096 acutum
2293 5054 2521 5110 ponere,
2572 5046 2631 5090 ttt
2672 5051 2838 5105 supra
2874 5035 2928 5088 iu
2987 5036 3282 5110 Harpe)an
3317 5036 3422 5090 ali-

1838 5115 2105 5184 quoties:
2138 5106 2308 5184 paulo
2349 5119 2475 5163 ante
2518 5119 2701 5184 tamen
2757 5106 3418 5184 recteﬂnsptgirmpévmg.

1910 5183 2021 5248 (92)
2058 5173 2435 5250 Ita-scriptum
2484 5178 2674 5248 μήλια,
2716 5191 2822 5230 non
2861 5173 3033 5250 μίλια.
3063 5173 3425 5250 νὶῐὶςιιιτιιυ-

1840 5244 1949 5309 tein
2009 5244 2303 5307 numerus'
2326 5244 2756 5319 quingentorum
2803 5244 3046 5319 Animius.
3076 5275 3145 5319 :—
3172 5244 3247 5298 lta
3308 5246 3421 5300 fere

1836 5325 2129 5393 scriptum,
2158 5332 2220 5376 ut
2252 5314 2425 5393 etiam
2445 5314 2758 5393 lég_i_p_ossit
2803 5314 3135 5393 “Apggiaufi:

1912 5382 2025 5465 (93)
2047 5382 2213 5465 Cant.
2248 5408 2299 5461 p.
2330 5382 2875 5465 ιιεε-ιῐοῖηάσοντα.
2909 5382 3192 5465 γξίι.ηίι›ίά.
3214 5401 3269 5455 ρ.
3296 5386 3419 5465 iis,

1840 5453 2091 5532 Cc‘dr.'p.
2118 5453 2263 5528 546,-
2292 5460 2385 5515 ubi
2442 5458 2772 5511 Πτώσονταο
2826 5454 2971 5524 apud
3023 5453 3158 5510 Zon.
3296 5456 3417 5523 159,

1846 5532 2163 5589 ιΙτώσαντα.

1913 5603 2025 5673 (94)
2050 5603 2128 5673 lita
2155 5602 2442 5673 scriptum!
2469 5614 2577 5653 non
2606 5598 2939 5667 ἐσκήνωσεν.

1915 5671 2030 5742 (95)
2055 5672 2219 5727 Cont.
2253 5671 2305 5741 p.
2340 5671 2459 5742 H6.

1914 5734 2027 5814 (96)
2052 5742 2212 5814 cont.
2254 5734 2322 5814 'p.
2362 5740 2502 5814 ιιι,
2544 5738 2877 5814 Syin.__Log.
2929 5753 2983 5807 p.
3215 5734 3414 5805 Georg.

1844 5806 1984 5871 Mdu.
2104 5812 2225 5878 5'65,
2267 5806 2427 5868 Cedr.
2463 5826 2515 5882 p.
2546 5806 2669 5875 517,
2704 5806 2899 5863 Zonar.
2927 5806 2979 5877 p.
3026 5806 3147 5863 159.
