4146 6436
170 383 304 446 1117

1508 396 1776 458 REGUM
1811 401 1956 462 LIB.
2001 406 2094 466 ll'.

3293 423 3424 487 1118

176 496 785 567 Ἐπεςιιλοχρηματήκει
815 495 926 568 (15)
959 497 1067 566 γὰρ
1093 499 1329 567 ἀφειδῶς
1366 503 1577 559 πολλῶν
1609 523 1736 576 κτη-

1849 517 2146 580 sessiones,
2174 520 2270 576 sed
2293 529 2349 574 et
2376 534 2666 590 pretiosas,
2698 527 2980 594 atl'eetaus,
3012 547 3243 600 quarmn
3279 551 3427 589 emn-

164 587 351 655 μὰτων
371 588 468 641 καὶ
492 589 601 658 μὴν
625 588 913 659 τιμαλφῶν
932 591 1241 660 ἐφιέμενος,
1263 587 1338 646 ὧν
1360 595 1456 666 τὴν
1479 598 1670 667 κτῆσιν
1689 599 1746 666 ἐξ

157 680 459 746 ἀναγκαίου
484 680 969 749 προσελαμϐάνετο
988 697 1000 710 ·
1031 682 1458 755 ἑπεφιλοτίμητο
1483 688 1592 758 γὰρ
1617 707 1748 760 προ-

161 767 412 836 πομπαῖς
441 767 520 828 είς
544 767 714 835 ἄκρον
747 769 844 820 καὶ
872 769 1289 842 σεϐασμιότησι,
1324 775 1383 826 τὸ
1405 774 1630 840 αὔθαδες
1655 780 1746 833 καὶ

156 856 476 919 ἀλαζονικὸν
497 859 886 929 ἐπισπώμενος
908 862 1042 931 (14),
1068 863 1116 915 εἰ
1138 864 1230 916 καὶ
1262 865 1401 935 μετὰ
1422 885 1744 937 σκηνικευο-

161 950 331 1018 μένης
360 952 678 1019 φρονήσεως
701 950 799 1004 καὶ
821 952 1057 1024 ἀρχικῆς
1091 957 1482 1022 καταστάσεως
1503 960 1680 1030 ἥττων
1699 964 1742 994 7'

154 1037 222 1113 ἦν
261 1041 375 1094 τῶν
417 1043 475 1108 ἐξ
515 1044 772 1113 ἀληθείας
823 1045 1229 1118 βελτιωμάτων.
1268 1050 1358 1115 Ἐξ
1391 1045 1467 1104 ὧν
1499 1055 1744 1123 ἀσχέτως

153 1133 437 1187 ὲδασιλεία
467 1135 597 1204 (15),
633 1137 858 1206 Μιχαὴλ
898 1140 1276 1210 ἐπαυχενίζων
1324 1144 1416 1196 τοῦ
1456 1145 1741 1213 βασιλέως,

151 1218 255 1291 ᾧτ’
279 1227 627 1297 παρορᾶσθαι
659 1229 758 1298 μὲν
780 1229 1038 1295 πολλάκις
1064 1233 1127 1285 ἕκ
1147 1252 1205 1286 τε
1228 1233 1338 1304 (16)
1364 1237 1471 1288 τῶν
1504 1239 1741 1311 συγκλη-

149 1317 323 1370 τικῶν
359 1317 658 1385 ἐξεγένετο,
690 1320 830 1388 τάχα
863 1321 918 1374 δὲ
947 1323 1039 1375 καὶ
1065 1323 1153 1377 διὰ
1185 1325 1244 1377 τὸ
1283 1325 1602 1380 ἁλίσκεσθαι
1627 1329 1738 1402 (17)

148 1409 504 1480 φιλοθεάμονι
533 1413 626 1464 καὶ
655 1412 1076 1486 φιλιπποδρόμῳ
1107 1417 1367 1488 προθέσει
1395 1419 1487 1472 τὸν
1532 1421 1741 1476 ἄνακτα

145 1500 212 1553 δι’
257 1502 596 1572 ἀπροσεξίαν
633 1503 746 1556 τῶν
795 1505 1116 1575 ἀμεινόνων,
1156 1507 1188 1578 ἢ
1234 1509 1396 1579 τυχὺν
1423 1513 1516 1564 καὶ
1555 1513 1741 1586 ἡλικία

143 1594 212 1662 τῇ
247 1592 522 1665 νεαζούσῃ
549 1598 1044 1666 παραριπίζεσθαι.

217 1685 296 1738 Οὐ
332 1685 439 1755 μὴν
455 1687 512 1740 δὲ
543 1687 753 1756 Βάρδας
779 1691 946 1760 μόνης
978 1693 1078 1762 τῆς
1111 1693 1387 1762 βασιλείας
1415 1701 1557 1770 ἐρῶν
1579 1703 1738 1773 ἐτυρ-

145 1776 370 1844 Εάζετο,
389 1778 527 1831 ἀλλὰ
559 1781 654 1832 καὶ
683 1782 792 1834 τῶν
821 1783 919 1853 τῆς
951 1784 1288 1857 Ἐκκλησίας
1314 1791 1603 1862 ὲγκρατείν
1640 1795 1738 1847 οὐκ

141 1870 388 1924 ἐπαύετο
419 1871 558 1941 (18),
589 1872 731 1925 ὥστε
763 1875 1015 1929 καθελεῖν
1057 1879 1154 1932 τοῦ
1186 1856 1582 1954 ἀρχιερατικοῦ
1612 1886 1741 1956 θρό-
1772 1856 1814 1911 Β

141 1980 236 2015 νου
264 1962 359 2016 τὸν
388 1963 586 2033 σεμνὸν
649 1959 916 2034 Ίγνάτιον
947 1968 1365 2040 διασκέψασθαι,
1401 1974 1480 2046 τῷ
1535 1976 1743 2048 ἀπεῖρ-

143 2051 278 2121 χθαί
340 2070 474 2106 ποτε
516 2057 806 2119 κοινωνίας
829 2057 996 2111 αὐτὸν
1027 2063 1169 2116 κατά
1194 2080 1247 2115 τι
1273 2064 1379 2118 τῶν
1398 2068 1744 2124 άπευκταίων

138 2143 459 2216 ἐλάττωμα,
482 2146 512 2200 ὃ
541 2147 679 2221 πρὸς
736 2149 995 2204 ὑπόνοιαν
1055 2155 1530 2228 παρενέσκηπτεν,
1570 2161 1618 2213 εί
1650 2161 1744 2213 καὶ

137 2237 280 2306 παρ’
305 2239 474 2292 αύτοῦ
525 2241 788 2304 πολλάκις
828 2244 885 2296 ὲν
917 2244 1095 2318 ταύτῃ
1152 2247 1364 2318 δεχθεὶς
1402 2250 1740 2316 νουθετικαῖς

137 2349 200 2385 τε
271 2331 609 2402 συμϐουλαῖς
648 2333 722 2406 μὴ
760 2335 1008 2399 πεισθεὶς
1058 2339 1102 2370 7"
1166 2341 1364 2393 ἑαυτὸν
1420 2342 1742 2412 δοκιμάζειν

135 2425 264 2478 καθ’
314 2425 350 2479 ἃ.
400 2426 479 2497 τῷ
533 2427 733 2498 Παύλῳ
799 2432 1247 2501 νενομοθέτηται,
1309 2435 1622 2501 ἁνευλαδῶς
1664 2438 1740 2508 τῷ

135 2518 428 2585 ἁγιάζοντι
460 2520 712 2590 πρόσεισι
769 2522 865 2576 καὶ
916 2523 1206 2588 πολλάκις·
1243 2527 1324 2579 διὸ
1377 2529 1434 2581 ἐν
1490 2532 1590 2599 μιᾷ
1626 2533 1737 2601 (l9)

134 2611 238 2682 τῆς
292 2612 591 2684 ἀδιαφόρου
673 2615 880 2685 τόλμης
932 2618 1378 2687 ἁπορῤαπίζεται
1440 2622 1576 2691 (20),
1645 2625 1740 2677 καὶ

133 2704 358 2757 ἀπειλεῖ
386 2703 512 2756 κατ’.
532 2705 695 2758 αὑτοῦ
749 2707 868 2776 μεθ’
911 2708 1124 2779 ὕϐρεων
1181 2711 1433 2778 χαλεπῶν
1491 2715 1590 2783 τῆς
1641 2718 1738 2784 ἁρ-

134 2797 484 2866 χιερωσύνης
506 2797 666 2849 αὐτὸν
699 2797 1087 2870 καθαιρήσειν,
1128 2803 1672 2874 προσεπιοησόμενος
1690 2809 1733 2838 ⁷⁵

133 2883 437 2954 αἰκισμούς
464 2884 600 2955 (21).
641 2888 738 2949 Ὃς
769 2887 888 2957 μετ’
917 2888 1098 2957 ὀλίγον
1148 2893 1240 2944 τὸν
1273 2894 1515 2946 τοιοῦτον
1567 2896 1735 2966 apag:

132 2980 237 3049 τῆς
269 2979 473 3051 ἀρετῆς
507 2980 826 3049 ματαιὼσας
866 2985 974 3045 τοῖς
1026 2983 1146 3036 κατ’
1169 2985 1335 3038 αὑτοῦ
1390 2990 1734 3055 σκευασθείσι

131 3074 236 3140 τῆς
267 3073 566 3142 ἐκκλησίας
595 3074 916 3142 καθίστησιν
965 3074 1246 3147 ἔκϐλητον,
1303 3080 1394 3132 τὸν
1450 3082 1586 3151 μετὰ
1620 3083 1731 3153 (22)

1850 609 2192 679 parationem
2226 615 2540 667 necessario
2594 617 2960 684 suscipiebat:
2995 623 3251 678 studebat
3278 629 3424 680 enim

1848 716 2062 772 pompae
2108 717 2457 773 summopere
2487 718 2542 761 ct
2574 711 3010 777 magnineentim,
3059 717 3426 784 arrogantiam

1846 806 1902 848 et
1931 795 2130 850 fastum
2153 798 2439 867 colligens,
2473 801 2726 868 quamvis
2756 817 2877 855 cum
2910 804 3165 859 simulata
3187 808 3426 874 pruden-

1850 885 1922 938 tia
1956 895 2011 939 et
2062 887 2278 955 imperii
2313 888 2659 945 affectatione
2694 891 2961 958 aspiraret
2993 893 3062 947 ad
3101 909 3197 949 eos
3239 897 3422 965 profe-

1846 985 1967 1031 ctus
2005 978 2099 1045 qui
2129 977 2206 1030 rei
2235 979 2465 1032 veritate
2497 983 2884 1048 probarentur.
2916 984 3093 1049 Quare
3131 987 3426 1042 immodice

1845 1070 2135 1123 alfectabat
2171 1072 2484 1139 imperium,
2522 1074 2801 1129 Michaelis
2848 1075 3196 1143 imperatoris
3221 1078 3424 1132 cervici

1847 1159 2176 1227 imminens;
2206 1162 2318 1232 99
2349 1163 2436 1217 cui
2478 1174 2538 1217 ut
2577 1177 3028 1221 contemneretur
3058 1177 3115 1221 et
3148 1184 3178 1221 a
3201 1179 3421 1222 senato—

1845 1253 1943 1306 riis
1973 1254 2104 1308 viris
2137 1269 2280 1324 saepe
2309 1256 2532 1321 accidit,
2564 1256 2703 1334 [οι-ῳ
2729 1260 2856 1327 quia
2889 1269 3183 1330 caperetur
3209 1269 3424 1329 speeta-

1843 1346 1986 1399 culis
2029 1361 2094 1399 ae
2135 1337 2284 1401 circo
2321 1349 2486 1402 nimis
2523 1360 2674 1405 esset
2704 1349 2925 1406 deditus
2973 1353 3272 1423 imperator
3296 1367 3428 1422 pro-

1842 1447 1964 1508 pter
2029 1437 2339 1508 neglectum
2404 1440 2695 1495 meliorum
2749 1456 2988 1506 morum,
3042 1449 3138 1497 aut
3189 1439 3425 1499 fortasse

1841 1529 1987 1599 quod
2019 1530 2252 1600 juvenili
2301 1538 2462 1586 aetate
2499 1531 2607 1586 hue
2636 1533 2765 1588 illuc
2804 1533 3205 1603 impelleretur.

1913 1715 2019 1770 Sed
2073 1731 2184 1770 non
2245 1716 2423 1771 solum
2493 1715 2802 1787 cupiditate
2852 1718 3160 1788 imperandi
3217 1717 3424 1774 Bardas

1846 1806 2199 1863 turbulentus
2225 1816 2368 1873 erat,
2413 1823 2601 1863 verum
2633 1818 2690 1864 et
2718 1809 3022 1866 Ecclesiam
3071 1811 3279 1867 violare
3307 1828 3421 1867 non

1846 1898 2157 1966 desinebat,
2213 1899 2352 1956 adeo
2397 1909 2459 1956 ut
2488 1915 2772 1957 removere
2825 1917 2856 1956 a
2891 1902 3023 1959 sede
3068 1903 3421 1972 patriarcbali

1844 2001 2098 2048 sanctum
2156 1992 2422 2063 lgnatium
2484 1992 2541 2047 in
2603 1992 2850 2047 animum
2909 1993 3221 2060 induceret,
3272 1995 3421 2065 quod

1843 2083 2100 2137 exclusus
2149 2083 2448 2154 aliquando
2491 2085 2886 2140 communione
2955 2085 3026 2140 ab
3078 2101 3146 2141 eo
3207 2085 3418 2150 fuisset,

1845 2182 2074 2244 prepter
2113 2173 2393 2244 quoddam
2453 2173 2839 2231 detestandum
2884 2175 3119 2242 crimen,
3173 2177 3321 2247 quod
3363 2177 3418 2232 in

1843 2266 2216 2337 suspicionem
2256 2265 2536 2332 veniebat,
2560 2267 2812 2336 quamvis
2857 2282 3001 2338 saepe
3029 2269 3086 2322 in
3123 2283 3244 2324 eam
3264 2283 3420 2323 rece-

1843 2372 1988 2432 ptus,
2022 2359 2489 2418 admonitionibus
2513 2368 2569 2415 et
2600 2359 2848 2416 consiliis
2882 2375 2994 2414 non
3032 2360 3420 2431 obtemperans

1845 2468 1904 2511 ut
1963 2469 2084 2510 sese
2149 2453 2410 2524 probaret
2472 2452 2778 2508 secundum
2859 2452 3014 2508 Pauli
3059 2462 3416 2524 praeceptum,

1843 2549 2214 2602 irreverenter
2243 2545 2312 2599 ad
2337 2553 2589 2599 sanctum
2611 2543 2846 2610 accedit,
2885 2553 2943 2600 et
2990 2546 3191 2615 saepius
3211 2563 3223 2598 :
3247 2560 3418 2611 quare

1843 2656 1953 2694 uno
1973 2638 2210 2708 quodam
2254 2637 2345 2692 die
2391 2637 2463 2692 ob
2522 2637 2929 2693 indifferentem
2983 2638 3270 2694 audaciam
3327 2653 3416 2692 re-

1843 2733 2066 2802 pellitur
2111 2745 2236 2785 eum
2275 2729 2652 2799 castigatione.
2705 2729 2883 2801 Atque
2921 2729 3011 2784 hie
3049 2731 3294 2785 minatur
3333 2730 3416 2786 illi

1839 2840 1964 2879 eum
2017 2821 2367 2878 contumeliis
2427 2823 2707 2890 gravibus,
2751 2839 2782 2876 a
2835 2839 3050 2878 summo
3106 2826 3415 2881 sacerdotio

1839 2924 2203 2980 remoturum,
2237 2915 2558 2969 additurum
2591 2915 2756 2969 etiam
2811 2915 2952 2970 saeva
2985 2918 3219 2974 verbera
3247 2935 3260 2972 :
3317 2919 3412 2986 qui

1838 3011 1896 3057 et
1940 3003 2104 3073 paulo
2156 3012 2300 3074 post,
2344 3003 2617 3073 ejusmodi
2667 3004 2869 3069 virum,
2905 3005 3117 3060 virtute
3174 3008 3328 3063 irrita
3359 3016 3415 3062 et

1838 3095 2118 3163 despecta,
2147 3094 2263 3150 suis
2285 3094 2341 3149 in
2375 3110 2500 3150 eum
2524 3095 3027 3152 machinationibus
3055 3111 3123 3152 ex
3179 3098 3414 3153 ecclesia

132 3167 233 3234 τὴν
257 3165 526 3236 τετραετῆ
545 3167 639 3220 τοῦ
657 3168 850 3238 θρόνου
873 3169 1207 3239 κατάσχεσιν
1235 3174 1329 3224 καὶ
1363 3174 1681 3229 τελευταίαν
1707 3177 1727 3208 ⁷

1839 3188 2007 3258 ejicit,
2057 3188 2211 3241 illum
2246 3195 2372 3258 post
2406 3196 2646 3258 quatuor
2679 3204 2949 3242 annorum
2977 3189 3413 3258 patriarchatum

131 3257 229 3311 τοῦ
255 3257 637 3330 τρισμάκαρος
666 3260 930 3315 Μεθοδίου
957 3264 1320 3335 κατ’ὲκλογὴν
1345 3269 1732 3338 προκριθέντα,

134 3351 234 3403 σὺν
265 3350 525 3422 εὐλαϐείᾳ
549 3351 627 3421 τῷ
653 3352 902 3423 μεγίστῳ
945 3351 1057 3419 (25)
1083 3355 1195 3407 τῶν
1227 3357 1291 3410 ἐκ
1326 3359 1531 3427 πατρὸς
1581 3359 1733 3428 ὀρθο-

130 3442 304 3506 δῦξων
337 3443 653 3495 συστάσεων
675 3445 720 3476 ⁷⁷
748 3444 857 3496 τῶν
889 3445 1141 3514 μεγάλων
1162 3450 1226 3518 τῇ
1255 3449 1420 3519 ἀρετῇ
1457 3450 1730 3502 Βασιλείνλν

131 3535 228 3587 καὶ
262 3534 595 3605 Γρηγορίου,
621 3536 729 3588 τῶν
759 3535 892 3588 υίῶν
953 3538 1177 3600 Λέοντος
1212 3538 1500 3608 βασιλέως,
1536 3543 1638 3594 κΞιν
1666 3545 1728 3610 τῇ

127 3628 468 3698 τοῦπατρὸς
519 3628 772 3698 ὲπιψόγῳ
842 3629 1055 3699 αἱρέσει
1116 3634 1586 3701 σμικρυνομένων,
1657 3635 1731 3696 ὡς

129 3718 386 3772 ἐντεῦθεν
411 3719 595 3771 λοιπὸν
627 3720 960 3789 κληροῦσθαι
985 3720 1105 3764 ἐ’-⁸ο
1155 3723 1213 3775 τὸ
1263 3725 1520 3793 μέγιστον
1552 3727 1661 3778 τῶν
1684 3728 1725 3759 ⁸¹

133 3811 390 3881 μεγάλων
419 3810 831 3878 ἐπαναόέὸηκεν
867 3811 1002 3880 (24).
1043 3813 1384 3882 Ἀντεισάγει
1415 3817 1470 3869 δὲ
1518 3819 1729 3871 Φὼτιον

132 3903 510 3972 πατριάρχην,
565 3903 710 3955 κατά
744 3921 795 3956 τι
828 3905 926 3973 μὲν
955 3905 1064 3958 τῶν
1101 3906 1387 3976 βελτιόνων
1414 3911 1458 3940 ⁸⁸
1509 3910 1729 3980 ὑρερτε-

133 3994 357 4064 ροῦντα,
400 3995 540 4047 κατά
588 4013 639 4047 τι
685 3994 741 4046 δὲ
773 3995 1245 4067 χθαμαλούμενον.
1296 4001 1412 4070 Ἐφ’
1469 3996 1544 4056 ὧν
1591 4002 1722 4056 καο-

133 4086 241 4156 ὁδῳ
304 4086 403 4138 καὶ
437 4089 501 4156 τῇ
530 4087 700 4156 ἀνόδῳ
736 4086 946 4139 πολλῶν
976 4090 1435 4160 προσκληθέντων
1488 4095 1586 4163 τῆς
1634 4113 1726 4162 τε-

136 4177 355 4246 ρουσίου
421 4177 618 4246 βουλῆς
695 4180 791 4231 καὶ
843 4178 1072 4241 ταύταις
1146 4182 1722 4254 ἐπισξρραγισαμένιιηι,

131 4271 548 4334 Κωνσταντῖνος
606 4271 766 4342 μόνος
816 4272 844 4323 ὁ
899 4274 1192 4342 εἰρημένος
1241 4277 1302 4328 ού
1350 4278 1720 4343 zz-ztatiiistszz,

125 4361 364 4426 ἐξειπὼν
399 4363 474 4432 μὴ
508 4363 707 4429 ἐξεῖναί
734 4381 841 4417 τινι
870 4365 978 4416 τῶν
1010 4368 1214 4427 λαῖκοῖς
1242 4370 1563 4436 καταλόγοις
1596 4389 1724 4424 συν-

123 4454 466 4525 ειλεγμένων
495 4456 628 4526 περὶ
677 4457 939 4508 τοιούτων
986 4457 1380 4528 ἐγγράφεσθαι.
1422 4462 1497 4514 Οὐ
1558 4464 1721 4534 μέχρι

1839 3281 2124 3334 etobitum
2151 3280 2452 3335 beatissimi
2476 3280 2740 3334 Methodii
2775 3297 2873 3350 per
2898 3282 3226 3336 electionem
3258 3290 3414 3350 apte-

1839 3372 2100 3440 positum.
2127 3387 2252 3427 cum
2286 3373 2522 3427 maxima
2551 3374 2884 3440 reverentia,
2913 3383 3130 3442 patrum
3149 3374 3413 3430 orthodo-

1837 3477 2030 3514 xorum
2054 3462 2171 3531 pari
2201 3462 2409 3531 magnis
2433 3461 2540 3517 illis
2564 3463 2618 3516 in
2650 3463 2878 3526 virtute,
2903 3462 3104 3518 Basilio
3133 3463 3412 3535 etGrego-

1837 3553 1940 3616 rio,
1995 3553 2120 3607 ﬁliis
2165 3553 2366 3607 Leonis
2412 3555 2778 3624 imperatoris,
2811 3555 2914 3610 etsi
2967 3565 3195 3628 propter
3237 3558 3409 3627 patris

1837 3644 2092 3698 infamem
2122 3645 2355 3699 hmrcsin
2384 3647 2791 3712 minuerentur,
2821 3658 2886 3702 ut
2917 3647 2985 3702 ad
3022 3649 3408 3718 percipiendos

1840 3735 1997 3804 100
2066 3736 2306 3791 honores
2363 3754 2689 3808 magnorum
2743 3741 3013 3794 maximos
3061 3742 3404 3797 ascenderet.

1835 3826 2139 3881 lntroducit
2181 3838 2364 3882 autem
2412 3829 2616 3908 Bardas
2670 3831 2724 3885 in
2751 3833 2933 3886 locum
2982 3833 3101 3902 ejus
3151 3833 3408 3908 Photium

1833 3919 2224 3987 patriarcham,
2253 3922 2307 3974 in
2336 3904 2615 3990 aliquibus
2639 3923 2801 3977 bonis
2828 3924 3197 3991 superiorem,
3225 3925 3278 3977 in
3301 3925 3404 3977 3119

1831 4010 2033 4078 quibus
2068 4011 2404 4066 inferiorem.
2436 4013 2492 4066 lu
2525 4030 2762 4082 quorum
2797 4014 3064 4069 descensu
3092 4026 3148 4069 et
3177 4015 3407 4069 adscen-

1831 4119 1914 4166 su,
1958 4119 2080 4156 cum
2119 4105 2274 4159 multi
2310 4105 2562 4160 accersiti
2598 4107 2913 4161 l‘uisscntex
2941 4109 3220 4161 senatorio
3252 4108 3404 4162 ordi-

1829 4209 1896 4246 IIC
1956 4209 2194 4263 ρυιιιψιῡ
2253 4211 2480 4250 115501151]
2554 4215 2652 4251 SUO
2710 4199 3186 4268 comprobassent,
3247 4202 3400 4254 SO1IIS

1826 4285 2238 4352 Constantinus,
2297 4290 2364 4343 de
2429 4306 2538 4359 quo
2602 4290 2864 4358 diximus,
2929 4308 3038 4346 non
3099 4295 3399 4356 consensit,

1825 4377 2018 4432 dicens
2074 4395 2182 4432 non
2238 4379 2407 4434 licere
2452 4381 2708 4450 cuiquam
2745 4398 2809 4435 ex
2847 4383 3112 4437 laicorum
3168 4399 3401 4438 numero

1827 4469 2027 4525 talibus
2056 4470 2303 4524 inscribi.
2332 4471 2449 4525 Non
2478 4487 2543 4526 eo
2587 4481 2797 4526 tantum
2831 4489 3150 4544 processum
3199 4476 3398 4530 adver-

118 4549 321 4601 τούτου
350 4548 420 4602 τὰ
447 4548 568 4602 κατ’
597 4549 760 4603 αὐτόν
791 4566 804 4580 ·
838 4549 976 4602 ἀλλὰ
1044 4551 1266 4615 πολλαῖς
1293 4555 1586 4622 τιμωρίαις
1619 4559 1719 4625 ἑμ-

1839 4580 1921 4619 sus
1952 4565 2156 4634 ipsum,
2183 4564 2280 4619 sed
2315 4565 2504 4619 multis
2535 4567 2820 4636 suppliciis
2843 4577 3148 4630 exercetur,
3184 4576 3242 4622 ut
3265 4583 3397 4637 pro-

122 4641 480 4713 μεθοδεύεται
505 4643 552 4676 ⁸³
584 4644 730 4714 παρὰ
791 4644 986 4715 μικρὸν
1018 4645 1117 4713 τῆς
1150 4647 1294 4717 ζωῆς
1341 4649 1713 4720 ἀπηλλάχθαι,

1823 4655 2119 4725 pemodum
2156 4656 2323 4710 vitam
2371 4656 2673 4722 amitteret,
2729 4658 2786 4712 in
2845 4667 3060 4713 tantum
3121 4664 3184 4712 ut
3238 4658 3396 4713 humi

1367 4786 1600 4842 VARIAE
1670 4790 2068 4849 LECTIONES.

193 4873 504 4969 "ﬁttovb.
585 4879 630 4962 ζ’
765 4880 839 4969 ti);
873 4879 938 4969 LI.r
1013 4882 1311 4969 "thfd’ﬂjj;
1336 4884 1405 4967 LL
1450 4887 1517 4969 ﬁ”
1548 4891 2156 4969 προσεπιτιθῃσόμενος
2186 4891 2295 4969 L.__
2326 4895 2375 4969 '_‘
2400 4895 2683 4969 τελευτὴν-
2711 4899 2918 4969 potius.
3013 4903 3057 4932 ⁷⁷
3096 4902 3309 4968 συνευλ,
3359 4921 3394 4958 α

117 4950 296 5020 supra
318 4950 526 5019 scripto
549 4950 623 5003 τῶ
651 4950 896 5022 μεγίστω
917 4950 979 5006 L.
1057 4953 1170 4986 ⁷⁸⁸⁸⁸
1195 4950 1537 5028 πληροῦσθαι
1563 4950 1624 5012 Ε.

1705 4960 1748 4992 ⁸⁸
1770 4961 1900 5034 τῶν]
1929 4960 2091 5018 τινῶν
2121 4964 2182 5021 L.
2255 4965 2300 4998 ⁸³
2333 4960 2639 5036 βελτιώνων
2661 4960 2723 5023 L:

2807 4969 2854 5001 ⁸³
2880 4972 3292 5040 ὲνμεθοδεύεται
3326 4971 3389 5030 L.

1279 5073 1526 5130 STEPH.
1554 5077 1900 5135 BERGLERI
1932 5080 2159 5137 ΝΟΤᾸΞ.

336 5159 416 5239 l_ta
443 5161 712 5239 scripturn
737 5177 836 5239 per
871 5181 904 5233 η
937 5164 993 5219 in
1027 5167 1264 5234 penult.,
1303 5184 1412 5222 non
1443 5186 1540 5239 per
1566 5172 1697 5227 iota.

194 5231 241 5312 (1
341 5230 613 5312 quuitur
629 5230 908 5312 _i_n_volut_e
941 5245 997 5312 e_t
1034 5230 1288 5312 contorto
1318 5247 1373 5294 et
1421 5230 1696 5312 ambigue.

195 5300 508 5383 (15)_Ceur.
536 5302 754 5383 p_._§47_,
790 5303 886 5383 ubi
929 5307 1029 5383 τῇς
1062 5305 1336 5383 βασιλείας
1369 5300 1700 5383 κατεστὸχά-

118 5371 527 5450 ζετοτηΖριικρ.
563 5372 687 5450 160,
719 5374 897 5450 ἑαυτῷ
915 5371 1336 5450 ξῆν-βασιλείαν
1361 5382 1583 5450 ἕμνατο.

196 5442 310 5514 (16)
344 5443 422 5496 Ita
456 5443 704 5522 loquitur
735 5442 890 5514 quasi
915 5442 1120 5522 Ba‘rdas
1149 5442 1498 5522 contemptus
1525 5453 1693 5510 fuerit

118 5530 150 5594 ξι
184 5522 379 5594 senatu
411 5519 551 5594 {sed
594 5527 774 5594 causa).
819 5531 954 5594 quas
985 5519 1268 5594 subjungit
1304 5519 1690 5594 contemptum

119 5537 150 5568 ξι
184 5537 379 5567 senatu
411 5537 425 5564 :
457 5537 551 5567 seu
594 5537 774 5570 causa:
819 5537 954 5585 quas
985 5537 1184 5589 sunjun
1227 5537 1268 5574 lt
1312 5537 1690 5594 contemptum

122 5583 486 5653 imperatoris
529 5584 797 5640 indicant.
847 5586 1028 5644 Taceo
1071 5537 1222 5659 quos
1258 5593 1356 5662 μὲν
1423 5604 1475 5649 et
1518 5612 1578 5648 τε
1644 5605 1701 5652 et

119 5655 179 5710 in
212 5654 495 5720 ἐξεγένετο
524 5655 583 5720 ἐξ
609 5663 807 5720 praater
830 5672 944 5712 rem
966 5661 1168 5720 posuit.

242 5673 495 5714 ςεγενετο
524 5673 583 5714 ες
609 5673 807 5714 master
830 5673 944 5712 rem
966 5673 1168 5714 υυευιι.

212 5672 495 5720 εξεγενετο
524 5672 583 5720 ες
609 5672 807 5726 praeter
830 5672 944 5712 rem
966 5672 1168 5728 posuit.

191 5724 306 5804 (12?
331 5722 492 5804 90m,-
526 5740 578 5795 ι)-
611 5726 731 5804 ίίὲι
752 5725 913 5804 Ceth-
948 5745 1014 5804 p;
1035 5730 1160 5804 54⁷.
1194 5733 1328 5787 Ζοηο
1365 5750 1418 5804 p-
1452 5734 1573 5791 159-

334 5793 577 5871 gont._p.
615 5796 738 5871 120,
769 5793 1225 5871 ini_tio.'Cedr.’p.
1263 5793 1388 5858 551‘.

195 5865 306 5936 (19)
336 5864 610 5938 Loquitur
655 5868 934 5924 incondite
965 5881 1018 5925 et
1045 5864 1363 5945 pugn-nantia.
1418 5911 1444 5917 --
1499 5878 1590 5930 Διδ-
1629 5880 1693 5931 ἐι-

1803 5175 1927 5244 μιᾷ.
1949 5177 2202 5248 ῨΙΙινοΙιιῑε
2225 5185 2281 5232 et
2309 5177 2586 5248 ambigue.

1881 5247 1990 5322 (20)
2025 5247 2210 5302 Gmea
2259 5256 2390 5301 sunt
2431 5247 2603 5322 instar
2635 5247 2894 5322 foliorum
2917 5249 3166 5322 Sibyllae.
3196 5252 3390 5322 Itaque

1806 5316 1997 5394 _Latina
2023 5333 2132 5394 non
2161 5327 2394 5387 possunt
2423 5319 2542 5394 lteri
2588 5320 2769 5394 multo
2794 5316 3050 5394 clariora".
3073 5323 3159 5394 De
3189 5316 3389 5394 aliq'ui-c

1803 5386 1908 5442 bus
1939 5386 2175 5456 amplius
2203 5387 2570 5458 quaerendum
2603 5390 2751 5458 quod
2780 5391 2846 5444 ad
2878 5407 2965 5444 res
2986 5393 3200 5449 attinet.

1876 5459 1986 5530 ([21)
2018 5459 2320 5530 Desperate
2353 5467 2415 5530 et
2439 5459 2657 5530 perdite
2682 5461 2950 5530 loquitur.

1875 5528 1987 5602 (es)
2018 5527 2181 5602 90m.
2215 5546 2269 5598 p.
2311 5527 2635 5602 120,:Cedr.
2668 5547 2723 5601 p.
2751 5527 2874 5595 551,
2899 5534 3030 5586 Zon.
3063 5549 3118 5602 p.
3148 5532 3271 5587 161.

1880 5599 1992 5669 (‘25)
2020 5599 2098 5653 Ita
2131 5606 2421 5674 scriptum.
2449 5601 2617 5674 Forte
2645 5599 3224 5674 T—ﬁ‘p5Y1§TH.—_Vcrli
3248 5620 3383 5674 qua-

1803 5669 1850 5723 si
1891 5671 2388 5742 εεεεισυστάσεως
2447 5671 2504 5725 in
2551 5669 2836 5742 singulari.
2886 5669 3072 5727 Potest
3120 5669 3381 5740 σύστὲισις

1801 5754 1923 5795 esse
1950 5740 2215 5816 etfactio.
2247 5742 2376 5816 Item
2412 5740 2829 5816 commendatio,-
2867 5743 2917 5796 in
2954 5759 3062 5812 qua
3105 5744 3378 5816 signiﬁca-

1802 5815 1949 5864 tione
1976 5810 2066 5863 hie
2092 5811 2317 5863 retineri
2340 5822 2527 5878 posset
2562 5814 2768 5881 plurale
2803 5810 3142 5869 συστάσεων.

1871 5881 1981 5948 (21)
2009 5881 2168 5935 «ζιιιιγ.
2202 5897 2250 5949 ιι.
2294 5881 2579 5950 7531,70".
2617 5898 2648 5952 Ρ
2711 5885 2824 5945 Mil,
2861 5885 2911 5938 in
2945 5886 3069 5939 line.
