4146 6436
141 374 272 439 1129

1459 373 1727 435 REGUM
1776 376 1917 436 LIB.
1958 377 2055 437 IV.

3166 410 3171 419 κ
3242 376 3383 439 1130

135 493 342 562 ταύρῳ,
365 492 498 561 παρ’
524 488 704 544 αὐτῶν
732 490 845 553 τοῖς
871 487 1138 561 ἀνδρικοῖς
1163 492 1543 562 ἐγεγύμναστο
1569 509 1701 565 φρο-

1826 494 1949 563 ιριιίὶ
1999 509 2192 549 omnes
2250 503 2307 549 ct
2366 491 2716 563 diligebatur.
2771 490 3033 547 Mirabilis
3075 492 3241 546 etiam
3289 494 3394 545 fuit

134 582 343 653 νήμασί
388 581 579 651 “(90)
616 598 674 635 τε
724 582 819 633 καὶ
864 582 1209 653 πράγμασιν,
1264 584 1358 636 καὶ
1412 584 1548 636 πᾶσι
1607 586 1705 653 μὲν

132 674 251 728 κατ’
286 675 456 744 ἄμφω
493 674 817 738 ἐξάκουστος
851 674 1076 727 διετέλει
1104 675 1199 727 καὶ
1225 675 1398 744 φίλιος
1426 676 1562 741 (91).
1599 676 1707 729 Καὶ

130 767 195 834 δὴ
228 766 553 836 παραδόξως
597 766 685 819 διὰ
720 766 831 820 τῶν
881 767 1142 837 Χρυσέων
1187 768 1374 821 πυλῶν
1421 768 1593 837 εἰσῄει
1642 770 1706 837 τῇ

136 856 499 929 βασιλευούσῃ
556 858 665 910 τῶν
708 857 917 910 πόλεων
944 858 1080 927 (92),
1120 858 1263 913 κατὰ
1294 858 1461 928 μονήν
1508 876 1569 925 γε
1611 859 1711 926 τὴν

132 951 364 1019 ἐναγχος
393 949 1147 1021 προσαναπαυσόμενος,ῆτις
1171 951 1265 1003 νῦν
1296 950 1395 1019 μὲν
1419 948 1563 1020 ἱερὸν
1592 953 1709 1002 Διο-

137 1043 343 1113 μήδους
388 1041 481 1095 τοῦ
540 1042 817 1112 μάρτυρος
851 1042 997 1111 (95),
1063 1041 1245 1094 Ἡλίου
1286 1042 1329 1074 ⁸⁸
1368 1041 1425 1094 δέ
1470 1041 1534 1094 τὸ
1585 1042 1714 1109 πρὶν

136 1132 573 1202 κεχρημάτικεν.
613 1129 802 1200 Εἰσῄει
846 1130 903 1184 δὲ
933 1130 1034 1201 τὴν
1071 1130 1335 1184 τεκοῦσαν
1382 1129 1719 1202 ἐκβιασάμε-

300 1200 395 1277 καὶ
441 1210 621 1293 sn'av
659 1200 1171 1293 tuxpdrrj'co'nap’
1215 1200 1406 1294 αὐτῆς,
1442 1223 1490 1276 εἰ
1536 1223 1610 1293 μὴ
1656 1222 1719 1275 τὸ

146 1312 343 1365 θεαθέν
384 1311 523 1381 αὐτῇ
571 1311 704 1379 δναρ
753 1311 898 1373 τινὸς
951 1310 1140 1380 ἐτυχεν
1189 1311 1518 1382 ἐπικρίσεως
1568 1309 1721 1380 παρὰ

139 1406 247 1459 τῶν
296 1406 355 1457 ἐν
407 1404 618 1466 τούτοις
652 1402 1077 1456 ἐσπουδακότων
1109 1404 1244 1473 (94).
1299 1403 1565 1473 Ἐωράκει
1612 1405 1721 1472 γὰρ

142 1498 310 1569 φυτὸν
370 1498 627 1567 μέγιστον
682 1497 984 1567 ἐκφυῆναι,
1032 1495 1214 1559 καθώς
1274 1512 1405 1548 ποτε
1444 1495 1481 1565 ἡ
1535 1494 1723 1549 ’Λνδά-

144 1611 217 1662 μη
251 1592 387 1660 (95),
419 1591 513 1643 καὶ
539 1589 757 1643 ἄνθεσιν
787 1590 1034 1658 ἐγκομᾷν
1058 1587 1201 1640 κατὰ
1227 1587 1320 1639 τὸν
1349 1582 1497 1640 οἰκον
1528 1586 1719 1656 αὐτῆς,

1810 588 2067 641 introitus
2103 587 2263 655 108
2315 586 2438 654 ejus
2486 586 2542 638 in
2600 584 3009 653 imperatoriam
3061 583 3253 637 urbem
3296 598 3392 650 per

1808 680 2017 729 Aureas
2049 684 2253 744 portas.
2296 675 2389 730 ubi
2428 675 2486 728 in
2543 675 2854 743 propinquo
2918 674 3062 739 apud
3124 682 3396 726 monaste—

1811 764 1955 818 rium
2034 766 2327 834 requievit,
2401 764 2594 841 quodJ
2631 778 2781 818 nunc
2858 762 3080 831 quidem
3148 760 3394 817 Diomedi

1811 859 2037 928 martyri
2067 868 2469 922 consecratum.
2499 858 2669 915 Helia:
2701 859 2834 910 olim
2866 858 2986 909 fuit.
3024 857 3187 911 Venit
3214 869 3391 910 antur

1813 950 1869 1004 in
1918 950 2112 1005 urbem
2138 989 2153 1012 ,
2219 960 2393 1004 matre
2441 950 2645 1004 invita:
2685 960 2743 1004 et
2775 963 2905 1003 sane
2954 949 3020 1001 ab
3049 964 3111 1001 ea
3153 958 3396 1001 retentus

1814 1042 2028 1106 fuisset,
2060 1042 2166 1097 nisi
2203 1057 2457 1097 somnum
2490 1042 2558 1095 ab
2595 1057 2660 1096 ea
2709 1042 2889 1097 visum
2942 1042 3399 1111 interpretatione

1815 1135 2050 1205 quadam
2093 1134 2407 1203 expositum
2448 1133 2644 1189 fuisset
2696 1136 2765 1188 ab
2791 1150 2983 1189 earum
3045 1134 3308 1188 studiosis
3344 1143 3400 1187 et

1817 1222 2020 1294 gnaris.
2060 1222 2288 1278 Viderat
2342 1222 2491 1277 enim
2539 1236 2763 1292 germen
2803 1224 3101 1277 maximum
3152 1230 3398 1284 enatum.

1819 1323 1880 1369 ut
1910 1314 2039 1369 olim
2089 1314 2357 1376 Andame.
2398 1315 2565 1384 idque
2603 1313 2835 1368 ﬂoribus
2880 1327 3097 1367 comare
3148 1315 3205 1368 in
3238 1314 3403 1367 domo

1821 1422 1942 1473 sua,
1974 1421 2219 1476 auroque
2250 1406 2493 1475 stipitem
2531 1422 2813 1477 maguum,
2842 1406 2937 1474 qui
2963 1422 2993 1460 e
3035 1416 3183 1459 terra
3212 1421 3404 1460 exsur-

1821 1499 2002 1569 gebat,
2034 1507 2090 1553 et
2130 1513 2312 1554 ramos
2358 1498 2525 1552 etiam
2573 1514 2638 1553 ac
2668 1499 2809 1553 ‘folia
2838 1498 2969 1568 tegi.
3008 1496 3164 1554 Unde
3197 1498 3404 1567 jureju-

1823 1591 1996 1645 rando
2016 1589 2339 1659 pradictum
2370 1588 2664 1659 imperium
2695 1590 2814 1660 ejus
2844 1588 3156 1671 tilio,'cujus
3182 1588 3403 1658 longam

147 1680 336 1751 χρυσῷ
374 1696 435 1732 τε
482 1678 543 1731 τὸ
575 1678 744 1747 γῆθεν
785 1677 932 1747 μέγα
975 1676 1224 1746 στέλεχος
1267 1676 1362 1729 καὶ
1401 1675 1471 1729 τὰ
1507 1676 1723 1747 πρέμνα

1826 1682 2171 1737 durationem
2205 1682 2262 1736 in
2301 1692 2565 1752 cognatos
2591 1692 2648 1737 et
2680 1690 2931 1751 posteros
2966 1682 3227 1745 futuram,
3262 1684 3405 1735 mul-

143 1772 434 1843 διηρέφθαι
483 1771 577 1825 κα).
618 1770 812 1838 φύλλα,
858 1769 954 1823 καὶ
992 1766 1244 1821 ἐντεῦθεν
1295 1767 1719 1838 ἀπομεμαντεῦ-

1826 1782 2018 1842 tasquc
2060 1774 2240 1842 ipsum
2283 1787 2418 1842 opes
2463 1773 2514 1827 ei
2575 1773 2785 1843 regioni
2823 1773 3116 1827 missurum
3177 1788 3242 1827 ex
3298 1787 3406 1841 qua

145 1864 270 1917 σθαι
303 1863 417 1933 (96)
464 1863 562 1915 σὺν
605 1862 753 1932 ὅρκῳ
784 1860 956 1931 ταύτῃ
981 1858 1058 1929 τῷ
1084 1859 1127 1891 ⁸³
1155 1858 1215 1922 ἐξ
1271 1857 1442 1927 αὐτῆς
1480 1858 1590 1928 Δτὴν
1622 1858 1721 1927 τῆς

1826 1873 1986 1920 natus
2029 1864 2245 1919 fuisset.
2277 1864 2358 1919 Ad
2405 1865 2543 1927 haec,
2574 1864 2787 1920 faustus
2832 1867 3059 1921 nuntius
3112 1864 3405 1932 aliquando

144 1955 427 2025 βασιλείας
474 1954 753 2020 ἐπίτευξιν
790 1954 883 2007 κα)¹
931 1951 1135 2022 ταύτης
1186 1950 1580 2021 μεγαλειότητα
1626 1951 1719 2003 κα).

142 2049 241 2117 τὴν
269 2049 363 2099 ἐπὶ
408 2050 583 2117 μῆκος
627 2046 875 2100 διάτασιν
910 2043 1192 2113 συγγόνοις
1217 2060 1276 2095 τε
1312 2043 1407 2096 καὶ
1433 2042 1720 2110 ἀπογόνοις

140 2138 486 2209 ἐκδήσεσθαι
508 2140 643 2210 (97),
689 2138 783 2191 καὶ
817 2137 1065 2207 αὐτάρκη
1100 2136 1329 2189 πλοῦτον
1366 2137 1433 2207 τῇ
1468 2135 1589 2188 κατ’
1625 2134 1720 2187 αὑ-

145 2232 303 2284 τὸν¹⁶
323 2230 478 2303 χώρᾳ
506 2232 768 2302 μεθήσειν
818 2228 877 2294 ἐξ
900 2223 968 2299 ἧς
998 2267 1011 2279 .
1040 2278 1051 2296 ,
1068 2256 1087 2281 ε
1107 2229 1321 2297 διέννητο
1339 2242 1354 2257 ⁸
1388 2230 1485 2281 σὺν
1508 2227 1720 2289 τούτοις

145 2324 241 2376 καὶ
271 2322 747 2394 ⁴προεισηγηθῆναι
784 2320 919 2391 αὐτῇ
956 2320 1109 2391 παρά
1131 2336 1273 2382 τινος
1308 2319 1464 2389 ῥῆσιν
1490 2319 1720 2386 εὐάγγε-

142 2416 257 2479 λον,
289 2416 365 2477 ὼς
403 2414 497 2467 τοῦ
531 2414 720 2476 παιδὸς
749 2412 893 2466 κατὰ
936 2410 1194 2479 παιγνίαν
1222 2410 1331 2463 τῶν
1362 2410 1640 2480 ὁμηλίκων
1668 2410 1724 2464 ἐν

1824 1956 2042 2009 mulieri
2103 1962 2352 2021 venerat,
2408 1969 2582 2024 puero
2620 1954 2845 2009 ludente
2926 1956 2982 2009 in
3039 1954 3237 2024 palude
3281 1970 3406 2009 cum

1824 2046 2146 2116 aequalibus,
2199 2046 2440 2115 aquilam
2496 2061 2663 2115 super
2714 2046 2835 2115 ejus
2886 2054 3054 2114 caput
3102 2046 3407 2107 advolasse;

1824 2138 2038 2208 alisque
2077 2137 2334 2207 expansis
2372 2137 2425 2191 id
2484 2136 2816 2193 contexisse.
2878 2136 3059 2207 Atque
3111 2137 3408 2207 aliquando

1826 2244 2014 2284 senem
2050 2229 2256 2293 virum,
2291 2229 2449 2299 cujus
2493 2243 2593 2297 per
2628 2242 2691 2283 os
2723 2228 2865 2298 ignis
2913 2230 3169 2297 spiraret,
3205 2229 3410 2297 quique

1827 2334 1886 2374 se
1919 2318 2129 2374 Heliam
2161 2334 2282 2375 esse
2305 2319 2537 2383 diceret,
2564 2334 2799 2389 puerum
2826 2317 3058 2388 imperio
3086 2305 3408 2389 potitur’unr.

1830 2411 1937 2467 sibi
1991 2411 2264 2467 indicasse
2316 2410 2560 2481 professa
2595 2418 2700 2467 est.
3238 2445 3269 2461 μ.

142 2526 252 2562 τινι
283 2508 454 2580 λίμνῃ
480 2508 637 2561 ἀετὸν
666 2508 966 2577 ἐπιπτῆσαι
998 2508 1065 2577 τῇ
1090 2505 1300 2575 κεφαλῇ
1335 2504 1469 2577 (98),
1504 2505 1731 2560 σκέπειν
1766 2522 1827 2559 τε
1857 2506 2063 2578 ταύτην
2095 2505 2502 2575 πτερύσσονταο
2537 2506 2631 2561 καί
2652 2523 2783 2560 ποτε
2806 2506 3035 2579 γηραιὸν
3103 2508 3291 2577 ἄνδρα,
3351 2503 3411 2561 οἱ

141 2601 231 2655 διὰ
265 2601 534 2669 στόματος
584 2598 697 2667 πῦρ
727 2598 1044 2665 ἐξαπέπνει,
1073 2595 1165 2649 τὸν
1222 2596 1407 2648 Ἠλιοῦ
1477 2612 1537 2650 τε
1605 2596 1796 2652 ἑαυτὸν
1838 2598 2013 2669 ταύτῃ
2040 2595 2457 2669 παραδηλοῦντα
2487 2595 2624 2667 (99),
2672 2597 2771 2667 τὴν
2822 2597 3101 2668 βασιλείαν
3131 2600 3411 2669 προσήκα-

144 2693 271 2745 σΊαι
307 2694 368 2745 τὸ
395 2692 606 2745 τεκνὶον
634 2692 869 2760 ἐμήνυεν
892 2692 933 2723 ⁸⁸
970 2690 1070 2761 (Ι).

216 2768 673 2853 Σχολάζοντοςκδέ
703 2784 796 2836 τοῦ
825 2782 1105 2836 Βασιλείου
1130 2780 1271 2836 κατὰ
1294 2782 1394 2850 τὴν
1424 2783 1721 2855 εἰρημένην

1888 2782 2273 2838 Commorante
2308 2787 2492 2836 autem
2524 2778 2728 2835 Basilio
2766 2778 2909 2851 apud
2946 2778 3269 2848 praedictum
3298 2793 3416 2832 mo-

148 2874 340 2945 μονὴν,
374 2873 486 2929 τινὶ
536 2874 777 2945 μοναχῷ,
834 2872 971 2945 ἢὼς
1025 2874 1175 2941 ἔνιοι,
1216 2875 1365 2946 αύτῷ
1411 2878 1490 2946 τῷ
1521 2876 1723 2943 ταύτης

1826 2875 2147 2938 nasterium,
2166 2872 2385 2929 cuidam
2408 2872 2697 2938 monacho,
2724 2880 2839 2939 aut,
2859 2879 2919 2925 ut
2936 2870 3125 2941 aliqui,
3152 2869 3254 2940 ipsi
3281 2886 3424 2939 ιιι-τε.

146 2965 569 3037 καθηγουμένῳ,
592 2966 716 3019 καθ’
744 2966 958 3021 ὓπνονοό
980 2970 1187 3038 μάρτυς
1207 2969 1494 3038 ἐπιφανεὶς
1526 2970 1729 3037 ἐξιέναι

146 3058 363 3111 κελεύει
393 3058 543 3129 ,περὶ
575 3057 799 3113 πυλῶνα
832 3059 927 3113 καὶ
982 3060 1075 3113 τὸν
1119 3061 1299 3115 ἐκεῖσε
1342 3079 1729 3133 προσμεμενηυ

1838 2966 1981 3020 lecto
2024 2964 2369 3027 monasterii.
2418 2979 2519 3034 per
2564 2978 2821 3019 somnum
2877 2970 3083 3034 martyr
3116 2962 3206 3018 ille
3253 2978 3418 3041 appa-

1832 3074 1959 3113 rens
2000 3058 2153 3114 exire
2207 3073 2334 3114 eum
2369 3057 2530 3127 jubet
2571 3057 2637 3112 ad
2677 3066 2890 3127 portam
2923 3066 2979 3111 et
3016 3056 3172 3110 illum
3216 3055 3308 3124 qui
3339 3055 3420 3109 ibi
3476 3124 3477 3129 η

154 3151 288 3204 κότα
318 3151 635 3217 εἰσαγαγεῖν
662 3148 771 3220 (2),
790 3149 1014 3220 βασιλέα
1045 3152 1329 3222 ἐσόμενον,
1357 3152 1415 3205 ὃν
1443 3154 1723 3224 περιποιή-

1832 3158 2174 3221 exspectaret
2228 3149 2619 3213 introducere,
2666 3149 2825 3219 109
2872 3157 2932 3202 ut
2984 3148 3076 3219 qui
3117 3148 3417 3216 imperator

154 3241 353 3295 σασθαι
393 3240 512 3294 δέον
542 3240 635 3293 ἐπί
682 3258 743 3293 τε
785 3241 963 3312 σκέπῃ
1013 3244 1109 3296 καὶ
1149 3246 1262 3307 τοῖς
1299 3244 1612 3313 ἐνδύμασιν,
1644 3240 1732 3297 οἶα

149 3328 313 3398 τήνδε
351 3327 521 3398 μονὴν
550 3328 877 3401 ἀνοικοδομῇ
908 3330 952 3361 ⁸⁸
983 3331 1062 3401 (5)
1101 3333 1526 3403 συστησόμενον.
1560 3333 1650 3403 Τῷ
1675 3333 1734 3387 δέ

152 3421 356 3484 ἐξιόντι
414 3422 508 3473 καὶ
545 3420 640 3473 τὸν
682 3420 903 3474 νεανίαν
949 3423 1262 3494 τεθεαμένῳ
1326 3424 1734 3495 κατεσκληκότα

157 3509 421 3581 ῥυπῶντα
447 3526 505 3562 τε
533 3509 628 3563 καὶ
656 3510 997 3579 ἀπρονόητον
1022 3511 1080 3575 ἐξ
1109 3512 1321 3575 ἐνδεοῦς
1338 3514 1734 3582 περιστάσεως,

156 3601 420 3670 ύςςωρᾶτό
445 3600 487 3630 ⁸⁷
515 3618 568 3652 τι
600 3603 743 3653 κατὰ
787 3602 1091 3668 φαντασίαν
1129 3603 1346 3656 εῖδωλον
1390 3605 1737 3673 ἐμπαρεῖναι,

151 3687 216 3749 οὗ
274 3692 377 3762 τῆς
431 3691 662 3762 κομιδῆς
700 3693 1110 3763 κατημέλησεν.
1170 3694 1269 3747 Διὰ
1321 3693 1478 3747 τοῦτο
1519 3690 1674 3758 αὖθις
1707 3700 1735 3749 ὁ

158 3782 374 3853 μάρτυς
406 3780 487 3851 τῷ
514 3782 665 3851 αύτῷ
697 3781 930 3852 ἅωρᾶτο
980 3781 1505 3853 κατεμὸριμώμενος
1534 3784 1734 3849 ἐξιέναι

156 3873 379 3926 καὶτὸν
430 3872 654 3943 βασιλέα
702 3874 985 3927 Βασίλειον
1030 3875 1250 3938 πάντως
1292 3875 1620 3944 εἰσενεγκεῖν
1654 3876 1730 3946 (ι)

156 3966 255 4018 καὶ.
285 3965 616 4035 κηδεμονίας
640 3966 869 4036 δεούσης
908 3966 1261 4031 καταξιῶσαι.
1293 3966 1400 4021 Τοῦ
1441 3968 1497 4022 δέ
1527 3970 1734 4023 νεανίου

155 4057 305 4110 κατὰ
336 4056 437 4111 τὴν
491 4057 777 4130 λεχθεῖσαν
812 4058 1010 4129 κλῆσιν
1046 4058 1482 4131 ἀποκριναμένου
1517 4060 1594 4131 (5)
1642 4062 1737 4115 καὶ

1833 3251 1979 3297 esset
2008 3241 2246 3307 futurus,
2275 3255 2515 3311 eumque
2544 3241 2733 3296 fovere
2765 3249 2911 3295 tecto
2957 3247 3012 3294 et
3054 3238 3415 3301 indumentis,

1839 3341 1899 3387 ut
1923 3334 2017 3403 qui
2058 3333 2192 3387 illud
2227 3333 2624 3387 monasterium
2676 3340 2821 3388 esset
2859 3332 3280 3385 instauraturus.
3312 3330 3418 3397 Qui
3478 3366 3481 3371 -

1837 3440 2091 3495 egressus
2142 3424 2660 3494 adolescentemque
2718 3425 3065 3495 conspicatus
3092 3425 3416 3479 emaciatum

1838 3525 1896 3570 et
1943 3516 2285 3571 sordidatum
2322 3528 2486 3585 atque
2515 3516 2783 3570 incultum
2817 3525 3039 3587 propter
3060 3517 3294 3595 inopemJ
3310 3526 3421 3570 sta—

1842 3614 1980 3673 tum,
2013 3617 2292 3678 spectrum
2333 3609 2661 3679 imaginatus
2690 3609 2993 3677 phantasia:
3020 3624 3131 3673 suae
3175 3604 3418 3663 oblatum

1841 3698 2195 3754 introducere
2213 3708 2271 3753 et
2293 3714 2487 3754 curare
2506 3700 2767 3771 neglexit.
2791 3700 2970 3765 Quare
3000 3716 3195 3755 rursus
3214 3712 3420 3773 martyr
3496 3684 3501 3691 ”

1839 3791 1888 3845 ei
1922 3790 2199 3860 apparuit,
2238 3791 2551 3861 increpans,
2603 3791 2780 3846 exiret
2814 3800 2979 3859 atque
3032 3789 3419 3860 imperatorem

1841 3881 2104 3936 Basilium
2138 3883 2363 3936 omnino
2395 3882 2540 3936 intro
2566 3894 2794 3936 vocaret
2826 3896 3126 3952 curamque
3157 3881 3277 3951 ejus
3324 3881 3422 3935 ha-

1841 3973 2019 4029 beret.
2041 3973 2289 4044 Cumque
2340 3974 2663 4029 adolescens
2688 3974 2754 4029 ad
2783 3974 3194 4044 pronuntiatum
3222 3989 3419 4029 nomen

1846 4064 2260 4134 respondisset,
2316 4065 2575 4121 introitus
2640 4063 3075 4135 perﬁciebatur:
3122 4064 3278 4133 cujus
3340 4065 3419 4119 rri

1436 4151 1674 4207 VARIAB
1733 4152 2136 4212 LECTIONES.

251 4244 294 4276 "
327 4242 709 4316 φρονίμασίι.
790 4246 833 4278 "
869 4245 1053 4301 Ἠλιοῦ
1075 4245 1139 4300 ν.

161 4316 206 4347 ⁸⁷
231 4316 477 4385 ύφορᾶτό
503 4316 565 4368 L.

1257 4248 1300 4277 ³³
1328 4248 1405 4319 τῷ
1433 4247 1495 4315 Β,
1520 4249 1580 4302 τὸ
1610 4249 1669 4304 L.
1738 4251 1782 4282 "’
1824 4252 1941 4305 κατ’
1969 4252 2148 4306 αὐτῶν
2179 4252 2237 4307 L.

2356 4254 2397 4285 ’⁸
2429 4269 2496 4307 an
2552 4251 2829 4323 μηνῦσαιῖ
2916 4254 2959 4286 ⁸⁸
2985 4253 3325 4321 ἀνοικοδομεῖ
3357 4252 3416 4305 L.

1367 4415 1608 4471 STEPII.
1643 4418 1983 4473 BERGLERI
2024 4417 2250 4473 NOTAE.

158 4482 298 4536 dere
322 4479 511 4557 Const.
551 4478 754 4557 P_orph_.
782 4482 836 4536 in
885 4482 1007 4557 Bas.
1024 4483 1159 4557 Mac.
1179 4501 1233 4555 p.
1271 4487 1391 4550 l57,
1425 4487 1520 4557 ubi
1550 4489 1745 4557 τρεφό-
1780 4495 1824 4550 υ
1921 4491 2033 4557 (97)
2072 4489 2345 4557 Loquitur
2377 4489 2619 4543 horride.

163 4568 327 4625 μενος
353 4552 532 4625 τοίνυν
572 4554 601 4605 ό
648 4553 957 4625 παῖς-παρὰ
984 4553 1062 4625 τῷ
1102 4552 1270 4625 πατρὶ
1300 4585 1365 4595 -
1392 4554 1515 4625 οὔτε
1549 4552 1740 4625 μιξαν-

159 4622 407 4703 θρώπου.
434 4621 727 4703 Χείιρῳνος.
753 4621 945 4703 ἐδεήθη
996 4621 1072 4685 ὦς
1122 4621 1419 4703 ⁹ᾼχιλλεὺς,
1449 4621 1611 4703 θέτε.-
1632 4636 1741 4703 ct_c.

158 4703 227 4746 ut
251 4690 633 4745 semihominis
662 4690 981 4747 educatoris
1018 4690 1225 4749 mentio
1252 4710 1378 4749 eum
1429 4695 1744 4751 oﬂ’enderit.

238 4761 350 4897 (90;
375 4760 538 4815 Cedr.
568 4775 621 4828 p.
646 4761 771 4814 450.

238 4832 317 4897 (91
376 4830 707 4885 Jamdudum
762 4849 771 4883 ι

237 4830 350 4903 (9t)
376 4830 707 4903 iamdudum
729 4901 738 4903 _
762 4830 1029 4886 dissolute
1063 4833 1309 4903 loquitur
1337 4842 1389 4889 et
1444 4834 1744 4891 incondite.

237 4901 352 4970 (92)
377 4900 645 4969 Abrupte,
698 4901 815 4955 sine
848 4900 1199 4974 transitione,
1227 4905 1346 4959 sine
1384 4914 1509 4974 apta
1539 4921 1747 4959 conne-

162 4972 360 5045 αἰοιις,
375 4986 477 5025 nec
503 4980 806 5045 praeparato
866 4973 1093 5045 lectore.
1121 5004 1190 5014 —
1215 4972 1433 5045 Const;
1457 4975 1659 5045 Porph.
1694 4979 1746 5030 in

161 5041 455 5115 insaniae;
488 5040 541 5115 ρ.
572 5041 725 5115 139,__
748 5040 899 5115 Syro.
950 5042 1082 5113 Log.
1118 5060 1171 5114 p.
1214 5046 1338 5111 4M,
1370 5040 1580 5115 ϐροτεί
1602 5046 1748 5101 Μοιι.

163 5111 222 5182 p.
265 5098 1075 5182 551,ᾃοιτῖ1ΐ.]ξ.’56(ἴ,Ζοη.ῥδ,
1118 5098 1267 5168 363;
1326 5098 1338 5111 .
1388 5098 1397 5100 -
1448 5098 1480 5135 η

265 5124 660 5233 οριΛλιειιτ.
695 5124 820 5177 5ου,
853 5124 986 5166 Lon.
1022 5128 1075 5181 p.
1121 5124 1241 5168 1ϋό.
1472 5124 1479 5135 “

239 5181 352 5255 (ita)
376 5180 571 5255 Georg.
652 5195 746 5255 o_n.
770 5196 831 5255 ρ.
847 5182 971 5255 551,
996 5183 1150 5255 ⁸Ιλοε.
1190 5200 1244 5253 p.
1285 5184 1405 5250 164,
1441 5183 1590 5254 Sym.
1615 5185 1746 5255 Log.

163 5268 222 5321 p.
250 5249 384 5324 454,
424 5249 613 5324 Const.
672 5249 875 5324 Porph.
911 5249 1125 5308 in.Bas.'
1172 5249 1310 5309 Βίας.
1348 5249 1402 5324 p.
1432 5249 1551 5317 159.
1585 5249 1748 5309 Cedr.

163 5320 380 5396 p._suo.
418 5350 487 5359 —
518 5320 670 5396 Sym.
717 5320 851 5393 Log.
899 5339 954 5393 ι).
985 5324 1111 5389 454,
1156 5324 1250 5379 ubi
1292 5320 1364 5387 ὅς’
1390 5329 1518 5396 πρὶν
1568 5325 1749 5379 Ἠλιοῦ

164 5392 298 5446 ναὸς
331 5395 767 5459 κεχρηματικεν.

242 5461 569 5545 (ρξιμέωιει.
633 5461 835 5532 Porph.
888 5462 946 5518 in
996 5464 1117 5519 Bas.
1155 5465 1291 5519 Mac.
1328 5480 1382 5534 p.
1425 5465 1545 5526 159.
1586 5464 1749 5520 Cedr.

169 5532 555 5675 p'($5)g;:ilairi_e
592 5602 857 5657 scribitur
881 5604 987 5658 hoc
1045 5620 1245 5661 nomen
1296 5605 1439 5675 apud
1487 5577 1748 5671 “veteres,

168 5672 318 5744 apud
350 5672 693 5744 Herodotum
737 5675 1021 5744 Μανδάνη.
1330 5672 1349 5675 ”
1636 5698 1645 5707 δ

246 5742 358 5811 (9o)
395 5743 707 5796 lnlinitivns
732 5744 965 5813 requirit
988 5742 1214 5813 aliquod
1243 5745 1497 5811 verbum,
1534 5756 1629 5801 aut
1677 5748 1749 5809 ὡς

176 5826 278 5883 pro
312 5813 423 5865 καί.
458 5813 725 5898 Loquitur
748 5823 802 5867 et
830 5815 959 5868 alibi
990 5815 1062 5868 ita
1094 5815 1436 5885 imperfecte.

494 5907 762 5969 Punon.
808 5912 921 5971 Gn.
969 5911 1124 5973 CIX.

1922 4560 2029 4624 (98)
2067 4559 2184 4612 Alia
2237 4559 2525 4613 occasione
2584 4559 2744 4613 Cont.
2793 4558 2992 4624 Porph.
3023 4561 3075 4615 in
3124 4561 3245 4616 Bas.
3282 4563 3417 4617 Mue.

1850 4645 1905 4698 ι).
1941 4629 2064 4691 156,
2102 4637 2157 4681 et
2188 4644 2241 4697 p.
2276 4644 2391 4698 seq.
2418 4629 2582 4683 Cedr.
2620 4645 2673 4697 p.
2713 4629 2837 4683 550.
2872 4629 3005 4683 Zon.
3034 4647 3088 4698 p.
3122 4634 3241 4687 165.

1923 4700 2033 4763 (99)
2056 4699 2245 4753 Const.
2272 4699 2474 4767 Porph.
2502 4700 2555 4753 in
2588 4700 2712 4753 Bas.
2738 4700 2872 4754 Mac.
2907 4717 2960 4769 p.
2992 4702 3114 4755 159.

1922 4769 1997 4837 (l)
2031 4769 2300 4839 Loquitur
2333 4769 2794 4839 prolligalissintc.

1922 4841 1998 4911 (2)
2023 4839 2211 4911 Const.
2239 4838 2441 4911 Porph.
2480 4838 2534 4893 in
2554 4840 2674 4893 Bas.
2704 4840 2845 4911 Mue.
2870 4858 2925 4911 ι).
2952 4840 3074 4894 HO.
3104 4840 3250 4911 Sym.
3288 4841 3418 4907 [ομ.

1851 4924 1906 5030 ξι).
2105 4908 2303 4977 Georg.
2365 4908 2508 4963 Lion.
2561 4926 2615 4979 p.
2655 4910 2779 4963 551.
2820 4908 2979 4966 Gedr.
3015 4927 3069 4979 p.
3103 4908 3225 4967 560.
3282 4911 3413 4964 Zon.

1897 5019 1908 5031 .
1946 4998 2066 5032 104.

1854 4994 2109 5114 p“(gulis
2162 5049 2463 5119 scriptum;
2498 5048 2537 5102 f.
2590 5050 2979 5119 ἀνοικοδομεῖν.
3018 5050 3173 5119 Apud
3228 5049 3416 5105 Const.

1852 5118 2056 5187 Porph_
2088 5134 2139 5187 p.
2180 5118 2301 5171 HO.
2331 5128 2388 5172 et
2438 5119 2580 5187 apud
2613 5118 2774 5173 Cedr.
2823 5135 2876 5188 p.
2941 5118 3077 5179 560,7
3118 5122 3419 5173 ἱιιιεΛὺτὲν

1857 5188 2072 5255 μέλλειν
2124 5190 2206 5251 εἰς
2229 5188 2583 5255 ἁνοικοδομὴν
2623 5189 2716 5241 καὶ
2750 5188 2976 5257 αὔξησιν
3014 5192 3113 5258 τῆς
3137 5189 3421 5255 παρούσης

1853 5259 2103 5326 γενέσθαι
2143 5258 2328 5326 μονῆς.
2368 5258 2520 5312 Unde
2552 5259 2695 5325 apud
2742 5259 3001 5313 Nostrum
3054 5259 3286 5313 melius:
3317 5258 3419 5311 υἷα

1853 5329 2013 5395 τῆσδε
2074 5330 2238 5397 μονῆς
2289 5329 2367 5389 εἰς
2422 5328 2777 5397 ἀνοικοδομὴν
2843 5333 3258 5397 συστησάμενον,
3327 5341 3423 5383 aut

1853 5399 2056 5451 omisso
2104 5402 2286 5459 εἰς.-
2336 5397 2614 5466 Scriptum
2643 5400 2939 5467 συστησόμ.
2974 5416 2998 5451 ε
3028 5415 3190 5467 supra
3226 5399 3417 5466 script.

1852 5468 1992 5520 —B.
2015 5469 2076 5520 τὸ
2108 5468 2344 5537 νεανίας,
2377 5478 2431 5522 et
2456 5469 2581 5522 vide
2616 5477 2750 5537 quot
2779 5468 2946 5523 fuerit
2984 5485 3274 5524 annorum.
3322 5470 3421 5522 Bo-

1853 5553 1983 5592 sws.
2018 5538 2142 5590 Fuit
2181 5536 2345 5590 XXV.

1925 5609 2004 5677 (4)
2046 5608 2331 5681 Εἱσκαλεῖν
2363 5608 2547 5679 potius
2576 5609 2867 5680 legendum
2911 5621 3135 5681 prepter
3184 5629 3421 5681 sequens

1854 5678 2324 5744 ἀποκριναμένου.
2564 5724 2567 5725 ,

1926 5749 2003 5816 (5)
2035 5748 2458 5820 Omittitdicere
2500 5751 2644 5820 quod
2678 5764 2905 5808 vocatus
2954 5752 3081 5820 fuit,
3131 5765 3189 5809 et
3235 5762 3421 5810 tamen

1858 5818 2203 5887 respondisse
2228 5818 2381 5875 dicit.
2517 5818 2532 5820 “
2654 5832 2663 5837 ·
3070 5818 3101 5849 λ

3000 5920 3073 5978 3G
