4146 6436
681 416 820 488 1189

1971 419 2287 480 JOSEl’Ill
2338 417 2649 479 GENESII

3842 404 3985 468 mo

751 542 833 596 Ad
862 540 977 596 hate
1002 556 1068 595 ex
1105 540 1371 611 'l‘ephriea
1399 539 1741 594 caantitates
1771 536 1826 591 in
1859 551 1957 593 nos
1979 536 2257 608 iactaban-

2441 535 2551 589 Καὶ
2600 531 2811 605 1&(55)
2868 531 2933 585 ἑκ
2971 529 3070 599 τῆς
3118 528 3399 600 Τεφρικῆς
3445 524 3594 580 κακά
3646 520 3773 578 καθ’
3813 523 3981 593 ἡμῶν

682 641 793 695 tur,
815 632 1163 687 occasionem
1194 632 1371 688 nactis
1400 632 1548 687 illius
1567 630 1669 685 loci
1696 627 1925 700 perditis
1950 628 2269 685 hominibus

679 738 781 778 nos
815 722 1109 779 invadendi
1144 736 1444 795 occupatos
1476 723 1620 779 bello
1655 736 1780 777 eum
1819 720 2085 794 Agarenis
2123 729 2268 777 terra

680 819 953 888 marique.
981 817 1085 873 Sed
1113 827 1296 874 tamen
1326 825 1549 889 superat
1576 816 1849 887 superbos
1882 816 2006 872 illos
2034 816 2270 886 impera-

682 920 771 964 tor
819 911 1025 966 auxilio
1069 911 1259 967 divino
1311 921 1365 965 et
1414 912 1756 981 experientia
1801 912 2003 966 dueum
2061 910 2267 966 bonum

681 1014 1000 1055 successum
1024 1001 1252 1056 habens.
1294 1001 1421 1057 Post
1451 1001 1566 1057 haec
1598 1011 1653 1057 et
1692 1001 1958 1056 adversus
1982 999 2271 1056 Germani-

679 1088 822 1143 eiam
870 1104 1081 1145 necnon
1126 1089 1408 1146 Samosata
1464 1092 1665 1147 educto
1717 1092 1987 1159 exercitu,
2030 1090 2271 1163 insignes

678 1182 850 1237 urbes
874 1182 1277 1238 Saracenorum
1310 1200 1372 1239 ac
1402 1184 1675 1254 regiones,
1700 1184 1817 1254 ipsa
1841 1184 2006 1239 etiam
2026 1181 2269 1240 Militcna

680 1272 747 1327 ad
790 1274 1076 1343 angustias
1114 1273 1335 1329 redacta
1375 1274 1611 1329 assiduis
1658 1274 2106 1340 incursionibus,
2159 1284 2271 1330 tro-

678 1377 792 1431 pma
824 1363 991 1434 erigit
1018 1374 1074 1417 et
1116 1363 1386 1433 insignem
1414 1363 1700 1418 victoriam
1750 1374 2038 1424 reportans
2078 1365 2131 1419 in
2165 1365 2268 1419 im-

679 1456 1015 1524 peratoriam
1054 1455 1245 1509 urbem
1292 1457 1605 1511 revertitur.

748 1630 852 1683 Per
906 1646 1054 1685 mare
1096 1633 1259 1685 etiam
1307 1632 1563 1686 Afrorum
1620 1633 1813 1688 classis
1858 1651 1959 1690 nos
2009 1634 2268 1691 infestare

678 1722 824 1776 haud
875 1723 1129 1787 cessavit,
1166 1738 1195 1775 a
1235 1724 1438 1793 quibus
1488 1724 1649 1795 116
1678 1741 1873 1780 versus
1920 1726 2265 1781 occidentem

674 1813 862 1867 omnia
896 1814 1122 1867 subacta
1148 1824 1329 1877 erant,
1359 1813 1560 1869 Sicilire
1591 1825 1646 1869 et
1670 1815 2067 1885 Longobardia:
2101 1817 2266 1871 urbes

2371 614 2721 699 ἐϐρενθύετο,
2752 623 2938 695 χώραν
2962 620 3239 677 λαϐόντων
3268 621 3378 675 τῶν
3424 621 3602 673 ἐκεῖσε
3641 614 3980 687 κακούργων

2370 721 2470 792 τῆς
2508 717 2647 792 πρὸς
2690 718 2843 789 ἡμᾶς
2890 714 3215 781 ἐπιθέσεως,
3265 710 3758 784 ἀπησχολημάνους
3802 710 3979 803 '17,:

2374 811 2551 882 ρηνῶν
2579 811 2637 864 ἐν
2672 809 2931 879 πολέμοις
2962 808 3055 862 ἐπί
3085 825 3143 861 τε
3190 807 3293 877 γῆς
3339 806 3435 860 καὶ
3484 804 3787 872 θαλάσσης.
3825 802 3958 856 Ἀλλ

2370 904 2523 973 ὅμως
2554 902 2899 975 περιγίνεται
2948 900 3058 954 τῶν
3085 899 3364 964 ἀλαζόνων
3406 896 3769 967 αὐτοκράτωρ
3797 896 3975 958 ὑπερ-

2375 996 2612 1066 μαχήσει
2647 993 2769 1066 θείᾳ
2799 993 2897 1047 καὶ
2930 990 3321 1065 στρατηγετῶν
3346 990 3612 1062 ἐμπειρία
3641 987 3976 1042 κατευοδού-

2374 1104 2531 1157 μενος
2560 1102 2574 1117 ·
2614 1086 2736 1158 μεθ’
2765 1085 2860 1149 οὓς
2900 1085 2995 1140 καὶ
3027 1083 3139 1153 (56)
3191 1080 3333 1138 κατὰ
3376 1081 3777 1153 Γερμανικείας
3805 1080 3851 1113 ³³
3880 1083 3975 1133 ἐκ·

2373 1178 2714 1249 στρατεύσας
2774 1178 2871 1232 καὶ
2922 1177 3257 1248 Σαμοσάτων
3282 1175 3347 1237 ³⁸,
3414 1176 3715 1245 ἐκπρεπεῖς
3782 1172 3972 1235 πόλεις

2371 1270 2706 1342 Σαρακηνῶν
2734 1272 2830 1324 καὶ
2863 1270 3048 1342 χώρας
3091 1269 3227 1341 (57),
3275 1267 3411 1322 ἀλλά
3448 1267 3556 1337 μὴν
3600 1267 3693 1319 καὶ
3723 1267 3975 1334 Μελιτη-

2373 1366 2470 1435 νὴν
2504 1363 2781 1427 στενὼσας
2832 1363 2892 1427 ἐξ
2938 1363 3243 1435 ἐπιδρομῆς
3283 1358 3567 1430 συνεχοῦς,
3608 1360 3730 1411 κατ’
3785 1358 3971 1413 αὐτῶν

2372 1459 2555 1527 ἵστησι
2581 1458 2843 1528 τρόπαια,
2892 1456 2986 1509 καὶ
3026 1456 3163 1526 μετὰ
3216 1455 3376 1525 νίκης
3429 1453 3674 1524 εὐσήμου
3705 1452 3846 1523 πρὸς
3873 1451 3971 1522 τὴν

2374 1549 2622 1619 βασιλίδα
2651 1549 2808 1603 πεῦλιν
2843 1549 3124 1602 ἐπάνεισιν
3158 1546 3294 1618 (58).

2444 1640 2577 1693 Οὐδὲ
2619 1640 2686 1693 τά
2722 1639 2863 1695 κατά
2901 1640 3001 1712 τὴν
3052 1639 3155 1694 ἆλα
3200 1638 3290 1692 διὰ
3325 1635 3603 1709 Ἀφρικῶν
3656 1634 3782 1690 καθ’
3809 1633 3972 1705 ἡμῶν

2374 1731 2763 1804 στρατεύματα
2804 1731 3061 1802 ναύμαχα
3100 1730 3169 1784 δι’
3213 1732 3454 1801 ἠρεμίας
3496 1728 3796 1797 ἐτύγχανεν
3830 1727 3968 1797 (59),

2370 1829 2436 1882 δι’
2459 1820 2533 1883 ὧν
2585 1826 2826 1898 Ἐσπέρα
2858 1829 3009 1880 πᾶσα
3046 1823 3501 1888 καταδεὼύλωτο,
3553 1823 3610 1875 ἐν
3642 1819 3835 1874 πόλεσι
3870 1818 3970 1884 τῆς

675 1902 925 1971 plurima:
954 1919 1128 1973 usque
1154 1904 1220 1958 ad
1254 1920 1314 1959 Cl.
1337 1914 1537 1975 praeter
1560 1904 1956 1960 Gallerianum.
1988 1906 2134 1973 Quas
2157 1908 2257 1961 im-

2368 1937 2427 1972 τε
2476 1919 2724 1982 Σικελίας
2751 1917 2887 1989 (60),
2932 1917 3012 1972 ἔτι
3048 1915 3155 1987 μὴν
3208 1916 3303 1970 καὶ
3346 1912 3747 1983 Ληγιὸαρδίας
3802 1910 3967 1964 πολυ-

674 2002 899 2061 perator
957 1994 1190 2050 Basilius
1243 1997 1611 2065 recuperavit,
1647 1996 1854 2052 Nasare
1896 2005 1953 2052 et
1990 1998 2262 2068 Proc0pio

672 2087 909 2142 ducibus
934 2089 987 2141 in
1020 2089 1114 2143 illo
1143 2097 1412 2158 tempore.
1432 2093 1609 2159 Atque
1628 2091 1780 2145 Italia
1808 2091 2031 2162 quidem
2057 2109 2261 2149 nomen

672 2180 885 2235 invenit
928 2181 997 2234 ab
1051 2181 1183 2235 Italo
1227 2182 1397 2235 Siculi
1440 2191 1691 2251 parente,
1730 2192 1885 2253 patre
1925 2184 2099 2249 Italia,
2150 2183 2263 2238 ﬁlio

670 2283 855 2330 autem
892 2274 1110 2330 Sicania
1138 2276 1254 2330 sive
1276 2274 1557 2330 Trinacria
1582 2276 1779 2347 potito.
1811 2276 1901 2331 Sic
1932 2277 2097 2332 etiam
2125 2278 2263 2334 dici-

670 2376 764 2421 tur
800 2384 813 2420 :
854 2367 1007 2421 italia
1038 2382 1069 2420 a
1102 2367 1241 2421 bove
1273 2366 1506 2429 advena,
1536 2381 1700 2436 quem
1737 2367 1923 2422 subito
1958 2371 2259 2440 conspicati

668 2460 942 2531 indigenae
972 2458 1325 2513 adnatantem
1361 2458 1427 2512 ad
1460 2459 1608 2527 ipsos
1636 2460 2099 2528 persequentibus
2131 2478 2260 2532 pos-

666 2550 978 2606 sessoribus
1015 2550 1326 2603 elamarunt
1363 2566 1381 2599 ι
1416 2547 1603 2611 Italus,
1633 2568 1651 2600 ι
1696 2549 1843 2619 quod
1881 2550 2097 2605 illorum
2138 2568 2258 2608 scr-

666 2658 828 2697 mone
857 2641 1129 2711 signiﬁcat
1147 2640 1521 2703 bovem,auta
1546 2640 1784 2709 quodam
1812 2641 2072 2711 praedone
2097 2642 2253 2710 Italo,

664 2750 828 2805 quem
858 2732 1123 2787 Hercules
1146 2732 1219 2785 ibi
1243 2730 1468 2794 occidit,
1489 2746 1689 2786 nomen
1718 2732 1895 2787 duxit.
1930 2732 2254 2803 Longobar-

664 2825 753 2878 hia
812 2835 998 2879 autem
1058 2841 1088 2879 a
1135 2824 1371 2894 quodam
1417 2824 1803 2895 Longobarbo,
1856 2824 1950 2895 qui
1997 2825 2253 2895 primitus

662 2918 843 2973 tenuit
864 2920 1011 2973 illam
1032 2918 1336 2988 regionem,
1354 2919 1481 2988 quia
1506 2934 1755 2989 magnam
1782 2920 2006 2975 barbam
2030 2922 2211 2977 alebat
2235 2940 2248 2976 :

661 3011 819 3082 longa
855 3011 1004 3066 enim
1052 3011 1427 3082 Longobarbis
1472 3021 1558 3066 est
1600 3028 1889 3083 magnum,
1926 3015 2022 3084 pili
2062 3025 2246 3072 autem

662 3104 834 3158 menti
862 3104 1052 3159 barba.

2371 2012 2701 2082 αριθμήτοις
2729 2012 2825 2065 ἐπὶ
2859 2020 2898 2065 ν’
2922 2029 2979 2065 τε
3011 2015 3106 2065 καὶ
3130 2017 3174 2081 ρ’
3193 2010 3328 2077 (61),
3346 2009 3438 2062 τοῦ
3472 2004 3841 2077 Γαλλεριανοῦ
3867 2021 3970 2073 χω-

2372 2106 2476 2175 ρίς.
2511 2100 2611 2157 Ὧν
2642 2105 2688 2137 ³⁸
2722 2106 2821 2173 τὴν
2865 2105 3169 2174 ἀνάρρυσιν
3206 2102 3232 2154 ὁ
3263 2100 3627 2170 αὐτοκράτωρ
3680 2097 3965 2157 Βασίλειος

2370 2195 2747 2265 ἀπειργάσατο
2772 2195 2967 2265 Νασαρ
2999 2193 3110 2261 (62)
3145 2195 3238 2246 καὶ
3274 2192 3582 2262 Προκοπίου
3615 2187 3737 2242 κατ’
3786 2189 3963 2240 ἐκεῖνο

2371 2288 2565 2359 καιροῦ
2603 2288 2939 2362 στρατηγίας
2980 2284 3381 2357 ἀντεχομένων.
3418 2284 3529 2336 Καὶ
3559 2282 3619 2335 τδ
3657 2283 3760 2352 μὲν
3793 2282 3964 2348 δνομα

2366 2383 2571 2436 Ἰταλία
2601 2381 2832 2452 ἐφεῦρεν
2862 2379 2969 2435 ἀπὸ
3014 2377 3226 2433 Ἰταλοῦ
3258 2376 3350 2432 τοῦ
3384 2374 3607 2429 Σικελοῦ
3642 2374 3961 2442 γενετῆρος,

2366 2476 2460 2528 τοῦ
2497 2475 2592 2544 μὲν
2627 2473 2832 2544 πατρὸς
2876 2475 2976 2542 τῆς
3006 2470 3237 2533 Ἰταλίας
3267 2471 3475 2540 χώρας,
3504 2468 3600 2520 τοῦ
3631 2468 3689 2520 δὲ
3715 2466 3838 2517 υἱοῦ
3869 2465 3956 2516 Σί-

2364 2567 2559 2629 κανίας
2600 2564 3002 2638 ῆΤρινακρίας
3040 2562 3331 2635 ἐγκρατῶν
3376 2561 3706 2631 γεγονότων.
3760 2558 3943 2611 Ἰταλῇ

2362 2657 2417 2709 δὲ
2456 2656 2568 2728 (63)
2602 2659 2696 2710 καὶ
2738 2655 2931 2720 οὕτως,
2966 2656 3075 2710 ἀπό
3114 2672 3260 2716 τινος
3307 2652 3775 2725 περαιωσαμένης
3812 2650 3937 2720 βοὸς

2363 2748 2430 2819 ἢν
2458 2748 2662 2819 ἁθρόαν
2690 2749 2891 2811 ἰδόντες
2922 2747 3178 2820 ἐγχώριοι
3226 2748 3290 2800 ἐκ
3338 2748 3441 2817 γῆς
3472 2746 3665 2816 ἐτέρας
3695 2744 3787 2796 τὸν
3821 2744 3949 2795 ἀπό-

2364 2839 2533 2892 πλουν
2567 2825 2704 2910 πρὸς
2751 2840 2950 2904 αὐτοὺς
2979 2841 3312 2911 ποιουμένην
3346 2838 3687 2908 διωκομένην
3715 2854 3776 2888 τε
3808 2836 3952 2904 παρό

2357 2930 2464 2985 τῶν
2491 2932 2770 3003 κτητόρων
2797 2932 2969 3000 αὐτῆς
2996 2932 3256 3003 ἐϐόησαν·
3280 2952 3297 2984 ι
3321 2931 3546 2995 ἸταΜς,
3583 2929 3785 2991 ἱταλὸς,
3814 2947 3831 2978 ι
3866 2927 3893 2979 ὃ
3916 2928 3959 2957 ³⁸

2357 3025 2422 3093 τῇ
2455 3023 2663 3077 ἑαυτῶν
2688 3024 2956 3095 διαλέκτῳ
2987 3024 3350 3096 ἑρμηνεύεται
3369 3025 3547 3089 βοῦς.
3584 3023 3616 3093 ἦ
3658 3021 3770 3075 ἀπό
3814 3036 3955 3080 τινος

2355 3112 2554 3185 λῃστοῦ
2594 3114 2799 3169 Ἰταλοῦ
2833 3115 2902 3169 δι’
2941 3115 3281 3188 Ἡρακλέους
3327 3117 3506 3167 ἐκεῖσε
3543 3111 3951 3185 ἀναιρεθέντος¹
4024 3117 4028 3119 “

658 3200 762 3267 τὴν
792 3199 986 3267 κλῆσιν
1011 3199 1271 3269 ἠγάγετο.
1309 3200 1686 3269 Λογγιὸαρὸία
1711 3201 1768 3254 δὲ
1804 3202 1913 3255 ἀπό
1972 3221 2118 3266 τινος
2182 3207 2565 3280 Λογγιόάρΰου
2597 3209 2708 3280 (64)
2754 3210 2849 3264 τοῦ
2904 3212 3141 3282 πρώτως
3183 3211 3553 3281 κατασχόντος
3584 3210 3628 3240 ³⁷
3690 3209 3790 3279 τὴν
3850 3206 3958 3276 11:»-

665 3312 786 3365 ραν,
833 3295 920 3364 ἐφ’
955 3297 1060 3367 ὅτῳ
1094 3296 1187 3349 καὶ
1246 3296 1389 3369 μέγα
1440 3297 1726 3367 age-emo
1769 3301 2016 3367 γένειον·
2076 3302 2245 3375 λόγγη
2290 3304 2397 3377 γὰρ
2428 3307 2582 3378 παρὰ
2627 3307 3028 3378 Λογγιϐάρϐοις
3076 3308 3137 3361 τὸ
3187 3308 3353 3377 μέγα,
3401 3306 3578 3376 βάρεα
3610 3303 3666 3357 δὲ
3729 3302 3794 3355 τὸ
3858 3300 3954 3368 γέ-

659 3409 824 3449 νειον.

732 3488 1129 3561 Syracusarum
1162 3501 1345 3547 autem
1372 3493 1710 3548 calamitates
1730 3492 1968 3564 quodam
2000 3503 2245 3566 tempore

2424 3498 2505 3551 Τά
2538 3498 2594 3551 δὲ
2628 3499 2769 3552 κατᾶ
2814 3499 3171 3569 Συράκουσαν
3199 3492 3583 3565 διεμεσολάϐει
3614 3491 3831 3563 χρόνων
3866 3510 3949 3543 τι-

661 3584 1079 3639 intervenerunt
1125 3603 1137 3638 :
1180 3586 1579 3642 obsidebantur
1626 3587 1775 3641 enim
1832 3588 1903 3642 ab
1938 3588 2253 3645 lsmaelitis.

658 3674 739 3729 Eo
785 3676 936 3732 misit
978 3677 1281 3748 imperator
1320 3678 1621 3749 Adrianum
1651 3718 1665 3742 ,
1717 3679 1898 3734 virum
1940 3690 2252 3750 strenuum,

660 3784 785 3823 eum
836 3770 1010 3825 classe
1048 3786 1363 3837 numerosa,
1396 3769 1461 3825 ad
1498 3786 1619 3826 eam
1649 3772 1844 3827 urbem
1881 3773 2249 3831 liberandam.

658 3860 761 3928 Qui
794 3861 1080 3932 profectus
1107 3862 1172 3918 ad
1207 3878 1382 3934 usque
1412 3864 1874 3934 Peloponnesum,
1907 3875 2127 3936 portum
2158 3868 2247 3922 cui

657 3968 861 4009 nomen
902 3954 1102 4010 llierax
1137 3964 1391 4025 occupat,
1426 3956 1725 4027 impeditus
1770 3956 1844 4013 ibi
1880 3973 2074 4030 magna
2107 3958 2249 4015 ditii-

658 4045 863 4101 eullate
908 4045 1201 4116 navigandi
1245 4056 1343 4117 per
1377 4047 1777 4118 quinquaginta
1817 4048 1954 4104 dies.
2000 4048 2249 4122 Cumque

657 4138 733 4193 ibi
802 4138 1177 4193 retardaretur
1221 4154 1250 4194 a
1300 4139 1650 4209 navigatione
1711 4150 1939 4210 propter
2005 4140 2249 4196 inclusos

655 4241 870 4297 ventos,
911 4232 1142 4288 accessit
1192 4232 1259 4286 ad
1309 4247 1437 4287 eum
1475 4231 1631 4302 117
1670 4233 1894 4299 quidam
1928 4246 1995 4288 ex
2038 4233 2251 4289 colonis

655 4325 911 4380 nuntium
967 4340 1188 4396 gravem
1243 4334 1582 4395 apportans,
1643 4325 1906 4382 hesterno
1961 4327 2073 4398 die.
2114 4327 2249 4384 hora

654 4417 847 4487 quinta
900 4417 1201 4489 Syracusas
1246 4428 1434 4489 captas
1486 4419 1676 4474 fuisse.
1719 4414 1932 4486 Quibus
1977 4437 2177 4476 nomen
2212 4438 2244 4479 α

654 4509 1057 4564 conditricibus
1083 4525 1275 4564 earum
1307 4511 1522 4565 Archia:
1554 4511 1771 4565 ﬁliabus
1798 4512 1931 4582 Syra
1961 4520 2017 4567 et
2050 4514 2239 4581 Cossa,

656 4610 749 4655 aut
779 4616 808 4654 a
844 4603 1081 4672 quodam
1120 4604 1241 4657 lacu
1276 4603 1503 4668 ibidem,
1538 4613 1633 4656 aut
1663 4619 1692 4657 a
1721 4603 1869 4658 fonte
1899 4605 2029 4659 olim
2076 4606 2239 4678 Syra-

2362 3591 2469 3642 νῶν
2512 3590 2907 3660 δυστυχήματα
2958 3589 3071 3659 (65)
3100 3605 3113 3618 '
3170 3588 3606 3656 ὲπεπολιόρκητο
3658 3586 3772 3654 γάρ
3806 3586 3949 3655 παρὰ

2357 3685 2466 3737 τῶν
2502 3682 2886 3754 Ἰσμαηλιτῶν.
2923 3682 3063 3735 Καθ’
3108 3680 3177 3751 ἢν
3216 3679 3594 3749 ἐξεπεπὸμφει
3627 3679 3655 3731 ὁ
3681 3678 3949 3747 αὐτοκρά-

2355 3791 2471 3845 τωρ
2495 3772 2776 3844 Ἀδριανὸν
2808 3772 2979 3843 ἄνδρα
3008 3773 3259 3841 γενναῖον
3293 3771 3391 3824 σὺν
3447 3767 3689 3839 ναυτικῷ
3723 3769 3951 3841 πολυάντ

2352 3865 2464 3937 δρῳ
2494 3864 2628 3936 πρὸς
2662 3864 2763 3936 τὴν
2789 3865 2957 3933 αὐτῆς
3003 3862 3387 3933 ἀπολύτρωσιν
3416 3859 3551 3933 (66).
3592 3861 3689 3922 Ὃς
3743 3860 3943 3913 κατιὼν

2353 3957 2517 4029 μέχρι
2564 3956 2976 4027 Πελοποννήσου
3007 3956 3071 4021 ⁸⁸,
3117 3954 3323 4026 Ἰέρακι
3374 3952 3521 4007 οὕτω
3565 3952 3940 4023 κατονομαζο-

2350 4050 2499 4120 μένῳ
2522 4048 2703 4120 λιμένι
2736 4047 2849 4121 (67)
2893 4047 3409 4119 προσλιμενεύεται,
3472 4045 3942 4117 παρεμποδισθεὶς

2346 4145 2527 4197 ἐκεῖσε
2577 4142 2841 4213 δυσπλοία
2892 4142 3258 4214 χαλεπωτάτῃ
3316 4140 3410 4195 ἐπὶ
3462 4140 3675 4211 ⁴ἡμέρας
3708 4147 3794 4192 ν’·
3853 4142 3940 4193 καὶ

2348 4237 2488 4291 κατὰ
2519 4236 2709 4290 τοῦτον
2738 4235 2902 4289 αὐτοῦ
2950 4234 3218 4305 δυσφορία
3246 4234 3577 4305 πιεζομένου
3627 4232 3716 4285 διά
3746 4233 3849 4304 τὴν
3885 4233 3937 4291 ἐξ

2346 4329 2565 4399 ἀνέμων
2595 4326 2961 4396 ἐγκάθειρξιν,
2994 4326 3290 4397 προσεδεδη
3301 4327 3467 4396 μήκει
3496 4342 3579 4389 τις
3607 4324 3715 4377 τῶν
3743 4322 3936 4395 χρησί-

2354 4441 2472 4493 μων
2502 4420 2764 4491 ἀγγελίαν
2794 4420 3250 4492 ἐπικομιζόμενος
3300 4418 3566 4489 δυσαχθῆ.
3618 4419 3694 4481 ὼς
3729 4417 3871 4471 κατὰ
3898 4416 3937 4467 ε’

2351 4517 2504 4587 ὤραν
2534 4517 2671 4586 πρὸς
2718 4515 2780 4567 τὸ
2831 4512 2959 4584 χθὲς
3009 4513 3107 4575 τὰς
3147 4513 3498 4582 Συρακούσας
3543 4497 3810 4579 ηλῶσοαι.
3843 4503 3937 4568 Αἴξ

2350 4608 2521 4678 ὄνομα
2545 4608 2650 4661 ἀπό
2681 4624 2845 4661 τινων
2868 4605 3142 4659 κτισασῶν
3172 4604 3377 4669 ταύτας
3398 4604 3616 4674 Ἀρχίου
3647 4602 3933 4672 θυγατρῶν

1995 4698 2225 4754 νΛιιιίΕ
2266 4700 2669 4756 LECTIONES.

733 4786 775 4871 ξς
802 4788 1211 4871 Γερςιανεικίμς.
1237 4790 1298 4843 L.
1378 4790 1423 4821 ³⁵
1445 4791 1791 4859 Σαμωσάτων
1815 4791 1876 4847 L.
1954 4796 1999 4827 ³⁸
2027 4789 2103 4848 ὧν
2133 4796 2195 4861 Β,
2218 4797 2279 4851 ὂν
2307 4797 2370 4853 L.
2449 4799 2494 4830 ³⁸
2515 4798 2567 4871 ὃ]
2586 4792 2673 4865 ὧι,
2714 4812 2877 4866 supra
2909 4796 3115 4865 scripto
3141 4794 3189 4861 ὃ,
3227 4793 3289 4849 L.
3368 4794 3410 4824 ³⁷
3449 4791 3840 4860 καταπχῶντας
3865 4791 3921 4845 L-

655 4860 698 4889 ³⁸
726 4845 1098 4927 Πελοπὸνήσου
1130 4845 1197 4912 ι..

1888 4950 2133 5009 STEPH.
2176 4954 2529 5011 BERGLERI
2564 4956 2789 5014 ΝΟΤᾹΞ.

715 5044 827 5111 (53)
872 5042 1112 5098 Confuse
1152 5044 1403 5107 diversa,
1429 5053 1486 5098 et
1519 5044 1750 5099 inferius
1782 5045 1983 5100 iterum
2028 5046 2226 5102 fusius.
2262 5052 2307 5108 ι)

650 5114 1305 5188 τ-(ΞοιιδιληΡοι-ρξιηρ.
1345 5115 1649 5188 166_seqq.
1704 5126 1854 5188 μιν.
1892 5117 2014 5170 176.
2073 5116 2223 5188 Sym.

652 5184 1026 5257 Log.p.}55,
1056 5182 1180 5257 4.556.
1200 5182 1395 5257 Georg.
1425 5182 1651 5257 Momp.
1685 5182 1988 5241 5H.Cedr.
2015 5203 2067 5257 p.
2102 5182 2225 5244 570.

717 5256 827 5327 (56)
856 5254 1046 5327 Const.
1090 5255 1293 5327 Porpli_.
1347 5271 1402 5323 p.
1455 5254 1782 5327 174.7Sym.
1845 5257 1976 5323 Log.
2005 5254 2058 5326 ᾖ.
2101 5258 2225 5312 556.

648 5324 843 5396 Georg.
871 5326 1018 5379 Mon.
1039 5341 1092 5395 p.
1114 5326 1238 5379 546.
1259 5324 1393 5379 Zou.
1411 5341 1464 5394 p.
1488 5325 1607 5380 168.
1623 5324 1783 5381 Cédr.
1811 5342 1866 5396 p.
1884 5324 2019 5382 574.
2033 5328 2223 5383 Const.

648 5343 791 5381 ueor
833 5367 843 5379 .
874 5343 1018 5379 mon.
1039 5343 1092 5395 p.
1114 5343 1238 5379 διο.
1260 5343 1783 5394 L0ll.p.106.bea|'.
1811 5343 2008 5396 p.314.
2033 5343 2223 5383 ConSt.

647 5343 851 5466 PorpE.
882 5412 938 5465 p.
984 5397 1107 5459 167,
1149 5396 1246 5467 ubi
1285 5395 1361 5463 τὸ)
1392 5397 1729 5461 Σαμόσατον.
1780 5398 1943 5453 Cedr.
1992 5415 2048 5467 p.
2098 5399 2225 5454 570.

719 5467 831 5535 (57)
863 5467 1054 5521 Const.
1092 5466 1293 5535 Porph.
1318 5482 1373 5535 p.
1416 5469 1538 5522 167.

711 5539 824 5608 (58)
855 5538 1045 5592 Const.
1075 5537 1276 5606 Porph.
1304 5553 1360 5606 ι).
1394 5538 1514 5592 168.

719 5608 832 5677 (59)
867 5610 1057 5681 Const.
1090 5608 1296 5681 Porph.
1329 5623 1382 5676 p.
1416 5610 1537 5681 179,
1586 5609 1781 5662 Noster
1808 5610 1944 5665 duas
1992 5611 2224 5681 expedi-

648 5682 826 5735 tiones
862 5678 1152 5732 confundit
1183 5680 1234 5731 iu
1271 5680 1727 5734 antecedentibus
1751 5684 1938 5734 etiam.

716 5749 826 5820 (60)
858 5749 992 5822 gon.
1018 5751 1208 5819 p.169,
1244 5749 1407 5822 φραγ,
1437 5766 1489 5819 p.
1517 5751 1639 5804 576.
1666 5752 1813 5822 Sym.
1845 5752 1976 5821 Log.
2011 5768 2045 5821 p
2092 5753 2215 5807 4538.

640 5821 829 5894 Const.
873 5820 1073 5894 Porph.
1132 5837 1182 5884 p.
1248 5820 1349 5873 179
1400 5822 1452 5875 in
1507 5822 1631 5883 ﬁne,
1693 5820 1781 5875 ubi
1843 5820 2210 5894 Λαγοόαρὸία.

640 5892 801 5948 Ct'dr.
828 5909 876 5959 [δ.
904 5892 1024 5943 577.

2578 5050 2851 5106 Eumde
2901 5065 3194 5106 numerum
3222 5048 3389 5104 habet
3431 5059 3487 5104 et
3508 5047 3917 5118 Const.Porph.

2339 5136 2525 5255 β’(ἑέςῖ
2540 5158 2740 5247 bonst.
2763 5191 2967 5262 Porph.
2988 5206 3052 5262 ρ.
3074 5190 3196 5262 186.
3234 5220 3296 5231 -
3316 5189 3679 5262 Προκοπίου.
3719 5187 3912 5244 Const.

2338 5261 2542 5331 Porph.
2578 5278 2631 5331 p.
2662 5262 2784 5315 188.
2808 5260 3009 5330 Georg.
3043 5261 3187 5315 Mon.
3212 5278 3269 5331 p.
3300 5260 3425 5317 456.

2412 5334 2523 5401 (65)
2552 5332 2907 5402 lneptissime
2939 5332 3202 5399 loquitur,

2406 5400 2519 5471 (64)
2556 5400 2813 5457 Ita—nune
2840 5403 3103 5471 scriptum
3135 5421 3147 5455 :
3185 5418 3348 5472 supra
3380 5414 3529 5456 recte
3559 5410 3679 5454 erat
3712 5400 3759 5467 δ,
3820 5400 3910 5455 sed

2332 5480 2386 5526 et
2415 5472 2550 5525 illud
2577 5481 2788 5527 rectum
2819 5489 2888 5527 ex
2922 5473 3234 5542 liypothcsi.

2403 5544 2516 5610 (65)
2571 5542 2736 5598 Cedr.
2788 5559 2842 5612 p.
2888 5542 3013 5596 585.
3069 5543 3202 5597 Zon.
3238 5559 3292 5613 p.
3360 5544 3482 5597 172.
3508 5543 3705 5611 Georg.
3728 5612 3737 5613 η
3763 5541 3909 5613 Mon.

2329 5629 2383 5694 p.
2419 5614 2543 5696 545:.
2582 5614 2733 5684 Sym.
2759 5613 2891 5684 Log.
2929 5629 2983 5685 p.
3013 5613 3116 5668 456
3171 5612 3341 5669 refert
3363 5614 3430 5669 ad
3467 5630 3673 5668 nonum
3726 5612 3910 5669 Basilii

2329 5700 2543 5753 imperii
2587 5701 2814 5738 annum.
3504 5705 3508 5708 ‘

2405 5757 2515 5823 (66)
2539 5754 2731 5809 Const.
2760 5756 2962 5825 Porph.
2985 5772 3039 5825 p.
3062 5756 3177 5811 l90.
3210 5754 3374 5811 Cedr.
3408 5772 3459 5824 p.
3490 5755 3615 5808 585.

2393 5826 2502 5894 (67)
2533 5825 2721 5879 Const.
2754 5826 2952 5895 l‘orpli.
2990 5844 3041 5895 p.
3074 5828 3188 5883 190.
3218 5827 3378 5881 (chr.
3416 5843 3467 5892 p.
