4146 6436
177 406 306 470 1141

1503 409 1769 469 HFGUM
1814 409 1959 468 LIB.
2003 409 2077 466 ιν

3285 407 3416 470 liii

168 523 345 591 Σύρας
367 522 460 574 καὶ
483 522 719 590 Κόσσης,
817 521 924 572 ἀπό
944 538 1084 583 τινος
1108 520 1283 573 ὲκεῖσε
1316 521 1532 591 λίμνης.
1570 524 1602 592 ἢ
1632 524 1738 576 ἀπὸ

1849 537 1976 578 eone
2006 535 2151 576 nunc
2180 521 2473 576 Arethusa.
2507 520 2602 573 Illo
2625 530 2806 574 autem
2835 521 2886 575 in
2915 522 3208 576 veritatem
3238 520 3422 591 inqut-

164 614 260 680 τῆς
282 612 414 682 πρὶν
449 613 548 681 μὲν
579 613 787 681 κρήνης
838 610 1144 683 Στιρακοῦς,
1185 615 1278 664 νῦν
1299 614 1354 665 δὲ
1385 613 1738 684 ’Λρεθούσης.

167 704 273 756 Τοῦ
333 704 389 756 δὲ
441 702 500 756 τὸ
565 703 762 773 ἁλ.,θὲς
821 705 1405 772 πολυπραγμονοῦντος
1471 707 1564 758 καὶ
1609 708 1740 758 ὀπό-

166 796 257 846 θεν
293 796 406 862 (68)
437 795 764 848 ἐπίστασθαι
788 797 946 847 τοῦτο
986 797 1392 866 διερευνῶντος,
1430 798 1593 852 αὐτὸς
1637 799 1740 849 ἁπ-

164 883 443 948 εκρίνατο,
475 884 667 952 ὅτιπερ
699 884 808 952 ((39)
857 903 874 934 ι
912 884 1001 935 Ἐν
1055 889 1214 954 χώρῳ
1242 885 1301 948 ὃς
1333 885 1493 948 ’Ἕλος
1531 886 1742 954 ὠνόμα-

165 990 312 1034 σται,
367 973 534 1041 ἀγρὸς
570 975 800 1041 πάρεστί
846 991 936 1042 μοι
981 974 1054 1034 ὡς
1101 975 1208 1026 ἀπὸ
1261 975 1452 1044 μιλίων
1505 983 1553 1045 η’
1605 976 1740 1044 πρὸς

161 1066 460 1134 διάστημα.
518 1067 626 1118 Καὶ
655 1065 792 1117 κατὰ
827 1067 924 1134 τὴν
976 1065 1277 1135 παριοῦσαν
1331 1066 1572 1136 ἑσπέραν
1619 1065 1742 1118 καθ’

161 1159 221 1208 ὃν
259 1157 377 1225 (70)
439 1174 531 1225 μοι
577 1157 994 1228 περιπολεύοντι
1027 1159 1285 1226 προσίασί
1331 1175 1475 1221 τινες
1520 1175 1742 1226 ποιμαι-

161 1252 391 1309 νόντων,
423 1249 516 1300 καὶ
542 1248 781 1316 ἔφασκον
805 1251 878 1312 ὡς
907 1251 969 1300 ὲκ
994 1249 1100 1301 τῶν
1123 1249 1594 1318 ἐπιχωριαζόντων
1625 1249 1744 1300 δαι-

165 1343 348 1408 μόνων
407 1342 751 1410 διακηκοέναι
803 1342 1119 1409 φραζόντων
1174 1343 1430 1406 γενέσθαι
1482 1343 1591 1407 (71)
1647 1340 1744 1407 τὴν

163 1433 524 1501 Συράκουσαν
555 1432 902 1502 δοριάλωτον,
940 1435 998 1484 ὲν
1041 1435 1210 1504 ταύτῃ
1240 1451 1298 1484 τε
1342 1435 1599 1500 παρεῖναι
1633 1434 1743 1502 (79.)

161 1525 385 1584 αὐτοὺς,
421 1524 543 1576 ὅθεν
582 1526 674 1576 καὶ
707 1524 1128 1594 διατρανοῦσθαι
1178 1526 1461 1594 ἀλήθειαν.
1493 1544 1511 1576 ι
1564 1526 1742 1588 Αὐτὸς

160 1616 215 1666 δὲ
251 1616 390 1684 πρὸς
431 1614 586 1666 τοῦτο
638 1616 710 1683 μὴ
749 1618 1062 1669 κατανεύων
1110 1619 1188 1678 εἰς
1234 1618 1488 1670 ἀπιστίαν
1526 1618 1743 1687 ἐχώρει,

159 1705 262 1772 τὴν
293 1703 591 1772 αύτηκοῖαν
625 1706 1081 1775 σφετεριζόμενος
1125 1708 1258 1772 (75).
1310 1709 1447 1760 Καθ’
1475 1711 1540 1778 ἢν
1564 1710 1622 1762 ἐν
1648 1727 1745 1762 και

159 1793 398 1864 ταλήψει
430 1795 473 1828 ³³
508 1797 800 1865 γενόμενος
839 1798 934 1850 τοῦ
974 1797 1145 1868 ἀγροῦ
1193 1799 1416 1868 πρώτην
1444 1800 1565 1852 καθ’
1597 1800 1745 1869 ὤραν

160 1888 255 1938 καὶ
305 1887 528 1954 ποιμέσι
599 1889 1021 1958 συγκατειλήφει
1073 1892 1164 1941 τὸν
1200 1891 1507 1961 ὡρισμένον
1563 1892 1742 1961 χῶρον
1775 1909 1817 1966 Β

158 1978 248 2046 ἐφ’
281 1972 328 2045 ᾧ
369 1977 437 2030 τὰ
477 1979 636 2050 ἀέρια
669 1981 782 2048 (74)
811 1979 909 2050 τὴν
939 1980 1224 2052 διατριϐὴν
1261 1983 1610 2052 ἐπεποίηντο.
1643 1977 1743 2034 Ὧν

158 2069 261 2136 τὴν
307 2069 582 2142 διαγωγὴν
633 2071 1022 2142 πυνθανομένῳ
1075 2073 1181 2125 τινὶ
1227 2073 1336 2126 τῶν
1391 2073 1670 2142 ποιμένων
1697 2075 1742 2106 ⁸ο

161 2160 677 2228 προσαπεκρίναντο
705 2160 848 2214 κατά
873 2160 1028 2213 πόλιν
1050 2161 1165 2230 (75)
1198 2163 1554 2233 Συράκουσαν
1582 2161 1742 2230 εἷναι,

159 2249 257 2302 τοῦ
301 2251 742 2319 περιλειφθέντος
783 2253 1168 2322 Χριστιανικοῦ
1215 2253 1448 2324 αἵματος
1485 2257 1744 2324 ἐμφορεῖ-

161 2341 290 2395 σθαι
317 2358 331 2372 ·
365 2343 457 2395 τὸν
487 2343 543 2396 δὲ
573 2346 703 2415 περὶ
725 2345 834 2399 τῶν
867 2345 1124 2400 τοιούτων
1161 2347 1360 2399 εἰδέναι
1383 2346 1745 2416 διερευνώμε-

160 2453 253 2488 νον
284 2437 346 2489 τὸ
403 2435 645 2506 πραχθὲν
700 2438 1030 2505 γινώσκειν,
1079 2437 1141 2490 τό
1180 2456 1239 2490 τε
1289 2439 1462 2507 ὄνομα
1515 2440 1609 2492 καὶ
1657 2439 1748 2492 τὸν

160 2530 396 2597 ἀρχικὸν
443 2527 651 2598 βαθμὸν
701 2529 1112 2596 ἑξεπίστασθαι.
1147 2524 1242 2593 Οἷς
1289 2533 1317 2583 ὁ
1362 2531 1636 2602 Ἀδριανός
1671 2533 1746 2603 μὴ

163 2620 442 2672 πιστεύων
471 2621 512 2652 ⁸¹
540 2619 621 2673 ἔτι
648 2621 1006 2690 ύπελογίξετο
1034 2622 1177 2675 ἕωλα
1206 2622 1342 2693 (76).
1379 2623 1488 2676 Καὶ
1520 2624 1654 2692 μετὰ
1689 2629 1746 2676 ιε’

161 2711 430 2764 ἐπιοῦσαν
456 2712 673 2782 ἡμέραν
701 2713 769 2766 τὰ
796 2713 926 2776 παρ’
973 2713 1152 2766 αὐτῶν
1192 2711 1269 2775 ὡς
1328 2711 1497 2783 ψευδῆ
1529 2713 1746 2780 νομιζό-

167 2819 311 2870 μενα
357 2802 508 2871 παρὰ
557 2803 666 2854 τῶν
717 2803 928 2856 ἐκεῖθεν
981 2801 1134 2870 μόλις
1177 2801 1519 2872 ἐληλυθότων
1575 2801 1748 2872 ἀληθῆ

164 2891 550 2960 κατεφαίνετο.
617 2891 740 2945 Τῶν
813 2891 907 2945 οὖν
979 2892 1262 2964 ἐγχωρίων
1327 2892 1655 2962 πνευμάτων
1715 2897 1748 2963 ἡ

163 2981 394 3053 τοιαύτη
424 2983 750 3053 πρόγνωσις,
776 2983 809 3054 ἢ
838 2980 1036 3051 μᾶλλον
1065 2984 1240 3034 εἰπεῖν
1267 2983 1300 3051 ὴ
1331 2981 1554 3035 ἐπὶτῶν
1579 3000 1753 3051 πρατ-

163 3073 415 3142 τομένων
464 3073 688 3140 γνῶσις,
737 3077 850 3137 τοῖς
883 3074 1026 3126 κατὰ
1061 3073 1161 3142 τὴν
1208 3073 1380 3142 αὐτὴν
1416 3072 1602 3144 χώραν
1625 3075 1754 3145 ἄχρι

170 3164 450 3233 βασιλείας
463 3165 556 3217 τοῦ
577 3165 766 3217 εὐσεϐε
776 3167 990 3228 στάτου,
1004 3163 1076 3227 ὦς
1095 3181 1252 3232 φασι,
1267 3165 1493 3226 Λέοντος
1511 3182 1756 3236 προσμε-

1841 623 1997 668 rente
2028 621 2191 681 atque
2227 612 2371 668 unde
2403 613 2454 666 id
2487 611 2621 665 sciat
2647 614 3040 682 interrogante,
3078 614 3167 669 hic
3195 630 3424 682 respon-

1843 704 1922 757 dit
1947 720 1960 756 ι
1991 722 2007 753 ι
2033 701 2272 756 Esttnihi
2298 704 2351 756 in
2375 717 2442 756 eo
2463 702 2585 755 loco
2608 701 2702 771 qui
2724 701 2886 758 Helos
2909 700 3134 764 dicitur,
3157 702 3424 772 prmdiutn

1842 796 1995 864 quasi
2034 803 2161 847 octo
2197 794 2576 848 milliariorum
2612 794 2920 847 intervallo.
2964 792 3143 863 Atque
3184 793 3304 847 heri
3333 810 3426 848 ve-

1843 884 1989 954 speri
2024 883 2154 937 illud
2192 884 2570 938 obambulanti
2603 883 2738 937 mihi
2767 893 3069 938 occurrunt
3099 884 3324 955 quidam
3360 901 3424 938 ex

1844 974 2176 1042 pastoribus,
2230 981 2287 1027 et
2319 972 2582 1028 dicebant
2616 989 2674 1028 se
2703 990 2771 1028 ex
2807 974 3150 1028 daemonibus
3190 975 3280 1030 hic
3310 991 3430 1029 ver-

1843 1065 2092 1118 santibus
2115 1063 2394 1119 audivisse
2413 1065 2723 1120 dicentibus
2754 1066 3052 1138 Syracusas
3077 1078 3264 1136 captas
3281 1082 3422 1131 esse,

1845 1154 2029 1224 ibique
2054 1169 2112 1208 se
2134 1153 2302 1210 fuisse
2319 1163 2484 1224 atque
2505 1154 2633 1208 inde
2650 1155 2935 1221 veritatem
2959 1167 3112 1212 certo
3129 1157 3429 1226 comperis-

1844 1261 1924 1299 se.
1966 1265 1982 1295 ι
2019 1245 2122 1299 Sed
2154 1248 2246 1301 ille
2278 1247 2423 1302 haud
2447 1246 2704 1313 credens,
2735 1247 2898 1302 fidem
2929 1250 3035 1304 sibi
3067 1250 3185 1306 fieri
3212 1251 3432 1305 volebat

1843 1337 2070 1405 proprio
2091 1337 2302 1390 auditu.
2351 1339 2529 1403 Quare
2574 1340 2629 1392 in
2668 1339 2930 1408 praedium
2977 1341 3256 1410 profectus
3296 1345 3429 1396 hora

1846 1426 2020 1495 prima
2061 1442 2186 1479 cum
2217 1428 2534 1496 pastoribus
2567 1429 2853 1484 definitum
2889 1432 3071 1485 locum
3119 1435 3428 1501 occupavit,

1845 1515 1900 1569 in
1934 1533 2043 1586 quo
2077 1517 2306 1586 spiritus
2334 1517 2412 1572 illi
2444 1521 2944 1576 commorabantur.
2979 1522 3130 1588 Quos
3151 1539 3276 1578 cum
3308 1525 3434 1591 qui-

1845 1609 1969 1663 dam
2003 1625 2068 1662 ex
2108 1609 2420 1682 pastoribus
2453 1610 2846 1681 interrogasset
2893 1611 2989 1666 ubi
3031 1612 3291 1677 fuissent,
3325 1613 3429 1682 ipsi

1848 1695 2249 1763 responderunt
2311 1697 2367 1751 in
2397 1680 2553 1753 iurbe
2599 1680 2994 1771 Syracusarum
3045 1717 3104 1756 se
3157 1680 3432 1758 fuisse—et

1846 1783 2074 1838 satiasse
2127 1784 2378 1856 reliquiis
2423 1790 2706 1858 sanguinis
2750 1773 3047 1873 Christiani
3087 1793 3182 1862 qui
3226 1794 3436 1848 effusus

1846 1883 1990 1928 esset
2021 1893 2035 1941 ;
2088 1876 2243 1932 illum
2278 1894 2449 1948 porro
2485 1879 2578 1990 qui
2615 1880 2683 1936 de
2719 1881 2803 1936 his
2846 1884 2990 1939 scire
3036 1894 3266 1954 cuperet
3302 1889 3433 1952 quid

1846 1970 1916 2024 sit
1947 1970 2171 2036 factum,
2214 1987 2272 2028 se
2305 1988 2468 2028 nosse
2499 1970 2530 2038 ,’
2549 1988 2862 2044 nomenque
2900 1983 2956 2030 et
2994 1977 3221 2045 gradum
3256 1975 3436 2044 digni-

1847 2064 1976 2117 tatis
2014 2063 2177 2118 seire.
2225 2064 2437 2130 Quibus
2489 2067 2731 2121 nondum
2764 2067 3011 2124 credens
3056 2069 3329 2122 Adrianus
3369 2084 3432 2122 ea

1845 2155 2198 2209 existimabat
2252 2156 2466 2212 frivola.
2519 2157 2624 2212 Sed
2671 2169 2796 2228 post
2851 2160 3129 2215 decimum
3181 2163 3432 2230 quintum

1848 2245 1993 2299 diem
2021 2261 2084 2300 ea
2105 2262 2228 2316 quae
2255 2247 2361 2316 ipsi
2390 2249 2678 2304 mendacia
2702 2249 3034 2306 videbantur
3060 2267 3162 2321 per
3191 2251 3316 2304 illos
3340 2253 3433 2319 qui

1851 2342 1977 2396 inde
2008 2357 2147 2412 aegre
2169 2353 2463 2399 evaserant
2501 2361 2631 2400 vera
2671 2345 3217 2402 demonstrabantur.
3263 2346 3438 2402 Caete-

1851 2452 1972 2490 rum
2010 2436 2156 2490 illius
2177 2436 2283 2492 loci
2313 2438 2779 2508 118spirituum
2803 2441 3170 2510 prmscientia,
3202 2448 3298 2494 aut
3332 2453 3431 2509 po-

1852 2527 1960 2580 tius
2007 2526 2253 2597 ipsorum
2301 2525 2570 2582 factorum
2614 2529 2864 2594 scientia,
2906 2530 3109 2585 ibidem
3147 2545 3320 2599 usque
3369 2530 3436 2583 ad

1852 2616 2143 2686 imperium
2182 2616 2413 2687 piissimi
2444 2617 2666 2683 Leonis,
2695 2628 2756 2673 ut
2788 2620 2965 2684 aiunt,
2999 2619 3241 2675 duravit.
3285 2618 3440 2672 Tunc

1854 2708 2018 2779 igitur
2046 2709 2222 2778 copiis
2247 2711 2484 2766 nauticis
2507 2727 2645 2781 quas
2665 2725 2853 2766 secum
2875 2711 3112 2767 habebat
3136 2725 3438 2780 congrega-

1855 2801 1926 2854 tis
1939 2799 2473 2870 Constantinopolim
2503 2801 2896 2871 proliciscitur.
2928 2802 3269 2872 supplexque
3296 2800 3357 2854 ﬁt
3383 2801 3440 2854 in

1855 2892 2090 2962 quodam
2114 2876 2321 2963 templo
2336 2903 2532 2964 petens
2553 2895 2770 2950 veniam
2794 2895 3145 2950 delictorum.
3168 2895 3274 2951 Sed
3291 2895 3440 2965 quod

1854 2984 2089 3039 oflicium
2115 2985 2468 3068 neglexisset,
2501 3002 2605 3043 nec
2625 2987 2764 3042 adeo
2790 2987 3112 3044 difﬁcultate
3141 2987 3437 3058 navigandi

1857 3094 1989 3132 usus
2020 3078 2236 3144 fuisset,
2269 3088 2330 3134 ut
2360 3080 2477 3151 ipse
2511 3080 2822 3149 dictitabat,
2857 3084 3073 3137 veniam
3113 3092 3443 3138 consecutus

1860 3186 1967 3223 non
1989 3179 2094 3224 est.

170 3261 436 3331 μένηκεν.
472 3261 604 3314 Τότε
649 3262 713 3332 δὴ
747 3260 976 3331 στρατὸν
1003 3261 1094 3311 τὸν
1127 3260 1218 3312 ὑπ’
1299 3260 1465 3312 αὐτὸν
1531 3261 1811 3331 ναύμαχον
1851 3281 1914 3317 συ
1932 3265 2178 3335 μαγείρας
2230 3269 2297 3338 τῇ
2351 3269 2927 3322 Κωνσταντινουπόλει
2983 3269 3283 3338 ἐπιδημεῖ,
3345 3287 3438 3323 και

171 3352 360 3420 ῑκέτης
401 3352 458 3405 ἐν
496 3369 602 3404 τινι
647 3351 777 3420 ἱερῷ
826 3348 1190 3418 παραγίνεται
1263 3349 1375 3414 (77)
1442 3348 1672 3412 ἐξαιτῶν
1741 3359 2194 3428 συγκεχωρῆσθαι
2264 3357 2359 3410 τοῦ
2427 3358 2763 3428 σφάλματος.
2825 3360 2990 3413 Ἀλλὰ
3043 3359 3154 3413 τῶν
3210 3362 3442 3414 δεόντων

167 3445 536 3515 ὀλιγωρήσας,
570 3443 664 3496 καὶ
687 3444 808 3514 οὐχ).
835 3443 1100 3514 δυσπλοίᾳ
1133 3442 1298 3496 πλέον
1333 3443 1470 3512 (78),
1513 3443 1588 3506 ὡς
1619 3441 1878 3513 ἔφασκεν,
1908 3450 2243 3521 σδγγνώμης
2277 3451 2377 3503 οὐκ
2411 3451 2628 3521 ἔτυχεν.

253 3537 344 3590 Ἐν
394 3535 451 3588 δὲ
496 3533 576 3604 τῷ
607 3534 755 3603 αύτῷ
804 3535 1128 3604 ἐφεστηκότι
1167 3533 1346 3604 καιρῷ
1396 3533 1510 3603 (79)
1557 3534 1605 3585 ot
1645 3534 1749 3586 ἀπὸ

1933 3539 2135 3594 Eodem
2163 3551 2409 3609 tempore
2447 3557 2514 3596 ex
2547 3541 2876 3612 Carthagine
2898 3541 3013 3596 Afri
3040 3541 3295 3598 Saraceni
3314 3557 3439 3597 cum

173 3628 522 3698 Καρχηδόνος
559 3629 754 3696 ’Λφροι
802 3625 1114 3697 Σαρακηνοὶ
1159 3626 1254 3677 σὺν
1287 3624 1475 3676 ὁλκάσι
1522 3641 1748 3694 παμμε-

169 3721 388 3791 γέθεσιν
417 3719 477 3784 ξ’,
507 3711 595 3780 αἷς
625 3718 866 3788 χώρησις
917 3725 960 3770 σ¹
999 3717 1211 3788 ἀνδρῶν
1253 3717 1599 3786 διηρίθμητο,
1653 3734 1752 3768 κα-

167 3811 600 3883 ταστρατεύουσι
648 3810 744 3862 καὶ
790 3809 1119 3862 διικνοῦνται
1172 3807 1522 3878 Κεφαληνίας
1587 3807 1751 3877 μέχρι

172 3906 267 3960 καὶ
293 3902 591 3969 Ζακύνθου,
623 3903 748 3973 ἥτις
778 3901 913 3972 πρὸς
949 3900 1150 3971 ἄνεμον
1175 3900 1416 3970 Ζέφυρον
1466 3899 1771 3976 (80).)ιατὰ¹

168 3999 265 4050 τὸν
292 3995 627 4066 καλούμενον
669 3993 845 4064 ’ἰχθὺν
875 3993 1264 4058 ἁπονένευκεν,
1296 3991 1358 4045 ἔκ
1384 4009 1442 4044 τε
1477 3990 1753 4045 Ζακύνθου

171 4088 268 4142 τοῦ
297 4088 550 4156 Μέροπος
577 4086 679 4154 τῆς
710 4085 1081 4156 προσηγορίας
1114 4083 1410 4154 τετύχηκεν
1445 4081 1580 4150 (8|).
1615 4082 1751 4149 Περὶ

171 4174 248 4233 ὦν
280 4181 309 4232 ὁ
342 4178 595 4248 βασιλεὺς
643 4177 894 4244 διαγνοὺς
933 4175 1026 4228 τὸν
1076 4174 1364 4243 πατρίκιον
1417 4172 1612 4241 Νὰσαρ
1664 4174 1754 4224 ὲκ-

173 4267 530 4342 πέμπει’σὺν
578 4268 888 4339 ναυστολίᾳ,
934 4267 1102 4338 ἄνδρα
1146 4265 1498 4335 πολύπειρον,
1551 4263 1756 4332 ταύτης

171 4362 646 4432 καθηγησάμενον.
701 4359 806 4413 Τοῦ
864 4359 922 4411 δὲ
967 4359 1110 4412 κατὰ
1158 4356 1422 4426 Μεθώνην
1479 4354 1577 4426 τὴν
1627 4354 1758 4424 πρὶν

1850 3631 2167 3701 ingentibus
2190 3633 2424 3686 navibus
2459 3634 2758 3704 sexaginta,
2776 3649 2898 3704 quae
2921 3634 3258 3688 ducentenos
3292 3635 3442 3692 viros

1850 3724 2165 3791 capiebant,
2221 3723 2421 3778 infesto
2460 3727 2707 3780 exercitu
2756 3741 2856 3781 nos
2910 3725 3198 3791 invadunt,
3242 3743 3441 3797 perve-

1849 3813 2123 3882 niuntque
2152 3813 2218 3867 ad
2241 3814 2632 3884 Cephaleniam
2652 3831 2826 3885 usque
2857 3817 3295 3885 acZacynthum,
3320 3834 3441 3888 qua:

1849 3905 1914 3958 ad
1955 3904 2266 3974 Zephyrum
2310 3920 2506 3960 versus
2551 3907 2782 3978 lchthyn
2817 3916 3062 3977 spectat;
3093 3925 3122 3962 a
3161 3908 3442 3980 Zacyntho

1849 4005 2034 4050 autem
2091 3997 2328 4068 Meropis
2376 3999 2488 4054 ﬁlio
2530 4015 2729 4055 nomen
2776 4001 3006 4070 accepit.
3041 4001 3162 4067 Quo
3199 4005 3436 4073 cognito,

1853 4089 2154 4157 imperator
2211 4091 2503 4159 patricium
2555 4092 2858 4158 Nasarem,
2909 4093 3089 4147 virum
3144 4095 3443 4148 multarum

1855 4196 2039 4235 rerum
2074 4182 2336 4249 peritum,
2373 4184 2520 4238 mitit
2552 4200 2677 4267 cum
2712 4186 2886 4241 classe
2918 4185 3135 4240 ducem.
3170 4187 3274 4253 Qui
3318 4204 3444 4243 cum

1855 4270 1924 4324 ad
1960 4270 2295 4339 Methonam,
2331 4290 2452 4344 quae
2487 4275 2642 4344 prius
2675 4277 2917 4332 Pedasus
2972 4277 3118 4332 dicta
3154 4279 3278 4342 fuit,
3316 4295 3442 4348 per-

1859 4362 2122 4427 venisset,
2160 4364 2408 4435 plerique
2447 4368 2682 4422 militum
2727 4385 2794 4423 ex
2837 4369 3070 4424 navibus
3113 4369 3446 4441 aufugerunt

176 4453 425 4524 Πήδασον
475 4454 520 4486 δ’
579 4452 690 4524 (8‘2)
759 4451 1112 4520 καλουμένην
1170 4449 1644 4518 ἐπιδημήσαντος,
1711 4448 1749 4500 ο⁴

1862 4451 2149 4522 ipsumque
2176 4453 2557 4510 deseruerunt.
2579 4458 2735 4523 Quod
2765 4473 2888 4512 mox
2920 4457 3237 4513 notificatur
3268 4459 3444 4528 impe-

175 4548 420 4602 πλεῖστοι
447 4545 795 4619 στρατιωτῶν
841 4544 954 4598 τῶν
996 4543 1200 4595 πλοίων
1240 4541 1556 4612 ἀπέδρασαν
1590 4557 1759 4594 κατα·

1870 4545 2062 4605 ratori.
2112 4557 2276 4616 atque
2307 4565 2430 4602 cum
2480 4550 2825 4607 festinatione
2874 4551 3186 4608 vehementi
3214 4554 3283 4610 ab
3325 4556 3442 4622 ipso

1445 4699 1676 4754 VARIJE
1718 4700 2126 4760 LECTIONES.

254 4831 300 4861 "
332 4828 702 4898 ὲγκαταλήψει
737 4826 798 4882 L.
875 4828 920 4861 “’
954 4826 1259 4894 ποιμαίνων
1276 4823 1342 4902 ⁸Ιλ.
1415 4823 1456 4856 ⁸⁸
1483 4825 1754 4878 πιστεύων
1784 4823 1844 4887 Β,
1873 4829 2149 4882 πιστεύειν
2170 4831 2230 4884 L.
2310 4833 2354 4862 δ’
2399 4832 2625 4886 Ιιίδασσν
2666 4832 2724 4887 ι..

1389 4942 1631 4998 STEPH.
1664 4939 2012 4998 BERGLElll
2062 4945 2290 5001 ΝΟΤΛΞ.

259 5063 372 5136 (68)
406 5061 792 5136 lta‘scriptum.
828 5061 1200 5136 Poniturpro
1262 5061 1447 5136 πσθέν,
1485 5059 1748 5113 alicunde.
1788 5060 1830 5114 D
1932 5062 2044 5136 (Ῐὸ)
2071 5063 2666 5136 Loquiturproﬂigate.

178 5132 289 5191 Αυι
313 5133 918 5201 Ιθεειιόιιιηᾼὲπεσταται
943 5147 1042 5201 pro
1071 5132 1420 5186 ἐπίστασθαι.

252 5199 576 5274 (69)“Οοιιει.
608 5199 810 5274 Porph.
835 5219 890 5272 p.
929 5199 1052 5266 f9l,
1089 5201 1252 5258 Cedr.
1294 5219 1348 5272 ι).
1383 5201 1507 5258 583.

252 5273 835 5357 tZ9lZ°VP".L“°T‘S“’-
925 5341 1011 5357 ..η
1081 5341 1188 5357 η.
1335 5325 1338 5328 -

257 5341 367 5412 (71)
393 5341 580 5412 Const.
605 5341 811 5410 Porph.
836 5357 887 5410 p.
921 5341 1044 5405 191,
1077 5341 1243 5412 Cedr.
1269 5357 1326 5411 p.
1351 5341 1474 5398 585.

253 5410 366 5485 (7‘2)
399 5411 666 5485 Ambigue
714 5421 770 5464 et
814 5413 1026 5485 perdite
1071 5410 1338 5485 loquitur.
1385 5444 1453 5454 --
1488 5410 1753 5485 Quamvis

181 5481 435 5554 παρεῖναι
460 5497 569 5554 non
599 5482 672 5535 sit
707 5481 1414 5554 praeteritumperfectum,
1478 5491 1661 5536 tamen
1698 5482 1751 5534 iu

183 5551 430 5622 perfecto
459 5552 647 5622 verbo,
680 5563 735 5603 et
756 5553 827 5605 ita
851 5551 1080 5621 intelligi
1107 5551 1346 5606 voluisse
1391 5563 1524 5622 puto
1555 5561 1752 5606 aucto-

181 5616 322 5687 ‘rrm,
374 5623 468 5692 qui
503 5621 615 5675 fere
670 5623 982 5690 promiscue
1034 5616 1226 5692 ‘utitur
1276 5616 1639 5692 temporibus,
1699 5632 1756 5676 ut

181 5697 348 5749 etiam
379 5691 720 5761 prmterittttn
752 5701 917 5758 ponat
945 5691 1243 5762 aliquando
1265 5709 1363 5762 pro
1393 5691 1608 5748 futuro.

281 5764 371 5829 75)
405 5762 820 5832 Consl.l’orph.
851 5778 904 5832 p.
934 5763 1054 5815 191.

254 5769 371 5892 (75)
405 5769 596 5817 Const.
618 5769 820 5831 I’Ot‘ph.
851 5778 904 5832 [ι.
934 5769 1054 5815 191.
1378 5835 1381 5838 Ι

283 5832 369 5894 74)
392 5832 559 5887 Const
601 5831 798 5899 Porph
840 5850 872 5900 ιι
921 5833 1036 5886 191.
1069 5832 1230 5886 (ἶιειίτ.
1263 5850 1295 5903 p
1356 5835 1456 5887 5ξῖἶὶ

1933 5133 2045 5199 (76)
2070 5133 2257 5188 Const.
2284 5133 2484 5203 Porph.
2517 5133 2568 5203 β.
2606 5137 2726 5198 un,
2756 5136 2921 5188 (Zedr.
2956 5151 3006 5202 ῃ.
3033 5137 3154 5188 sse.

1931 5204 2043 5271 (77)
2070 5204 2257 5259 Const.
2291 5204 2492 5274 Porph.
2517 5221 2569 5274 p.
2605 5207 2720 5269 I92,
2755 5206 2876 5258 iuit.
2902 5205 3059 5258 Cedr.
3088 5222 3138 5272 p.
3169 5206 3291 5258 586.

1930 5274 2041 5340 (78)
2071 5275 2143 5329 lla
2174 5276 2467 5347 scriptum,
2498 5278 2535 5329 f.
2569 5275 2768 5338 πλέων,
2801 5276 3054 5345 quamvis
3091 5276 3224 5328 illud
3264 5278 3440 5343 possit

1863 5360 2109 5399 lllﬂﬂﬂl’C.

1930 5414 2042 5480 (79)
2071 5415 2205 5468 Zon.
2240 5431 2291 5485 p.
2335 5415 2645 5476 17:2,Cedr.
2675 5433 2728 5484 ιι.
2772 5416 2898 5468 532..

1867 5485 2042 5588 Ἥ(ξω)
2073 5485 2262 5540 Const.
2291 5487 2492 5555 Porph.
2520 5504 2573 5554 p.
2614 5486 2732 5548 156,
2757 5487 2893 5539 Ζοη.
2937 5501 2989 5554 p.
3027 5486 3144 5542 172.
3180 5485 3346 5540 Ccdr.
3383 5501 3437 5552 ιι.

1867 5557 1893 5570 ι.
1944 5557 1966 5588 ,

1865 5557 2240 5698 ὒδῑέιηέράν.
2271 5644 2324 5695 p.
2346 5626 2470 5690 582,
2503 5625 2690 5681 Const.
2722 5625 2920 5694 l‘orph.
2959 5642 3009 5694 ιι.
3065 5625 3183 5690 137,
3217 5626 3350 5681 Ζοη.
3377 5643 3412 5698 p

1873 5697 1990 5761 172,
2011 5697 2101 5750 ubi
2138 5698 2380 5764 Νάρσαν.
3152 5716 3157 5726 ’

1945 5765 2259 5833 (εξὲμῖοηςι.
2286 5767 2485 5835 Porph.
2509 5785 2560 5836 [ι.
2596 5769 2709 5821 196.
