4146 6436
751 376 890 441 1143

2025 390 2340 453 JOSEPHI
2386 392 2700 458 GENESII

3886 401 4028 467 1144

744 492 949 564 aliquis
973 494 1173 550 missus
1191 503 1297 563 est,
1316 495 1503 564 jussus
1529 498 1585 554 in
1615 513 1683 555 eo
1708 499 1829 556 loco
1847 498 2032 558 furcas
2055 505 2318 561 collocare

2429 508 2739 576 λελοιπότες
2766 514 2929 569 αὐτόν
2966 514 3101 587 (85).
3132 518 3198 570 Ὃ
3225 516 3643 586 διαγινώσκεται
3677 517 3897 589 ταχέως
3948 519 4026 589 τῷ

745 588 956 657 ligneas
1008 602 1073 643 ac
1114 587 1375 660 fugitivos
1426 590 1482 645 in
1534 591 1600 648 iis
1658 592 1994 662 suspendere
2025 613 2041 657 ;
2074 598 2148 653 ita
2211 598 2329 655 fieri

743 688 933 747 aperte
966 681 1230 736 mandans
1258 699 1271 735 :
1306 682 1446 737 clam
1479 683 1627 739 enim
1656 692 1823 738 noctu
1851 700 1919 741 ex
1946 702 2168 744 carcere
2192 690 2331 760 Aga-

744 784 909 827 renos
942 772 1164 841 triginta
1195 772 1425 829 eductos
1480 775 1777 846 drungario
1812 793 1876 831 ac
1924 779 2181 849 praefecto
2217 796 2329 837 sua:

743 866 1007 920 custodiae
1049 867 1297 935 tradidit,
1343 884 1533 925 severe
1577 870 1901 942 praecipiens
1949 888 2019 929 ne
2070 876 2326 945 cuiquam

744 956 906 1027 119
936 958 1255 1015 enuntiaret
1281 961 1429 1031 quod
1459 971 1789 1029 strueretur,
1818 980 1888 1019 ne
1926 966 2199 1035 supplicio
2245 968 2328 1023 in-

743 1049 1017 1104 tolerabili
1068 1051 1438 1122 subjiciatur:
1487 1054 1780 1124 imperavit
1813 1056 1980 1111 etiam
2028 1058 2079 1113 ei
2116 1069 2177 1115 ut
2215 1059 2326 1116 illis

741 1142 965 1211 triginta
985 1143 1272 1200 Ismaelitis
1301 1145 1411 1217 igni
1433 1161 1498 1202 ac
1513 1147 1635 1218 pice
1651 1148 1853 1203 barbas
1888 1164 2105 1206 necnon
2129 1151 2326 1223 capitis

739 1234 965 1302 capillos
993 1235 1348 1304 ambureret,
1380 1238 1659 1310 faciesque
1705 1256 1898 1296 eorum
1930 1242 2156 1316 fuligine
2184 1246 2323 1301 obli-

739 1331 917 1387 neret,
950 1340 1014 1379 ac
1044 1327 1407 1396 compedibus
1422 1328 1739 1399 duplicibus
1777 1333 1948 1401 pedes
1980 1337 2325 1408 constringe-

738 1422 843 1480 ret,
878 1424 1047 1486 utque
1077 1419 1178 1487 ipsi
1211 1420 1347 1475 hora
1383 1431 1534 1477 certa
1563 1421 1776 1480 definiti
1810 1425 1919 1481 diei
1953 1427 2319 1495 caederentur,

739 1520 996 1579 tanquam
1031 1512 1243 1583 fugitivi
1278 1530 1343 1571 ac
1365 1516 1680 1576 desertores
1701 1522 1943 1580 navium.
1968 1521 2105 1578 diris
2134 1522 2320 1596 ﬂagel-

736 1602 805 1654 lis
834 1603 886 1655 in
913 1604 1082 1670 circo,
1124 1614 1181 1661 et
1224 1621 1350 1662 cum
1383 1611 1809 1680 exprobratione
1854 1622 1911 1669 et
1955 1613 2317 1679 incusatione,

736 1692 883 1759 quod
909 1693 1123 1764 fugitivi
1153 1706 1358 1765 essent,
1385 1700 1833 1768 traducerentur,
1861 1706 1993 1761 nudi
2019 1715 2185 1777 atque
2209 1708 2319 1762 asi-

2433 606 2661 676 βασιλεῖ,
2701 609 2795 662 καὶ
2820 610 2917 663 σὺν
2956 609 3270 675 κατεπείξει
3302 611 3509 681 σφοδρᾷ
3539 612 3670 681 παρ’
3695 611 3869 665 αὐτοῦ
3910 610 4025 681 (84)

2430 716 2512 763 τις
2536 699 2867 764 ἀποσταλεὶς
2897 701 3243 755 διατέτακται
3296 703 3425 774 περὶ
3451 703 3543 756 τὸν
3583 702 3752 756 τόπον
3783 704 4028 755 ἀνασκο-

2429 790 2696 862 λοπισμδν
2724 790 3046 861 ἱδρύσασθαι
3093 793 3543 863 ξυλουργήματος
3592 793 3687 847 καὶ
3719 795 3852 856 τοὺς
3886 792 4025 862 δρα-

2429 882 2600 949 πέτας
2630 884 2688 937 ὲν
2733 885 2918 948 αὐτοῖς
2947 886 3400 949 ἀνασκολοπίσαι,
3438 884 3612 949 οὕτως
3644 887 3745 955 τὴν
3775 885 4025 954 πρόστα·

2428 975 2512 1042 ειν
2554 976 2696 1039 κατὰ
2743 977 2805 1031 τὸ
2856 978 3099 1048 ἐμφανὲς
3147 977 3727 1059 μηχανώμενος’(85γ
3763 978 4023 1047 κρυφίως

2427 1066 2536 1139 γάρ
2578 1069 2637 1121 ὲν
2676 1070 2831 1124 νυκτὶ
2869 1069 2979 1123 τῶν
3005 1069 3114 1124 ἀπὸ
3152 1070 3253 1140 τῆς
3295 1070 3545 1141 φυλακῆς
3588 1068 3963 1147 ’ATGMVG'DCQ
3978 1068 4018 1119 λ’

2430 1160 2873 1233 προσλαϐόμενος
2948 1160 3297 1235 δρουγγαρίῳ
3348 1160 3427 1232 τῷ
3491 1160 3633 1215 κατά
3680 1159 3782 1231 τὴν
3847 1159 4018 1214 αὑτοῦ

2429 1253 2675 1325 φρουρὰν
2704 1254 3009 1325 προεστῶτι
3055 1254 3346 1319 ἐκδέδωκε,
3386 1252 3883 1322 διασφαλισάμενος
3912 1269 4019 1320 μη-

2426 1345 2538 1398 δενὶ
2594 1345 2827 1417 ἔκφορον
2879 1346 3214 1415 ποιήσασθαι
3261 1345 3323 1400 τὸ
3377 1342 3845 1414 συντεθησόμενον
3878 1345 4015 1411 (86),

2428 1436 2516 1489 ἵνα
2552 1437 2629 1507 μὴ
2663 1439 2821 1508 ποινῇ
2849 1437 3110 1509 ἀφορήτῳ
3158 1435 3594 1490 καθυποσάλοιτο
3614 1451 3627 1465 ·
3655 1436 4019 1488 ὲκεκέλευστο

2424 1527 2534 1598 γὰρ
2565 1528 2713 1598 αὐτῷ
2759 1546 2868 1582 των
2898 1527 2942 1582 λ’
2978 1529 3338 1600 Ἰσμαηλιτῶν
3385 1529 3519 1598 πυρὶ
3552 1528 3647 1582 καὶ
3694 1528 3874 1600 πίσσῃ
3920 1528 4019 1591 τὰς

2422 1620 2728 1689 γενειάδας,
2772 1620 2911 1675 ἀλλά
2943 1622 3049 1693 μὴν
3078 1622 3173 1676 κα)⁸
3213 1620 3309 1684 τὰς
3345 1621 3489 1675 κατά
3523 1620 3772 1690 κεφαλὴν
3798 1621 4017 1689 τρίχας,

2423 1710 2792 1781 ἐναποφλέξαι
2824 1711 2961 1782 (87),
2991 1705 3093 1776 τ’ἀς
3117 1729 3176 1765 τε
3202 1712 3356 1783 δψεις
3386 1712 3566 1767 αὐτῶν
3604 1712 3814 1784 ἁσδόλῃ
3842 1714 4017 1782 ἐμπε-

738 1782 825 1839 nis
883 1785 1082 1841 invecti
1140 1803 1316 1859 usque
1363 1790 1431 1846 ad
1475 1793 1685 1851 Aureas
1726 1806 1917 1867 portas
1952 1798 2318 1895 imperatoria:

739 1876 892 1899 -._L!_
930 1895 943 1899 _
996 1889 1241 1899 -___--,_.,
1298 1898 1305 1899 κ
1410 1898 1413 1899 ,
1537 1886 1548 1897 ο
1998 1889 2027 1899 ν.

2426 1807 2670 1877 ριχρῐσαι
2697 1807 2792 1859 καὶ
2818 1805 3008 1869 πέδαις
3041 1805 3266 1872 διπλαῖς,
3285 1807 3415 1870 τοὺς
3436 1806 3602 1893 πόδας
3628 1782 4015 1875 εμπιέςεσθαι,

739 1876 894 1933 urbis
930 1895 944 1943 ;
988 1889 1317 1951 caveretque
1356 1898 1426 1939 ne
1456 1886 1747 1956 quisquam
1772 1889 2126 1958 praesentium
2158 1876 2318 1947 ac'ce-

734 1969 872 2024 dens
904 1985 1027 2024 cum
1071 1972 1138 2027 iis
1165 1973 1442 2043 loquatur.
1474 1976 1688 2043 Quibus
1715 1980 1788 2035 ita
1824 1983 2066 2053 peractis
2105 1984 2318 2041 Metho-

734 2076 859 2116 nam
890 2077 1084 2118 versus
1113 2079 1210 2119 eos
1239 2066 1407 2122 mittit
1435 2070 1852 2139 suspendendos
1884 2083 2141 2146 tanquam
2180 2077 2320 2149 fugi-

732 2153 877 2207 tivos
909 2170 973 2209 ac
1003 2155 1318 2213 desertores
1352 2160 1482 2215 belli
1504 2160 1749 2232 ignavos,
1776 2167 2025 2236 prtecipit
2046 2169 2211 2224 etiam
2250 2187 2319 2225 ne

730 2248 1026 2318 quisquam
1055 2266 1122 2305 ex
1141 2250 1379 2307 ducibus
1408 2253 1559 2309 illius
1586 2256 1715 2320 loci,
1747 2267 1842 2312 aut
1870 2260 2037 2334 etiam
2068 2277 2134 2316 ex
2156 2263 2321 2334 vulgo

732 2341 1043 2406 hominum,
1082 2359 1151 2398 ne
1187 2344 1303 2414 ipse
1332 2346 1553 2415 quidem
1586 2363 1839 2406 summus
1875 2352 1987 2407 dux
2018 2355 2317 2422 exercitus,

730 2432 824 2487 tali
868 2432 1088 2490 silentio
1117 2445 1408 2507 exemptus
1458 2441 1569 2496 sit:
1615 2452 1781 2512 atque
1813 2444 1984 2500 vincti
2009 2460 2201 2503 omnes
2230 2464 2321 2504 su-

729 2525 914 2595 spensi
944 2533 1095 2580 sunt.
1145 2527 1285 2584 Hinc
1317 2529 1641 2587 lamentatio
1677 2550 1787 2589 non
1816 2536 2057 2607 vulgaris
2083 2540 2319 2610 patricio

728 2616 919 2672 Nasari
943 2633 1005 2673 ac
1028 2618 1265 2675 ducibus
1290 2622 1384 2691 qui
1424 2623 1475 2678 ei
1503 2625 1770 2689 suberant
1796 2629 2039 2695 suborta,
2070 2647 2129 2687 se
2168 2632 2319 2703 ipsos

729 2710 1178 2768 insimulantibus
1225 2714 1446 2769 illorum
1489 2716 1846 2785 desertionis,
1883 2737 1951 2777 eo
1982 2724 2076 2793 qui
2107 2726 2176 2781 ab
2218 2727 2353 2781 im--

727 2812 986 2871 peratore
1023 2817 1254 2861 venerat
1289 2808 1596 2865 aﬂirmante
1629 2812 1796 2868 etiam
1828 2818 2089 2889 conjuges
2129 2819 2317 2892 fugiti-

726 2908 922 2948 vorum
959 2934 974 2958 ,
1029 2911 1247 2952 necnon
1322 2911 1624 2968 parentes,
1676 2902 2063 2973 imperatorem
2124 2923 2320 2967 omnes

726 2985 955 3041 omnino
978 2987 1159 3059 gladio
1188 2990 1555 3060 perditurum.
1580 2993 1659 3048 Ita
1685 2994 1887 3051 factum
1923 2998 2027 3055 hoc
2062 3001 2318 3071 pulcher-

727 3077 871 3131 rimo
899 3090 1213 3135 commento
1241 3091 1303 3135 ut
1336 3099 1435 3153 per
1458 3100 1664 3154 paucos
1687 3089 2083 3147 condemnatos
2110 3093 2317 3164 Agare-

2427 1899 2523 1951 καί
2551 1916 2658 1952 τινι
2705 1898 2825 1969 ὥρᾳ
2876 1898 3242 1972 διωρισμένης
3286 1900 3503 1970 ἡμέρας
3556 1898 4015 1971 μεμαστιγῶσθαι

2426 1990 2626 2054 αὐτοὺς
2671 1989 2746 2054 ὡς
2779 1989 3144 2056 λειποτακτας
3178 1992 3516 2061 πλευσίμους
3553 1994 3613 2047 ὲν
3662 1992 4015 2062 φραγελλίοις

2425 2078 2620 2142 δεινοῖς
2671 2080 2818 2135 κατὰ
2866 2080 2958 2135 τὸν
2995 2082 3329 2154 ἱππόδρομον
3365 2082 3501 2157 (88),
3557 2082 3651 2137 καὶ
3676 2083 4015 2154 διασυρμοὺς

2424 2172 2730 2247 δραπετῶν)
2766 2176 3102 2248 κατηγόροις
3154 2178 3213 2230 εν
3252 2158 3454 2247 ’λόγοις
3488 2177 3899 2248 ὑφισταμένους
3936 2177 4013 2229 δι-

2426 2267 2747 2322 ελεύσεσθαι
2770 2267 3218 2342 γυμνητεύοντας
3246 2270 3341 2323 καὶ
3369 2271 3697 2342 ὀχουμένους
3744 2270 3835 2323 ἐπ’
3878 2270 4014 2323 δνων

2423 2359 2531 2424 ἕως
2560 2359 2747 2414 πυλῶν
2774 2358 3153 2432 χρυσωνύιίων
3188 2361 3460 2427 βασιλίδος
3507 2363 3608 2433 τῆς
3637 2362 3871 2426 πόλεως,
3907 2378 4011 2415 πα-

2426 2448 2842 2522 ραφυλάξασθαι
2871 2449 2928 2502 δὲ
2958 2449 3163 2520 μηδένα
3189 2449 3299 2503 τῶν
3329 2450 3595 2505 συνόντων
3621 2450 3809 2513 αὐτοῖς
3839 2454 4011 2520 ἐμπε-

2424 2542 2668 2596 λάσαντα
2705 2541 2968 2613 ὁμιλῆσαι
3024 2540 3159 2612 (89).
3219 2542 3440 2596 Τούτων
3489 2541 3666 2615 ταύτῃ
3711 2559 4008 2613 προχωρη-

2426 2634 2639 2690 σάντων
2662 2634 2805 2689 κατά
2827 2633 3098 2705 Μεθώνην
3121 2634 3375 2705 προΐησιν
3404 2634 3864 2689 ἀνεσκολοπίσθαι
3898 2635 4008 2705 (9ο)

2424 2726 2646 2791 τούτους
2679 2726 2755 2790 ὡς
2792 2726 3069 2795 δραπέτας
3119 2725 3373 2797 πολέμων
3417 2727 3736 2791 ἀνάλκιδας,
3790 2729 3887 2780 καὶ
3934 2727 4007 2798 μή

2424 2834 2545 2872 τινα
2584 2816 2692 2871 τῶν
2722 2816 3002 2886 ἐγχωρίων
3034 2816 3356 2889 ἀρχηγετῶν
3388 2819 3497 2872 εἴτε
3529 2818 3660 2872 λαοῦ
3698 2820 3801 2889 τῆς
3834 2821 4008 2873 κοινό-

2423 2925 2606 2980 τητος,
2641 2906 2778 2961 ἀλλά
2830 2908 2967 2976 μήτε
3016 2906 3180 2958 αὑτὸν
3230 2906 3541 2977 προηγέτην
3594 2906 3853 2978 στρατοῦ,
3899 2906 4007 2958 τῶν

2424 3000 2627 3071 ὁμοίων
2659 3000 2757 3070 τῆς
2780 2998 3077 3070 ἐχεμυθίας
3116 2997 3593 3068 ἀπολιμπάνεσθαι
3620 3017 3631 3028 ·
3671 2999 3768 3053 καὶ
3796 2998 4007 3068 δεσμῶ-

2423 3112 2513 3147 ται
2541 3093 2742 3156 πάντες
2774 3093 3080 3163 ἀνήρτηντο
3107 3091 3380 3161 σκόλοψιν.
3416 3092 3657 3145 Ἐνθένδε
3689 3092 3889 3163 θρῆνος
3913 3093 4005 3162 ούχ

726 3186 830 3247 nos
853 3185 1013 3226 suum
1033 3174 1298 3243 populttm
1317 3188 1692 3233 conservaret.
1721 3179 1865 3235 Metu
1882 3183 2031 3237 enim
2054 3188 2315 3256 perculsi,

2423 3188 2450 3239 ὀ
2481 3184 2660 3255 τυχὼν
2698 3183 2777 3252 τῷ
2808 3183 3082 3253 πατρικίῳ
3116 3183 3311 3253 Νάσαρ
3356 3185 3449 3265 καὶ
3484 3182 3577 3236 ὑπ’
3629 3182 3793 3236 αὐτὸν
3817 3183 3860 3214 ⁸³
3911 3182 4005 3251 ἀρε

726 3274 852 3314 cum
888 3263 1199 3317 navarchus
1225 3266 1469 3334 ipsorum
1503 3268 1676 3323 Nasar
1703 3312 1718 3335 ,
1779 3272 1941 3343 120
1991 3284 2105 3330 tum
2152 3277 2320 3334 duces

726 3352 824 3420 qui
877 3353 930 3406 ei
988 3354 1275 3421 suberant,
1330 3374 1401 3412 ne
1463 3358 1570 3414 tale
1618 3361 1749 3430 quid
1790 3341 2088 3434 aliquando
2124 3377 2181 3423 et
2217 3368 2320 3439 ipsi

724 3443 1129 3511 perpetiantur,
1156 3447 1475 3503 necessario
1504 3449 1759 3507 hostibus
1789 3455 2057 3511 resistunt
2093 3470 2320 3531 propter

721 3533 1071 3615 superiorem
1117 3538 1406 3593 victoriam
1441 3543 1895 3611 superbientibus
1936 3564 2152 3607 summa
2193 3554 2320 3608 bar-

719 3622 875 3678 barie
896 3635 1060 3696 atque
1080 3628 1420 3701 Zacynthum
1439 3632 1847 3693 obsidentibus.
1874 3639 2015 3713 Ergo
2046 3643 2317 3716 impetum

722 3716 777 3768 in
805 3732 903 3771 eos
922 3717 1056 3773 facit
1084 3720 1281 3784 Nasar,
1313 3731 1479 3794 atque
1507 3726 1889 3788 internecione
1915 3736 2098 3802 caedit,
2128 3738 2317 3798 divino

720 3809 929 3863 auxilio
966 3811 1432 3886 imperatorisque
1481 3819 1627 3889 apud
1683 3822 1857 3878 Deum
1917 3825 2316 3890 intercessione

722 3907 915 3954 contra
966 3901 1109 3956 illos.
1157 3903 1297 3959 Cum
1332 3915 1517 3962 autem
1561 3920 1750 3968 nostra
1797 3914 1990 3973 classis
2035 3920 2317 3991 Agarenos

722 4005 1061 4061 superasset,
1094 3996 1385 4053 articulata
1420 4001 1668 4070 quaedam
1690 4021 1795 4061 νοτ
1817 4023 1885 4062 ex
1910 4014 2158 4069 convalle
2184 4018 2313 4073 mit-

719 4083 964 4147 tebatur,
1013 4085 1249 4143 ulterius
1301 4104 1531 4160 pergere
1578 4094 1796 4166 iubens.
1858 4098 2016 4157 Unde
2070 4103 2161 4159 isti
2213 4122 2314 4177 per

718 4172 964 4227 Siciliam
997 4188 1216 4230 omnem
1251 4190 1308 4234 et
1328 4180 1571 4236 Africam
1600 4200 1701 4241 nec
1731 4202 1842 4243 non
1869 4172 2308 4263 Longobardiam

716 4263 974 4332 profecti,
1004 4264 1205 4325 bellico
1228 4267 1338 4340 igni
1363 4280 1420 4325 et
1451 4275 1601 4329 omni
1624 4292 1825 4347 genere
1843 4282 2009 4339 caedis
2030 4286 2313 4358 Agarenos

715 4355 772 4409 in
797 4357 1031 4413 navibus
1056 4360 1448 4419 comburentes
1466 4373 1523 4420 et
1543 4366 1961 4438 interficientes,
1980 4355 2145 4432 etiam
2174 4382 2311 4439 alias

717 4462 887 4502 naves
943 4452 1304 4508 mercatorias
1361 4466 1654 4525 ceperunt,
1716 4475 1949 4531 quarum
2012 4484 2303 4528 numerum

2425 3295 2614 3348 χουσιν
2657 3275 2963 3345 ἐπεγίνετο,
3010 3274 3215 3346 μέμψιν
3267 3262 3483 3336 ἑαυτοῖς
3521 3274 3865 3344 ἐπιτρίϐουσι
3911 3274 4005 3360 τῆς

2424 3371 2556 3440 περὶ
2581 3369 2806 3430 τούτους
2832 3368 2876 3399 ⁸⁸
2904 3365 3278 3433 λειποταξίας,
3307 3363 3402 3419 τοῦ
3431 3366 3495 3418 ὲκ
3530 3364 3798 3434 βασιλέως
3828 3366 4003 3443 διαεες

2422 3460 2752 3529 δαιουμένου
2799 3458 2982 3521 αὐτοῖς
3031 3456 3128 3519 τάς
3184 3473 3245 3510 τε
3309 3454 3598 3519 συνεύνους
3654 3457 3751 3510 καὶ
3812 3457 4002 3518 παῖδας

2419 3550 2903 3624 δραπετευσάντων
2928 3549 3065 3619 (9|),
3112 3549 3193 3601 ἔτι
3239 3548 3349 3618 μὴν
3392 3550 3487 3602 καὶ
3522 3550 3879 3621 γεννήτορας,
3915 3549 4000 3601 τὸν

2420 3645 2833 3714 αύτοκράτοροα
2893 3644 3104 3707 πάντας
3171 3642 3342 3713 ἀρδην
3400 3641 3543 3711 ξίφει
3602 3642 3997 3716 διολοθρεῦσαι.

2431 3738 2517 3801 Ὦς
2546 3740 2611 3790 ὲκ
2658 3737 2812 3791 τοῦδε
2844 3736 2938 3790 τοῦ
2972 3736 3262 3791 καλλίστου
3296 3737 3677 3807 σκευάσματος
3714 3738 3783 3790 δι’
3818 3738 3997 3807 εὐαρι-

2420 3832 2645 3903 θμήτων
2705 3830 3057 3899 κατακρίτων
3096 3828 3417 3899 Ἀγαρηνῶν
3474 3830 3567 3882 τὸν
3616 3830 3821 3884 οίκεῖον
3880 3830 3997 3882 λαὸν

2416 3917 2805 3976 ἀνασώσασθαι
2853 3920 2988 3989 (92).
3048 3919 3328 3991 Περιδεεῖς
3379 3914 3473 3973 οὖν
3524 3920 3815 3988 γεγονότες
3873 3920 3901 3973 ὅ
3942 3937 3995 3972 τε

2416 4013 2687 4084 ναύαρχος
2713 4012 2894 4067 αὐτῶν
2920 4013 3115 4083 Νάσαρ
3155 4012 3251 4065 καὶ
3277 4014 3328 4066 oi
3376 4012 3468 4066 ὑπ’
3497 4012 3661 4066 αὐτὸν
3710 4013 3945 4084 ἀρχηγοὶ
3970 4013 3993 4064 ὅ

2412 4123 2474 4160 τε
2508 4105 2730 4176 σύμπας
2758 4103 2909 4171 λαὸς,
2936 4104 2999 4157 τδ
3029 4104 3273 4159 τοιοῦτον
3304 4106 3516 4175 μήποτε
3551 4107 3646 4159 καὶ
3675 4106 3835 4161 αὐτοὶ
3867 4107 3990 4158 ὑπο-

2416 4199 2722 4270 στήσωνται
2750 4200 2818 4261 ⁸⁵,
2869 4198 3188 4266 ἀναγκαίως
3229 4200 3344 4262 τοῖς
3396 4198 3684 4270 πολεμίοις
3734 4198 3991 4252 ἀντικαθ-

2416 4291 2662 4344 ίστανται
2692 4288 2827 4360 (93),
2854 4289 2981 4362 νίκῃ
3007 4292 3074 4360 τῇ
3106 4288 3238 4360 πρὶν
3268 4291 3836 4361 μεγαλειουμένοις·⁵⁶
3872 4291 3991 4361 βαρ-

2413 4380 2766 4451 ϐαρικώτατα
2795 4381 2892 4434 καὶ
2940 4379 3215 4434 Ζάκυνθον
3255 4380 3738 4451 προσεδρεύουσιν.
3789 4378 3989 4437 Οὐκοῦν

2412 4474 2717 4529 ἐπιτίθεται
2778 4473 2989 4537 τούτοις
3028 4473 3223 4542 Νάσαρ
3269 4473 3664 4544 παρεμϐαλὼν,
3717 4476 3816 4528 καὶ
3862 4493 3990 4528 παν-

716 4538 859 4594 inire
900 4539 1045 4595 haud
1077 4541 1238 4598 facile
1269 4554 1376 4610 est,
1407 4558 1669 4605 oneratas
1702 4554 1873 4610 variis
1902 4561 2301 4630 mercibnsJin

2423 4565 2739 4637 ωλεθρίανδτ
2767 4566 2888 4637 θείᾳ
2915 4565 3061 4635 ίσχύῖ
3082 4538 3474 4635 καὶνβασιλέως
3491 4538 3733 4632 ἐντεύξει
3765 4570 3992 4623 κατάύ-

714 4631 919 4699 quibus
942 4644 997 4687 et
1025 4635 1206 4689 oleutn
1237 4640 1471 4693 maxima
1498 4642 1676 4713 copia,
1709 4645 1783 4699 ita
1806 4656 1864 4701 ut
1892 4647 1947 4702 in
1985 4649 2094 4707 illis
2109 4654 2306 4715 diebus

717 4723 873 4778 librae
909 4726 1127 4794 pondus
1163 4729 1329 4785 obolo
1361 4733 1596 4799 veniret,
1637 4750 1702 4791 ac
1742 4745 1999 4808 tanquam
2040 4744 2305 4807 miracula

715 4816 860 4884 apud
887 4832 1079 4875 omnes
1098 4836 1163 4876 ea
1186 4838 1309 4892 quae
1336 4834 1468 4882 tunc
1489 4826 1630 4883 facta
1653 4841 1839 4888 essent
1864 4833 2298 4898 celebrarentur.

2413 4659 2524 4714 τῶν
2549 4658 2776 4714 τίθεται.
2811 4657 2920 4712 Τοῦ
2942 4657 2999 4711 δὲ
3030 4656 3155 4712 καθ’
3185 4658 3335 4727 ἡμᾶς
3360 4657 3593 4728 πλοΐμου
3627 4661 3865 4730 στρατοῦ
3893 4661 3991 4712 τῶν

2425 4754 2746 4826 Ἀγαρηνῶν
2794 4751 3201 4823 κατισχύοντος,
3246 4750 3510 4823 ἔναρθρός
3557 4769 3643 4816 τις
3812 4754 3988 4809 κοιλά-

2415 4848 2505 4911 δος
2527 4848 2572 4879 ⁸³
2604 4845 2799 4915 ἠφίετο
2825 4847 2940 4909 τοῖς
2978 4843 3167 4917 πρόσω
3198 4844 3393 4915 φοιτᾷν
3428 4843 3837 4918 ἐγκελευομένη
3865 4848 3987 4916 (94).

2034 4929 2263 4989 νΛΗΙᾸΕ
2297 4936 2705 4996 LECTIONES.

789 5003 834 5034 "
858 5004 952 5056 καὶ
981 5008 1092 5068 τοῖς
1133 5006 1224 5060 ὑπ’
1248 5006 1411 5061 αὐτὸν
1437 5007 1503 5063 ν.

721 5073 880 5141 ι’ρίαν
914 5074 975 5129 L.
1056 5076 1103 5107 “
1132 5079 1358 5145 κυλάδος
1393 5079 1434 5134 L

1616 5012 1661 5044 δε
1691 5014 1820 5085 περὶ
1853 5016 2046 5072 τούτου
2078 5019 2141 5077 L.
2232 5027 2279 5059 "
2306 5030 2705 5102 ὑποστήσονται
2734 5025 2799 5082 L.

2908 5026 2951 5059 “
2982 5026 3478 5100 μεγαλειουμὲνους
3512 5025 3577 5083 L.
3684 5028 3732 5062 "
3763 5027 3984 5084 πανολεο

1878 5172 2138 5241 STEPH.
2171 5189 2519 5251 BERGLElil
2564 5192 2796 5248 NOTAE.

719 5261 903 5383 53(£85)
932 5261 1118 5317 Const.
1153 5266 1358 5336 Porph.
1390 5284 1445 5337 p.
1480 5269 1604 5335 186,
1640 5270 1774 5326 Ζοη.
1796 5290 1849 5343 p.
1878 5276 2003 5343 l72,
2042 5280 2208 5338 Cedr.
2246 5303 2304 5357 p.

789 5403 902 5477 (δέ)
935 5402 1128 5477 Const.
1167 5407 1367 5476 Porph.
1399 5424 1455 5477 ι).
1488 5410 1611 5463 186.

792 5474 899 5566 (:5)
925 5474 1114 5530 Const.
1144 5474 1347 5547 Porph.
1458 5480 1581 5543 187,
1628 5483 1759 5537 Zon.
1813 5501 1867 5553 p.
1898 5487 2015 5551 l72,
2040 5490 2203 5548 Cedr.
2238 5512 2295 5566 p.

780 5547 819 5579 με)

780 5547 819 5579 με)
1254 5543 1269 5547 ’
1381 5543 1394 5549 ’

715 5543 901 5692 miihi)
930 5615 1122 5692 Const.
1148 5617 1354 5692 Porph.
1395 5639 1448 5692 p.
1482 5622 1604 5677 187.

716 5757 729 5781 Γ
752 5686 902 5786 Γ(87)
938 5686 1127 5743 Const.
1155 5686 1357 5760 Porph.
1480 5694 1597 5759 l87,
1630 5695 1741 5750 Zon
1792 5714 1842 5765 p.
1882 5700 2001 5767 lli,
2035 5703 2197 5761 Cedr.
2238 5726 2269 5778 p

712 5777 896 5900 ιιι-(⁸88)
923 5830 1114 5887 Const.
1156 5832 1352 5903 Porph.
1381 5851 1431 5905 ν.
1478 5838 1599 5905 ιὸῗ,
1623 5838 1785 5893 ερατ.
1823 5858 1873 5910 p.
1904 5843 2025 5899 582.

2482 5290 2595 5361 (89)
2630 5290 2818 5361 Const.
2849 5286 3056 5361 Porph.
3088 5306 3142 5361 p.
3168 5291 3293 5347 187.

2488 5359 2601 5431 (90)
2629 5360 2819 5431 Const.
2851 5359 3054 5430 Porph.
3076 5359 3128 5430 p.
3159 5362 3281 5415 187.

2480 5430 2593 5496 (9h
2618 5430 2734 5484 Non
2758 5430 2916 5485 adest
2938 5432 3209 5487 articulus
3242 5432 3296 5485 in
3330 5447 3431 5486 ms.

2477 5501 2588 5567 (9‘2)
2609 5501 2743 5572 Long.
2776 5500 2975 5572 p.172.
3013 5502 3179 5557 Cedr.
3202 5518 3257 5572 p.
3284 5503 3390 5556 582
3410 5504 3464 5557 in
3483 5502 3609 5559 ﬁne.

2475 5573 2591 5636 (9.3)
2620 5570 2784 5625 Cedr.
2817 5571 3011 5640 p.585.

2472 5641 2585 5711 (94)
2610 5642 3002 5713 imperatorem
3036 5642 3331 5712 idjussisse
3370 5644 3507 5697 dicit
3533 5645 3727 5699 Const.
3786 5644 3975 5713 l'orph.

2400 5730 2453 5795 p.
2500 5713 2593 5765 187
2622 5712 2837 5795 in_linc.
2872 5713 2929 5795 'Q
2962 5713 3579 5795 ﬁamkbgjpocwrépto
3611 5721 3811 5787 χωρεῖν
3839 5712 3978 5786 ἐγκε-

2404 5783 2635 5837 λιύεται.
2688 5783 2762 5837 Ita
2803 5792 2854 5837 cl
2889 5783 3049 5841 Cedr.
3089 5801 3141 5856 [ι.
3180 5783 3303 5839 585.
