4146 6436
705 376 835 435 lli?

2007 377 2320 437 JOSEPIII
2380 376 2691 435 GEXESII

3842 366 3975 430 1348

698 493 763 541 iis
811 504 932 557 quae
968 487 1366 551 acqiiisit-isset,
1407 485 1791 553 acciperetque
1822 485 1891 538 ab
1934 485 2053 554 ipso
2076 501 2270 539 aurum

2389 485 2744 555 χαριζόμενοι
2801 480 3037 547 ἑαυτοῖς
3086 479 3282 546 καθὼς
3312 481 3409 534 καί
3461 483 3493 534 ὁ
3544 481 3805 547 Χριστὸς
3839 483 3974 549 ἡμῖν

694 592 749 632 e'.
774 588 1059 649 argentum
1091 588 1147 631 et
1183 588 1378 638 vestes,
1410 591 1474 629 ac
1497 576 1775 631 desineret
1794 576 2040 644 captivos
2070 575 2274 630 dueere

2389 578 2597 631 ἑαυτὸν
2639 575 2965 644 ἐχαρίσατο
3010 573 3111 639 (9),
3155 573 3249 625 καὶ
3292 571 3742 641 αὐταρκεσθῆναι
3778 574 3867 640 ἐφ’
3899 570 3973 635 οἷς

695 680 751 720 et
792 667 1067 720 trucidare
1101 666 1465 720 Christianos.
1498 666 1605 721 Sed
1629 667 1793 719 homo
1827 665 1980 719 ferox
2007 675 2064 720 et
2088 665 2278 720 infide.

695 761 764 812 lis
792 758 1035 826 paciﬁcis
1078 757 1257 810 verbis
1305 773 1413 810 non
1464 766 1836 827 permovetur.
1887 756 2070 822 Quare
2111 759 2277 811 etiam

697 853 957 908 rescribit
977 854 1294 921 imperatori
1320 872 1331 905 :
1364 852 1419 906 Si
1446 852 1621 919 cupis,
1654 852 1971 921 imperator,
1990 851 2277 904 nobiscum

694 959 887 1011 pacem
916 943 1078 1007 inire,
1106 943 1352 1011 relinque
1374 941 1616 996 Orientis
1642 941 1955 1011 imperium.
1988 951 2044 994 et
2070 950 2277 994 tauttun

692 1035 1051 1090 Occidentale
1104 1051 1258 1089 serva
1294 1052 1305 1086 :
1370 1035 1449 1087 sic
1484 1048 1673 1103 pacem
1720 1047 1943 1103 agemus
1982 1039 2185 1086 tecum.
2223 1033 2279 1087 Si

694 1130 900 1192 minus,
936 1128 1257 1182 conabimur
1283 1137 1333 1180 te
1368 1127 1594 1179 omnino
1630 1141 1796 1195 regno
1821 1126 2041 1193 ejicere.
2074 1145 2091 1176 ι
2131 1125 2282 1179 Hanc

692 1223 813 1288 ejus
851 1220 1143 1273 amentiam
1180 1220 1480 1287 imperator
1509 1218 1755 1271 sentiens
1796 1216 2077 1285 sapienter
2110 1218 2281 1270 tacuit

693 1326 796 1364 nec
822 1311 1058 1379 amplius
1087 1310 1390 1378 rescripsit.

2380 668 2713 736 ἐπεπόνητο,
2746 665 3026 734 εἰληφέναι
3056 681 3113 717 τε
3165 663 3296 734 παρ’
3342 663 3508 716 αὑτοῦ
3559 666 3762 733 χρυσόν
3789 682 3846 717 τε
3880 662 3972 716 καὶ

2381 764 2623 830 ἄργυρον
2653 759 2747 811 καὶ
2776 757 3035 826 ἐσθῆτας,
3058 757 3154 809 καὶ
3185 756 3615 826 αἰχμαλωτίζειν
3656 758 3975 822 κατασφάτ-

2381 871 2496 905 τειν
2524 852 2886 922 Χριστιανοὺς
2916 848 3210 917 ἀνακόψαι.
3273 847 3417 900 Ἀλλ’
3455 849 3482 899 ὁ
3516 848 3853 917 θρασύφρων
3885 849 3970 899 καὶ

2386 942 2614 1002 ἄπιστος
2643 941 2757 1002 τοῖς
2790 938 3090 1008 εἰρηναίοις
3141 939 3319 1005 λόγοις
3348 938 3409 989 ού
3448 938 3726 989 πείθεται’
3772 937 3853 989 διὸ
3885 940 3972 988 καὶ

2387 1031 2714 1101 ἀντιγράφει
2739 1030 2817 1098 τῷ
2851 1030 3079 1099 βασιλεῖ,
3119 1028 3191 1091 ῶς
3229 1048 3248 1079 ι
3289 1030 3459 1098 Εἴπερ
3484 1028 3709 1089 ἐθέλοις,
3744 1021 3789 1079 ὧ
3823 1030 3971 1094 βασι-

2387 1124 2501 1183 λεῦ,
2543 1123 2662 1193 μεθ’
2720 1122 2879 1193 ἡμῶν
2932 1124 3157 1191 εἰρήνην
3205 1121 3535 1181 ἐπιτελέσαι,
3575 1120 3848 1189 ἀπόστηθι
3879 1121 3972 1188 τῆς

2386 1218 2508 1268 κατ’
2542 1215 2805 1283 ἀνατολὴν
2834 1215 3085 1277 ἐξουσίας
3118 1231 3235 1275 σου,
3275 1214 3372 1280 τῆς
3415 1214 3469 1265 δὲ
3506 1213 3638 1282 πρὸς
3665 1214 3819 1265 δύσιν
3850 1214 3970 1263 ἀντ-

2388 1307 2537 1376 έχου,
2564 1306 3071 1375 καὶεὶρηνεύσομεν
3105 1306 3241 1375 μετὰ
3273 1304 3368 1358 σοῦ
3390 1321 3405 1336 ⁸
3435 1307 3483 1356 εἰ
3510 1305 3565 1357 δὲ
3603 1306 3697 1374 μὴ,
3734 1304 3970 1355 σπεύσο-

698 1422 797 1474 μεν
830 1406 872 1436 ⁵⁷
912 1405 1049 1467 ὅλως
1101 1406 1189 1457 ἵνα
1223 1423 1279 1457 σε
1310 1404 1399 1456 κα)
1428 1404 1525 1471 τῆς
1563 1403 1838 1471 βασιλεῖας
1882 1403 2382 1473 ἐξοστρακίσωμεν.
2428 1422 2446 1453 ι
2481 1404 2591 1473 Τῆς
2645 1398 2738 1455 οὖν
2790 1401 3046 1463 ἀπονοίας
3114 1399 3280 1453 αὐτοῦ
3319 1401 3347 1452 ό
3414 1399 3667 1469 βασιλεὺς
3738 1398 3973 1451 διαισῦόο

698 1514 863 1567 μενος
911 1499 1271 1567 ἐφιλοσόφησε
1303 1500 1534 1567 σιωπὴν,
1573 1500 1736 1567 μηδὲν
1764 1500 1841 1549 ἔτι
1873 1498 2020 1567 αὐτῷ
2059 1499 2500 1569 ἀντιγεγραφώς.

768 1590 995 1645 Duobus
1014 1599 1195 1642 autem
1227 1588 1387 1641 annis
1403 1588 1600 1655 elapsis
1634 1588 1777 1639 venit
1801 1587 2134 1658 Chrysochir
2156 1604 2280 1642 cum

696 1697 797 1735 suo
849 1681 1095 1735 exercitu
1137 1694 1307 1748 usque
1362 1680 1428 1731 ad
1484 1682 1753 1749 Ancyram
1814 1680 2008 1734 urbem
2058 1692 2116 1734 et
2162 1681 2279 1748 ipsa

2461 1591 2591 1642 Δυσὶ
2615 1589 2670 1642 δὲ
2692 1587 2903 1658 χρόνοις
2924 1588 3384 1659 παρελκυσθεῖσιν
3407 1589 3434 1641 ὁ
3454 1587 3763 1657 Χρυσόχειρ
3785 1588 3972 1658 ἐξῆλθε

2390 1683 2488 1735 σὺν
2516 1683 2631 1745 τοῖς
2688 1680 2839 1744 ἰδίοις
2894 1681 3270 1752 στρατεύμασι
3308 1681 3503 1752 μέχρις
3568 1681 3847 1750 ’Δγκύρας
3881 1686 3972 1750 τῆς

694 1776 1001 1837 Commata,
1038 1774 1329 1842 prmdaque
1362 1773 1532 1825 multa
1563 1773 1771 1842 potitus
1810 1774 2124 1827 revertitur.
2161 1770 2278 1827 Cae-

2389 1776 2596 1838 πόλεως
2648 1774 2743 1827 καὶ
2802 1774 2981 1826 αὐτῶν
3031 1773 3142 1826 τῶν
3171 1774 3493 1843 κομμάτων,
3544 1773 3973 1842 λαφυραγωγίαν

697 1879 874 1922 terum
909 1867 1247 1921 domesticus
1277 1865 1589 1919 scholarum
1641 1866 1931 1921 intervallo
1971 1869 2135 1920 uni-is
2166 1866 2277 1921 diei

695 1959 908 2013 distans
937 1958 1200 2027 subsequi
1231 1957 1518 2011 desinebat
1546 1974 1559 2010 :
1593 1959 1885 2013 verebatur
1909 1959 2057 2014 enim
2084 1959 2280 2015 subse-

695 2054 789 2120 qui
815 2060 870 2105 et
899 2050 1169 2119 conspici.
1196 2048 1531 2119 Clirysoehir
1557 2060 1739 2105 autem
1769 2051 1823 2105 in
1849 2051 2135 2106 Charsiani
2162 2053 2282 2107 the-

695 2159 783 2197 ma
817 2144 990 2205 venit,
1014 2153 1070 2197 et
1092 2142 1159 2196 ad
1190 2143 1438 2212 Agranas
1462 2154 1641 2197 castra
1666 2154 1924 2208 metatur,
1946 2145 2282 2200 domesticus

695 2245 879 2289 autem
914 2236 979 2289 ad
1018 2235 1275 2289 Siboron.
1320 2234 1425 2301 Qui
1460 2237 1790 2305 praetoribus
1826 2237 2280 2292 Armeniacorum

695 2336 753 2381 et
788 2326 1076 2383 Charsiani
1112 2328 1375 2397 praecepit
1418 2327 1647 2382 dicens:
1692 2347 1710 2379 ι
1742 2327 1940 2383 Tollite
1984 2330 2153 2384 duces
2185 2330 2280 2399 qui

696 2420 859 2476 vobis
887 2420 1143 2483 subsunt,
1172 2430 1226 2474 et
1249 2421 1465 2489 equites
1490 2422 1707 2490 aliquos
1744 2422 1938 2485 bonos,
1964 2423 2281 2491 victumque

696 2513 852 2583 quasi
874 2512 1087 2567 dierum
1113 2512 1427 2577 duodecim,
1448 2521 1505 2566 et
1530 2514 1930 2582 subsequimini
1955 2514 2053 2569 Clu
2070 2516 2282 2585 ysodii—

696 2620 814 2659 rem
854 2620 1029 2674 usque
1058 2605 1124 2659 ad
1167 2606 1323 2675 123
1364 2606 1849 2677 Bathyrrbyaeem.
1888 2609 1952 2661 Et
1982 2609 2024 2659 si
2058 2609 2281 2678 quidem

698 2706 911 2764 partem
934 2697 1173 2764 aliquam
1194 2698 1473 2750 exercitus
1495 2712 1617 2765 qua:
1646 2696 1803 2751 facile
1838 2699 2085 2765 superari
2108 2700 2284 2768 possit

697 2787 915 2841 miserit
944 2789 997 2839 in
1042 2786 1499 2841 Armeniacorum
1538 2795 1635 2839 aut
1665 2786 1718 2838 in
1754 2786 2041 2841 Cliarsiam
2077 2788 2282 2852 thema,

698 2876 1006 2945 signiﬁcate
1030 2877 1082 2930 id
1117 2876 1318 2929 nobis:
1350 2876 1395 2929 si
1426 2886 1610 2930 autem
1649 2876 1964 2931 discesserit
1995 2894 2026 2931 a
2058 2879 2287 2949 Bathyr—

696 2970 898 3038 rhyace
924 3010 937 3029 .
976 2976 1320 3023 revertentes
1351 2968 1536 3021 venite
1558 2968 1624 3021 ad
1670 2984 1792 3021 nos.
1826 2988 1843 3019 ι
1875 2970 2095 3038 Vesperi
2117 2972 2285 3041 igitur

701 3058 980 3127 profectus
1006 3058 1533 3128 Chrysochircastra
1560 3059 1744 3127 posuit
1776 3060 1829 3112 in
1856 3059 2113 3114 inferiore
2141 3062 2285 3120 loco.

2384 1868 2564 1939 ἑαυτῷ
2589 1866 2792 1937 πολλὴν
2837 1866 3257 1936 προσηκάμενος
3281 1907 3297 1932 ,
3333 1866 3428 1919 καὶ
3473 1866 3777 1919 ἐπάνεισιν.
3831 1865 3890 1917 ’0
3922 1865 3972 1917 δὲ

2382 1958 2717 2030 καθηγεμὼν
2742 1958 2851 2013 τῶν
2883 1958 3089 2029 σχολῶν
3108 1958 3553 2027 διαστηματίζων
3586 1958 3767 2027 μίλιον
3798 1959 3857 2010 ἓν
3880 1958 3973 2027 τὴν

2383 2054 2744 2124 παραδρομὴν
2770 2052 3099 2115 ἐσκευάζετο
3138 2051 3281 2121 (10)⁹
3315 2051 3703 2121 ὲδεδοίκειγάρ
3745 2050 3970 2119 πλησιο-

2382 2147 2525 2217 φανῆ
2552 2146 2651 2216 τὴν
2678 2146 3041 2216 παραδρομὴν
3068 2144 3553 2212 παραδείκνυσθαι.
3589 2143 3648 2197 Ὀ
3682 2144 3740 2197 δὲ
3768 2144 3974 2213 Χρυσό-

2382 2257 2503 2312 χειρ
2527 2239 2885 2310 κατηντηκὼς
2909 2239 3088 2309 τῷτοῦ
3112 2240 3420 2309 Χαρσιανοῦ
3452 2240 3647 2308 θὲματι
3670 2241 3750 2303 είς
3776 2239 3973 2310 Ἀγρά-

2383 2350 2479 2395 νας
2518 2334 2843 2403 ὲσκήνωται,
2875 2334 2952 2396 εἰς
2986 2333 3048 2385 τὸ
3081 2332 3305 2404 Σίϐορον
3330 2333 3386 2386 δὲ
3417 2331 3444 2383 ό
3480 2332 3809 2401 δομέστικος
3834 2348 3847 2360 ⁶
3885 2330 3972 2383 καὶ

2383 2427 2498 2490 τοῖς
2531 2425 2926 2496 στρατηγέταις
2944 2425 3054 2478 τῶν
3072 2444 3131 2478 τε
3178 2424 3558 2496 Ἀρμενιακῶν
3588 2425 3683 2477 καὶ
3711 2424 3808 2476 τοῦ
3833 2424 3968 2491 Χαρ-

2387 2518 2572 2571 σιανοῢ
2614 2518 2955 2588 προστέταχε
2991 2518 3217 2571 διειπών
3250 2518 3383 2588 (11)·
3416 2536 3435 2568 ι
3476 2517 3682 2585 Ἀρατε
3716 2518 3846 2577 τοὺς
3877 2516 3974 2567 ὑπὸ

2385 2613 2544 2681 χεῖρα
2600 2611 2892 2674 τελοῦντας
2951 2611 3107 2681 ὑμῶν
3154 2610 3446 2681 ἄρχοντας,
3485 2611 3579 2663 καὶ
3635 2609 3972 2669 καλλίππους

2385 2706 2563 2770 τινας,
2584 2705 2681 2757 καὶ
2711 2705 2960 2767 δαπάνας
2983 2704 3059 2767 ὼς
3089 2705 3315 2776 ἡμερῶν
3339 2703 3429 2774 ιβ’,
3456 2704 3552 2756 καὶ
3576 2701 3971 2772 παρατρέχοιτε

2384 2795 2478 2850 τὸν
2499 2796 2849 2869 Χρυσόχειρα
2890 2796 3054 2867 μέχρι
3105 2795 3198 2849 τοῦ
3244 2794 3599 2864 Βαθυρύακος
3623 2810 3638 2825 ’
3672 2793 3766 2847 καὶ
3794 2795 3843 2844 εἰ
3882 2792 3973 2861 μὲν

2386 2890 2675 2959 διαιρήσας
2708 2888 2838 2941 λαὸν
2872 2886 3183 2957 εὖπληκτον
3208 2885 3570 2957 παραπέμψοι
3604 2884 3682 2953 τῷ
3714 2884 3829 2936 τῶν
3853 2886 3971 2952 Ἀρ-

2392 2979 2665 3048 μενιακῶν
2698 2979 2809 3049 (12)
2834 2979 2865 3049 ἦ
2892 2978 2969 3047 τῷ
2990 2978 3081 3031 τοῦ
3108 2976 3421 3048 Χαρσιανοῦ
3478 2977 3697 3046 θέματι,
3738 2975 3971 3044 κατάδη·

2388 3072 2479 3123 λον
2500 3072 2633 3140 ἡμῖν
2654 3070 2813 3123 τοῦτο
2852 3071 3117 3141 ποιήσατε
3148 3071 3259 3139 (15)
3283 3086 3297 3101 '
3338 3071 3426 3123 ὅτε
3453 3069 3511 3123 δὲ
3537 3070 3865 3137 ἀποκινήσοι
3886 3067 3970 3120 τοῦ

700 3159 965 3218 prtetores
991 3158 1175 3202 autem
1198 3149 1372 3202 nostri
1407 3148 1461 3201 in
1484 3149 1673 3218 jugum
1696 3149 1897 3203 montis
1923 3150 2285 3205 ascenderunt

2401 3160 2773 3230 Βαθυρύακος,
2837 3161 3283 3231 ὑποστραφέντες
3342 3162 3507 3231 ἥκετε
3562 3161 3698 3230 πρὸς
3753 3162 3967 3229 ἡμᾶς.»

697 3253 1131 3312 manseruntque
1162 3243 1216 3295 in
1262 3241 1500 3310 quodam
1552 3241 1673 3293 loco
1700 3241 2054 3307 Zogoloenon
2084 3240 2234 3294 dicto
2273 3258 2286 3294 :

696 3346 783 3391 est
824 3337 970 3391 enim
1010 3343 1233 3403 propter
1277 3346 1444 3401 rupes
1489 3345 1720 3384 ascensu
1754 3328 1992 3383 ditIicilis
2018 3329 2291 3399 habetque

698 3429 924 3483 densam
952 3427 1168 3482 silvam.
1200 3424 1471 3479 Caeterum
1504 3423 1835 3492 prmtoribus
1859 3422 1932 3475 ibi
1958 3422 2291 3491 quiescenti-

689 3522 803 3574 bus
846 3516 1130 3574 contentio
1175 3516 1427 3586 qumdam
1469 3525 1660 3569 exorta
1703 3524 1789 3568 est
1828 3514 1897 3568 de
1944 3514 2289 3581 fortitudine,

699 3613 933 3667 ducibus
986 3612 1129 3665 inter
1171 3624 1233 3665 se
1290 3610 1599 3663 rixantibus
1645 3609 1754 3662 utri
1801 3611 2046 3677 potiores
2082 3619 2290 3673 essent,

698 3716 885 3759 utrum
918 3704 955 3757 ii
980 3704 1074 3773 qui
1115 3712 1245 3757 sunt
1268 3702 1338 3755 ab
1362 3701 1839 3761 Armeniacorum.
1864 3716 1933 3754 an
1964 3700 2002 3753 ii
2035 3700 2130 3769 qui
2163 3710 2295 3755 sunt

696 3816 727 3853 a
765 3796 1053 3855 Charsiani
1083 3797 1345 3850 themate.
1389 3793 1639 3861 Cumque
1665 3792 2029 3847 Charsianitap
2060 3801 2294 3846 conten-

698 3893 894 3947 derent
935 3886 1537 3958 primastortitudinis
1584 3885 1692 3939 sibi
1742 3885 1928 3953 potius
1965 3884 2295 3939 deferendas

698 3996 819 4036 esse
864 3996 1030 4050 quam
1084 3978 1311 4040 alteris,
1365 3977 1677 4031 Armeniaci
1727 3976 1985 4031 dixerunt
2042 3976 2109 4030 ad
2154 3991 2290 4031 eos:

705 4092 723 4122 ¢
751 4072 892 4137 Quid
913 4072 1150 4140 amplius
1174 4068 1513 4123 contendere
1537 4068 1605 4122 de
1639 4067 1966 4123 fortitudine
1986 4069 2168 4123 verbis
2193 4084 2293 4123 cu-

700 4164 924 4233 pimus?
950 4165 1132 4231 reipsa
1164 4162 1360 4215 hostes
1420 4159 1810 4230 aggrediamur
1836 4161 2062 4228 utrique
2095 4167 2295 4229 :atque

704 4266 836 4310 tunc
877 4254 1165 4323 apparebit
1193 4254 1376 4323 qualis
1416 4253 1652 4321 quisque
1683 4260 1937 4305 nostrum
1974 4253 2045 4307 sit
2086 4261 2143 4306 et
2169 4253 2295 4321 quis

699 4348 876 4401 altero
919 4346 1137 4399 fortior.
1173 4364 1191 4396 ι
1229 4345 1496 4399 Praetores
1521 4356 1742 4411 quoque
1781 4356 1907 4395 cum
1949 4341 2296 4395 audivissent

2409 3251 2683 3304 Ἀπελθὼν
2731 3252 2913 3305 τοίνυν
2970 3252 3214 3323 ἑσπέρας
3272 3254 3299 3305 ό
3331 3251 3637 3322 Χρυσόχειρ
3698 3252 3971 3320 ἐσκήνωσε

2395 3345 2566 3409 κάτω,
2594 3346 2643 3397 οί
2677 3345 2735 3398 δὲ
2767 3344 3134 3414 στρατηλάται
3167 3347 3247 3407 είς
3291 3344 3384 3397 τὸν
3440 3344 3605 3411 ζυγὸν
3638 3342 3974 3413 προσανέϐη-

2397 3452 2497 3489 σαν
2524 3436 2618 3489 xui.
2644 3434 2985 3506 ηὐλίσθησαν
3021 3434 3102 3497 εἴς
3122 3453 3243 3489 τινα
3266 3436 3432 3488 τόπον
3467 3433 3972 3503 κατονομαξόμενον

2396 3525 2742 3595 Ζωγολόηνον
2801 3526 2952 3594 (14)·
3018 3520 3175 3589 οὗτος
3213 3526 3323 3593 γάρ
3354 3527 3504 3579 ἐστιν
3558 3526 3621 3578 ἐκ
3668 3525 3974 3594 πετρώδους

2399 3614 2731 3683 συμπήξεως
2760 3613 3153 3678 δυσανάϐατος,
3207 3618 3265 3668 ὲν
3289 3608 3333 3682 ᾧ
3360 3615 3459 3684 ὕλη
3505 3614 3866 3684 πολύδενδρος

2396 3722 2586 3774 φυκεν.
2618 3705 2739 3757 Τῶν
2776 3701 2871 3759 οὗν
2905 3706 3217 3776 εἰρημένων
3269 3706 3658 3775 στρατηλατῶν
3698 3708 3879 3759 ἐκεῖσε
3908 3707 3973 3757 δι-

2395 3798 2892 3865 αναπαυσαμένων,
2914 3796 3219 3863 φιλονεικία
3244 3814 3325 3860 τις
3342 3797 3609 3865 ἀνέκυψεν
3630 3796 3863 3867 ἀνδρικὴ
3880 3797 3973 3847 τῶν

2396 3888 2674 3958 ἀρχόντων
2710 3889 2961 3959 ἀλλήλοις
3006 3890 3401 3961 ἁντεριζόντων
3440 3891 3554 3959 (15)
3606 3891 3752 3953 τίνες
3782 3892 3852 3943 ἂν
3878 3889 3974 3943 εἷεν

2396 3978 2705 4047 κρείττους,
2758 3981 2988 4048 πότερον
3050 3981 3099 4032 οί
3142 3980 3253 4032 ἀπὸ
3305 3979 3401 4032 τοῦ
3443 3979 3553 4031 τῶν
3603 3980 3974 4049 Ἀρμενιακῶν

2398 4068 2689 4140 θέματοςῆ
2718 4069 2813 4122 τοῦ
2840 4070 3151 4140 Χαρσιανοῦ
3183 4070 3342 4141 ὠρμη
3354 4072 3524 4141 μένοι.
3569 4071 3694 4123 Τῶν
3715 4067 3812 4125 οὗν
3840 4072 3973 4141 Χαρ-

2398 4162 2655 4215 σιανιτῶν
2708 4161 3163 4230 φιλονεικούντων
3214 4164 3284 4216 τὰ
3336 4164 3603 4234 πρεσϐεῖα
3638 4165 3859 4228 ἑαυτοῖς
3888 4166 3974 4233 τῆς

2396 4254 2649 4322 ἀνδρείας
2677 4255 2958 4310 ἐπιδοῦναι
2992 4257 3024 4327 ἢ
3054 4258 3168 4319 τοῖς
3193 4255 3404 4326 ἑτέροις
3420 4256 3468 4287 ⁸⁸
3503 4254 3639 4326 (16),
3688 4258 3739 4308 οἱ
3787 4256 3975 4325 ’Δρμε-

2398 4347 2578 4399 νιακοὶ
2620 4342 2774 4401 εἷπον
2800 4350 2937 4418 πρὸς
2963 4347 3162 4410 αὐτούς
3184 4364 3199 4379 ·
3239 4367 3257 4399 ι
3299 4346 3365 4399 Τί
3394 4347 3725 4416 φιλονεικεῖν
3755 4346 3839 4398 ἔτι
3861 4344 3976 4413 περὶ

699 4437 769 4489 de
809 4435 1113 4490 certamine
1155 4434 1386 4488 istorum
1440 4441 1495 4485 et
1536 4448 1602 4485 ex
1654 4431 1849 4485 iisdem
1892 4431 2285 4486 intellexissent

2399 4439 2654 4511 ἀνδρείας
2676 4442 2741 4494 ὲκ
2763 4440 2938 4509 λόγων
2958 4441 3295 4511 βουλόμεθα;
3326 4440 3654 4510 Πρακτικῶς
3686 4442 3800 4499 τοῖς
3831 4438 3968 4491 πολε.

699 4528 939 4582 militum
967 4525 1339 4590 falacritatem,
1373 4539 1494 4592 qua:
1525 4523 1657 4592 ipsis
1696 4522 1965 4592 placebat,
2011 4522 2285 4577 duxerunt

2397 4529 2540 4599 μίοις
2562 4531 3011 4601 παρεμϐάλωμεν
3034 4532 3203 4601 ἄμφω
3224 4532 3268 4561 ⁸⁹
3287 4530 3398 4598 (17)
3420 4546 3433 4559 ·
3477 4531 3568 4582 καὶ
3590 4530 3715 4582 τότε
3740 4547 3976 4600 φανερω⁴

698 4615 892 4689 eisque
907 4617 1205 4672 dixerunt:
1234 4635 1251 4667 ι
1280 4614 1555 4677 Vultisne,
1590 4629 1623 4667 ο
1648 4614 1851 4679 aemuli,
1884 4623 1945 4668 ut
1970 4614 2156 4669 hostes
2177 4615 2285 4669 Deo

2393 4620 2513 4691 θείη
2532 4621 2763 4686 ἕκαστος
2778 4625 2809 4693 ἠ
2817 4623 2957 4691 μῶν,
2970 4625 3151 4685 ὁποῖος
3168 4622 3362 4692 ἑτέρου
3381 4620 3724 4688 καθέστηκεν
3741 4622 3977 4685 ἀνδρειό-

699 4718 1032 4780 c00perante
1080 4706 1511 4777 aggrediamur?
1554 4723 1573 4756 ι
1632 4703 1847 4771 Quibus
1893 4704 2061 4759 alacri
2101 4705 2285 4787 animo

2389 4729 2548 4783 τερος
2574 4715 2711 4783 (18).
2743 4732 2762 4766 ι
2796 4715 2931 4767 Οίδὲ
2960 4713 3697 4785 πρατηγέταιδιακηκοότες
3729 4715 3866 4783 περὶ
3891 4714 3976 4779 τῆς

702 4806 1152 4877 responderunt:
1217 4822 1235 4854 ι
1276 4803 1401 4856 lta:
1466 4809 1523 4855 et
1576 4807 1869 4869 propterea
1919 4797 2285 4868 jurejurando

2389 4804 2624 4876 ἁμίλλης
2652 4807 2855 4871 αὐτῶν,
2903 4807 2970 4860 δι’
3000 4803 3181 4859 αὐτῶν
3211 4807 3266 4861 δὲ
3296 4808 3392 4859 καὶ
3418 4808 3517 4876 τῆς
3547 4806 3645 4859 τοῦ
3680 4806 3818 4859 λαοῦ
3850 4823 3975 4875 προσ

700 4899 941 4954 maximo
974 4914 1071 4967 per
1096 4895 1447 4967 imperatoris
1476 4902 1646 4963 caput
1676 4907 1777 4947 nos
1801 4892 2201 4963 obstringimus
2224 4902 2285 4949 ut

2389 4898 2591 4969 θυμίας
2615 4900 3043 4970 συνευδοκούσης
3064 4901 3267 4963 αὐτοῖς,
3297 4900 3506 4969 ἧγαγον
3532 4901 3626 4953 καὶ
3654 4900 3972 4969 είρήκεσαν’

2003 5026 2240 5083 VARUE
2282 5030 2689 5092 LECTIONES.

1808 5125 1852 5157 ⁸⁸
1886 5124 2319 5196 παρεμϐἀλομεν
2344 5127 2402 5182 L.

1864 5242 2105 5297 STEPH.
2143 5243 2487 5300 BERGLERI
2520 5243 2751 5300 ΝΟΤΑΞ.

770 5130 820 5164 ⁸⁷
851 5129 1174 5199 σπεύσωμεν
1198 5126 1257 5182 L.
1332 5127 1378 5159 ³⁸
1401 5127 1635 5197 ἑταίροις
1665 5124 1726 5178 L.

780 5343 854 5411 (9)
884 5342 944 5397 1η
975 5341 1145 5411 epist.
1184 5342 1249 5395 ad
1282 5340 1488 5411 Ephes.
1522 5356 1593 5401 tv,
1629 5339 1720 5392 52.

783 5407 901 5483 (10)
933 5407 1382 5483 ΙηαηιΙήειιὶιιιίθ
1424 5413 1683 5464 obscure.
1720 5407 1826 5463 Sed
1864 5407 1975 5462 vid.
2029 5420 2289 5465 auctores

713 5482 950 5539 inferius
970 5482 1212 5535 notatos.

785 5553 895 5618 (11)
929 5552 1117 5607 Const.
1158 5554 1361 5621 Porpn.
1396 5567 1451 5621 p.
1481 5551 1599 5609 l69.
1632 5550 1797 5604 Cedr.
1839 5568 1891 5621 p.
1917 5552 2037 5605 57L

784 5624 1114 5691 (12)Coust.
1178 5623 1380 5691 Porph.
1440 5638 1494 5692 p.
1556 5621 1677 5685 169,
1730 5623 1894 5677 (Zedr.
1949 5639 2000 5693 p.
2064 5622 2286 5675 57L—

714 5695 993 5762 Scriplum
1023 5694 1383 5755 καλλῖππους.

791 5766 899 5829 (Ιῦ)
927 5766 1116 5818 Const.
1156 5764 1360 5831 Porph.
1390 5780 1443 5831 p.
1480 5762 1594 5814 169.

791 5836 1113 5902 (14)(301151.
1143 5835 1339 5903 Porph.
1374 5851 1405 5903 ιι
1464 5834 1578 5891 ltiti.
1603 5835 1692 5889 ubi
1730 5837 1835 5889 τιῖιί
1859 5836 1913 5888 ὀὶ
1959 5835 2285 5905 Ῥωιιαίμιων

2391 5344 2716 5412 στρατηγῶν
2769 5341 3191 5396 καταλαϐόντων
3222 5340 3291 5394 τὰ
3319 5339 3514 5393 τούτου
3567 5339 3951 5410 μετεωρότερα

2391 5411 2513 5466 Vid.
2549 5414 2683 5466 Zon.
2721 5430 2775 5483 p.
2806 5415 2929 5477 168,
2970 5413 3135 5468 Cedr.
3169 5429 3222 5482 p.
3254 5412 3380 5466 572.

2400 5484 2574 5589 N95)
2599 5480 2787 5539 Const.
2815 5483 3021 5555 Porph.
3051 5500 3103 5552 p.
3140 5480 3262 5546 “39,
3293 5483 3428 5536 Zon.
3469 5498 3524 5551 p.
3567 5480 3687 5543 168,
3719 5480 3885 5536 Cedr.
3924 5500 3969 5551 ι».

2398 5568 2521 5608 012.

2468 5625 2579 5693 (16)
2615 5624 2804 5679 Const.
2827 5624 3027 5694 Porph.
3060 5640 3115 5694 p.
3151 5624 3267 5687 l69,
3297 5622 3456 5677 Cetlr.
3491 5642 3541 5690 ν,
3581 5623 3709 5676 57:2.

2473 5697 2583 5763 (17)
2614 5697 2750 5749 Ζοη.
2777 5714 2831 5765 p.
2872 5696 2990 5753 168,
3024 5695 3188 5748 (Ictlr.
3216 5712 3267 5763 p.
3310 5696 3429 5745 ΜΞ.

2476 5768 2583 5836 (18)
2613 5768 2801 5822 Const.
2842 5767 3035 5837 Porph
3073 5782 3123 5835 p.
3156 5768 3267 5818 ltiti.
