  <div class='ocr_page' id='page_1' title='image "/cluster/home/n/w/nwhite01/storage/ocr_20150623/109/nnc1.0046979867/583.png"; bbox 0 0 4146 6436; ppageno 0'>
   <div class='ocr_carea' id='block_1_1' title="bbox 741 405 869 474">
    <p class='ocr_par' dir='ltr' id='par_1_1' title="bbox 741 405 869 474">
     <span class='ocr_line' id='line_1_1' title="bbox 741 405 869 474; baseline 0.008 -1"><span class='ocrx_word' id='word_1_1' title='bbox 741 405 869 474; x_wconf 78' lang='grc'><strong>1151</strong></span> 
     </span>
    </p>
   </div>
   <div class='ocr_carea' id='block_1_2' title="bbox 2062 409 2732 471">
    <p class='ocr_par' dir='ltr' id='par_1_2' title="bbox 2062 409 2732 471">
     <span class='ocr_line' id='line_1_2' title="bbox 2062 409 2732 471; baseline 0 -3"><span class='ocrx_word' id='word_1_2' title='bbox 2062 409 2377 471; x_wconf 80' lang='lat' dir='ltr'><strong>JOSEPHI</strong></span> <span class='ocrx_word' id='word_1_3' title='bbox 2417 410 2732 471; x_wconf 84' lang='lat' dir='ltr'><strong>GENESII</strong></span> 
     </span>
    </p>
   </div>
   <div class='ocr_carea' id='block_1_3' title="bbox 3881 407 4013 469">
    <p class='ocr_par' dir='ltr' id='par_1_3' title="bbox 3881 407 4013 469">
     <span class='ocr_line' id='line_1_3' title="bbox 3881 407 4013 469; baseline -0.008 0"><span class='ocrx_word' id='word_1_4' title='bbox 3881 407 4013 469; x_wconf 71' lang='lat'><strong>1152</strong></span> 
     </span>
    </p>
   </div>
   <div class='ocr_carea' id='block_1_4' title="bbox 734 522 2324 598">
    <p class='ocr_par' dir='ltr' id='par_1_4' title="bbox 734 522 2323 595">
     <span class='ocr_line' id='line_1_4' title="bbox 734 522 2323 595; baseline 0.004 -19"><span class='ocrx_word' id='word_1_5' title='bbox 734 522 1073 594; x_wconf 75' lang='lat' dir='ltr'><strong>Chrysocltir</strong></span> <span class='ocrx_word' id='word_1_6' title='bbox 1105 524 1363 592; x_wconf 85' lang='lat' dir='ltr'><strong>cquitans</strong></span> <span class='ocrx_word' id='word_1_7' title='bbox 1406 523 1617 578; x_wconf 91' lang='lat' dir='ltr'><strong>invenit</strong></span> <span class='ocrx_word' id='word_1_8' title='bbox 1650 524 1850 579; x_wconf 84' lang='lat' dir='ltr'><strong>fossam</strong></span> <span class='ocrx_word' id='word_1_9' title='bbox 1883 522 1989 580; x_wconf 85' lang='lat' dir='ltr'><strong>sibi</strong></span> <span class='ocrx_word' id='word_1_10' title='bbox 2029 525 2323 595; x_wconf 88' lang='lat' dir='ltr'><strong>objectam,</strong></span> 
     </span>
    </p>
   </div>
   <div class='ocr_carea' id='block_1_5' title="bbox 2426 522 4018 598">
    <p class='ocr_par' dir='ltr' id='par_1_5' title="bbox 2430 524 4018 598">
     <span class='ocr_line' id='line_1_5' title="bbox 2430 524 4018 598; baseline 0.001 -18"><span class='ocrx_word' id='word_1_11' title='bbox 2430 528 2608 582; x_wconf 87' lang='grc' dir='ltr'>πιστῶ</span> <span class='ocrx_word' id='word_1_12' title='bbox 2635 527 2715 598; x_wconf 85' lang='grc' dir='ltr'>τῷ</span> <span class='ocrx_word' id='word_1_13' title='bbox 2736 525 2945 597; x_wconf 82' lang='grc' dir='ltr'>Σωτῆρί</span> <span class='ocrx_word' id='word_1_14' title='bbox 2981 543 3083 595; x_wconf 85' lang='grc' dir='ltr'><strong>μου</strong></span> <span class='ocrx_word' id='word_1_15' title='bbox 3101 524 3221 587; x_wconf 85' lang='grc' dir='ltr'><strong>Θεῷ</strong></span> <span class='ocrx_word' id='word_1_16' title='bbox 3240 525 3360 579; x_wconf 82' lang='grc' dir='ltr'>κατ’</span> <span class='ocrx_word' id='word_1_17' title='bbox 3389 525 3561 595; x_wconf 75' lang='grc' dir='ltr'>αὐτὴν</span> <span class='ocrx_word' id='word_1_18' title='bbox 3589 543 3647 593; x_wconf 83' lang='grc' dir='ltr'><strong>γε</strong></span> <span class='ocrx_word' id='word_1_19' title='bbox 3675 525 3773 595; x_wconf 79' lang='grc' dir='ltr'>τὴν</span> <span class='ocrx_word' id='word_1_20' title='bbox 3808 528 4018 597; x_wconf 72' lang='grc' dir='ltr'>ἡμέραν</span> 
     </span>
    </p>
   </div>
   <div class='ocr_carea' id='block_1_6' title="bbox 736 616 2324 686">
    <p class='ocr_par' dir='ltr' id='par_1_6' title="bbox 736 616 2324 686">
     <span class='ocr_line' id='line_1_6' title="bbox 736 616 2324 686; baseline 0.003 -17"><span class='ocrx_word' id='word_1_21' title='bbox 736 633 898 684; x_wconf 80' lang='lat' dir='ltr'><strong>quam</strong></span> <span class='ocrx_word' id='word_1_22' title='bbox 923 631 1101 685; x_wconf 89' lang='lat' dir='ltr'><strong>equus</strong></span> <span class='ocrx_word' id='word_1_23' title='bbox 1119 617 1241 686; x_wconf 84' lang='lat' dir='ltr'><strong>ejus</strong></span> <span class='ocrx_word' id='word_1_24' title='bbox 1271 616 1550 671; x_wconf 89' lang='lat' dir='ltr'><strong>transilire</strong></span> <span class='ocrx_word' id='word_1_25' title='bbox 1585 618 2029 672; x_wconf 77' lang='lat' dir='ltr'><strong>reformidavitet</strong></span> <span class='ocrx_word' id='word_1_26' title='bbox 2048 618 2324 674; x_wconf 86' lang='lat' dir='ltr'><strong>titubavit.</strong></span> 
     </span>
    </p>
   </div>
   <div class='ocr_carea' id='block_1_7' title="bbox 737 705 2326 781">
    <p class='ocr_par' dir='ltr' id='par_1_7' title="bbox 737 705 2326 781">
     <span class='ocr_line' id='line_1_7' title="bbox 737 705 2326 781; baseline 0.003 -20"><span class='ocrx_word' id='word_1_27' title='bbox 737 706 891 761; x_wconf 84' lang='lat' dir='ltr'><strong>Unde</strong></span> <span class='ocrx_word' id='word_1_28' title='bbox 924 705 1259 777; x_wconf 79' lang='lat' dir='ltr'><strong>Ch-rysochir</strong></span> <span class='ocrx_word' id='word_1_29' title='bbox 1280 709 1391 777; x_wconf 85' lang='lat' dir='ltr'><strong>jam</strong></span> <span class='ocrx_word' id='word_1_30' title='bbox 1432 707 1501 762; x_wconf 89' lang='lat' dir='ltr'><strong>ad</strong></span> <span class='ocrx_word' id='word_1_31' title='bbox 1540 708 1820 764; x_wconf 87' lang='lat' dir='ltr'><strong>Pulladem</strong></span> <span class='ocrx_word' id='word_1_32' title='bbox 1854 709 2130 777; x_wconf 78' lang='lat' dir='ltr'><strong>respicere</strong></span> <span class='ocrx_word' id='word_1_33' title='bbox 2164 712 2326 781; x_wconf 86' lang='lat' dir='ltr'><strong>plane</strong></span> 
     </span>
    </p>
   </div>
   <div class='ocr_carea' id='block_1_8' title="bbox 740 797 2323 870">
    <p class='ocr_par' dir='ltr' id='par_1_8' title="bbox 740 797 2323 870">
     <span class='ocr_line' id='line_1_8' title="bbox 740 797 2323 870; baseline 0.002 -21"><span class='ocrx_word' id='word_1_34' title='bbox 740 814 847 852; x_wconf 85' lang='lat' dir='ltr'><strong>non</strong></span> <span class='ocrx_word' id='word_1_35' title='bbox 876 798 1159 868; x_wconf 73' lang='lat' dir='ltr'><strong>cogitavit,</strong></span> <span class='ocrx_word' id='word_1_36' title='bbox 1182 797 1275 852; x_wconf 91' lang='lat' dir='ltr'><strong>sed</strong></span> <span class='ocrx_word' id='word_1_37' title='bbox 1311 799 1483 870; x_wconf 84' lang='lat' dir='ltr'><strong>magis</strong></span> <span class='ocrx_word' id='word_1_38' title='bbox 1512 808 1638 853; x_wconf 84' lang='lat' dir='ltr'><strong>ante</strong></span> <span class='ocrx_word' id='word_1_39' title='bbox 1664 813 1723 853; x_wconf 91' lang='lat' dir='ltr'><strong>se</strong></span> <span class='ocrx_word' id='word_1_40' title='bbox 1755 798 1998 863; x_wconf 84' lang='lat' dir='ltr'><strong>videbat,</strong></span> <span class='ocrx_word' id='word_1_41' title='bbox 2032 815 2101 855; x_wconf 91' lang='lat' dir='ltr'><strong>ne</strong></span> <span class='ocrx_word' id='word_1_42' title='bbox 2126 800 2179 854; x_wconf 91' lang='lat' dir='ltr'><strong>in</strong></span> <span class='ocrx_word' id='word_1_43' title='bbox 2209 801 2323 853; x_wconf 79' lang='lat' dir='ltr'><strong>fos-</strong></span> 
     </span>
    </p>
   </div>
   <div class='ocr_carea' id='block_1_9' title="bbox 738 889 2326 960">
    <p class='ocr_par' dir='ltr' id='par_1_9' title="bbox 738 889 2326 960">
     <span class='ocr_line' id='line_1_9' title="bbox 738 889 2326 960; baseline 0.002 -19"><span class='ocrx_word' id='word_1_44' title='bbox 738 904 853 943; x_wconf 89' lang='lat' dir='ltr'><strong>sam</strong></span> <span class='ocrx_word' id='word_1_45' title='bbox 884 890 1152 943; x_wconf 82' lang='lat' dir='ltr'><strong>incideret</strong></span> <span class='ocrx_word' id='word_1_46' title='bbox 1178 907 1189 941; x_wconf 92' lang='lat'><strong>:</strong></span> <span class='ocrx_word' id='word_1_47' title='bbox 1227 899 1392 960; x_wconf 90' lang='lat' dir='ltr'><strong>atque</strong></span> <span class='ocrx_word' id='word_1_48' title='bbox 1422 889 1676 944; x_wconf 84' lang='lat' dir='ltr'><strong>Pullades</strong></span> <span class='ocrx_word' id='word_1_49' title='bbox 1703 905 1831 943; x_wconf 91' lang='lat' dir='ltr'><strong>eum</strong></span> <span class='ocrx_word' id='word_1_50' title='bbox 1860 890 1999 944; x_wconf 85' lang='lat' dir='ltr'><strong>clam</strong></span> <span class='ocrx_word' id='word_1_51' title='bbox 2028 890 2126 944; x_wconf 85' lang='lat' dir='ltr'><strong>sub</strong></span> <span class='ocrx_word' id='word_1_52' title='bbox 2160 889 2326 944; x_wconf 80' lang='lat' dir='ltr'><strong>axilla</strong></span> 
     </span>
    </p>
   </div>
   <div class='ocr_carea' id='block_1_10' title="bbox 738 980 2323 1050">
    <p class='ocr_par' dir='ltr' id='par_1_10' title="bbox 738 980 2323 1050">
     <span class='ocr_line' id='line_1_10' title="bbox 738 980 2323 1050; baseline 0.003 -19"><span class='ocrx_word' id='word_1_53' title='bbox 738 982 990 1036; x_wconf 74' lang='lat' dir='ltr'><strong>vulnerat</strong></span> <span class='ocrx_word' id='word_1_54' title='bbox 1020 990 1225 1035; x_wconf 88' lang='lat' dir='ltr'><strong>conto:</strong></span> <span class='ocrx_word' id='word_1_55' title='bbox 1284 981 1377 1050; x_wconf 87' lang='lat' dir='ltr'><strong>qui</strong></span> <span class='ocrx_word' id='word_1_56' title='bbox 1424 995 1551 1033; x_wconf 90' lang='lat' dir='ltr'><strong>cum</strong></span> <span class='ocrx_word' id='word_1_57' title='bbox 1600 980 1993 1050; x_wconf 90' lang='lat' dir='ltr'><strong>peturbaretur</strong></span> <span class='ocrx_word' id='word_1_58' title='bbox 2030 981 2137 1035; x_wconf 89' lang='lat' dir='ltr'><strong>hoc</strong></span> <span class='ocrx_word' id='word_1_59' title='bbox 2188 980 2323 1045; x_wconf 88' lang='lat' dir='ltr'><strong>ictu,</strong></span> 
     </span>
    </p>
   </div>
   <div class='ocr_carea' id='block_1_11' title="bbox 738 1070 2327 1143">
    <p class='ocr_par' dir='ltr' id='par_1_11' title="bbox 738 1070 2327 1143">
     <span class='ocr_line' id='line_1_11' title="bbox 738 1070 2327 1143; baseline 0.003 -19"><span class='ocrx_word' id='word_1_60' title='bbox 738 1087 915 1141; x_wconf 81' lang='lat' dir='ltr'><strong>equus</strong></span> <span class='ocrx_word' id='word_1_61' title='bbox 941 1074 1062 1143; x_wconf 84' lang='lat' dir='ltr'><strong>ejus</strong></span> <span class='ocrx_word' id='word_1_62' title='bbox 1086 1073 1417 1127; x_wconf 88' lang='lat' dir='ltr'><strong>commotior</strong></span> <span class='ocrx_word' id='word_1_63' title='bbox 1448 1072 1627 1125; x_wconf 81' lang='lat' dir='ltr'><strong>factus</strong></span> <span class='ocrx_word' id='word_1_64' title='bbox 1644 1086 1769 1126; x_wconf 90' lang='lat' dir='ltr'><strong>eum</strong></span> <span class='ocrx_word' id='word_1_65' title='bbox 1804 1071 2027 1140; x_wconf 91' lang='lat' dir='ltr'><strong>dejecit.</strong></span> <span class='ocrx_word' id='word_1_66' title='bbox 2055 1070 2327 1128; x_wconf 89' lang='lat' dir='ltr'><strong>Desiliens</strong></span> 
     </span>
    </p>
   </div>
   <div class='ocr_carea' id='block_1_12' title="bbox 740 1163 2324 1237">
    <p class='ocr_par' dir='ltr' id='par_1_12' title="bbox 740 1163 2324 1237">
     <span class='ocr_line' id='line_1_12' title="bbox 740 1163 2324 1237; baseline -0.001 -17"><span class='ocrx_word' id='word_1_67' title='bbox 740 1166 908 1233; x_wconf 68' lang='lat' dir='ltr'><strong>igitur</strong></span> <span class='ocrx_word' id='word_1_68' title='bbox 931 1181 1075 1237; x_wconf 85' lang='lat' dir='ltr'><strong>equo</strong></span> <span class='ocrx_word' id='word_1_69' title='bbox 1104 1182 1173 1220; x_wconf 81' lang='lat' dir='ltr'><strong>ex</strong></span> <span class='ocrx_word' id='word_1_70' title='bbox 1210 1165 1484 1221; x_wconf 89' lang='lat' dir='ltr'><strong>ministris</strong></span> <span class='ocrx_word' id='word_1_71' title='bbox 1513 1166 1635 1235; x_wconf 87' lang='lat' dir='ltr'><strong>ejus</strong></span> <span class='ocrx_word' id='word_1_72' title='bbox 1675 1163 2161 1233; x_wconf 79' lang='lat' dir='ltr'><strong>conjunctissimus</strong></span> <span class='ocrx_word' id='word_1_73' title='bbox 2196 1166 2324 1219; x_wconf 90' lang='lat' dir='ltr'><strong>Dia-</strong></span> 
     </span>
    </p>
   </div>
   <div class='ocr_carea' id='block_1_13' title="bbox 739 1256 2327 1328">
    <p class='ocr_par' dir='ltr' id='par_1_13' title="bbox 739 1256 2327 1328">
     <span class='ocr_line' id='line_1_13' title="bbox 739 1256 2327 1328; baseline 0.001 -16"><span class='ocrx_word' id='word_1_74' title='bbox 739 1258 983 1313; x_wconf 80' lang='lat' dir='ltr'><strong>conitzes</strong></span> <span class='ocrx_word' id='word_1_75' title='bbox 1012 1259 1236 1313; x_wconf 87' lang='lat' dir='ltr'><strong>nomine</strong></span> <span class='ocrx_word' id='word_1_76' title='bbox 1288 1258 1478 1328; x_wconf 86' lang='lat' dir='ltr'><strong>(quem</strong></span> <span class='ocrx_word' id='word_1_77' title='bbox 1514 1258 1625 1312; x_wconf 87' lang='lat' dir='ltr'><strong>Leo</strong></span> <span class='ocrx_word' id='word_1_78' title='bbox 1651 1256 2066 1311; x_wconf 87' lang='lat' dir='ltr'><strong>laudatissimus</strong></span> <span class='ocrx_word' id='word_1_79' title='bbox 2090 1257 2327 1328; x_wconf 87' lang='lat' dir='ltr'><strong>impera-</strong></span> 
     </span>
    </p>
   </div>
   <div class='ocr_carea' id='block_1_14' title="bbox 740 1348 2324 1404">
    <p class='ocr_par' dir='ltr' id='par_1_14' title="bbox 740 1348 2324 1404">
     <span class='ocr_line' id='line_1_14' title="bbox 740 1348 2324 1404; baseline 0 -1"><span class='ocrx_word' id='word_1_80' title='bbox 740 1360 826 1403; x_wconf 90' lang='lat' dir='ltr'><strong>tor</strong></span> <span class='ocrx_word' id='word_1_81' title='bbox 857 1364 1186 1404; x_wconf 89' lang='lat' dir='ltr'><strong>conversum</strong></span> <span class='ocrx_word' id='word_1_82' title='bbox 1214 1365 1243 1403; x_wconf 88' lang='lat' dir='ltr'><strong>a</strong></span> <span class='ocrx_word' id='word_1_83' title='bbox 1276 1349 1427 1404; x_wconf 90' lang='lat' dir='ltr'><strong>cultu</strong></span> <span class='ocrx_word' id='word_1_84' title='bbox 1471 1348 1767 1402; x_wconf 86' lang='lat' dir='ltr'><strong>abominali</strong></span> <span class='ocrx_word' id='word_1_85' title='bbox 1807 1348 2232 1402; x_wconf 88' lang='lat' dir='ltr'><strong>Paulinistarum</strong></span> <span class='ocrx_word' id='word_1_86' title='bbox 2256 1349 2324 1403; x_wconf 89' lang='lat' dir='ltr'><strong>ad</strong></span> 
     </span>
    </p>
   </div>
   <div class='ocr_carea' id='block_1_15' title="bbox 738 1440 2324 1503">
    <p class='ocr_par' dir='ltr' id='par_1_15' title="bbox 738 1440 2324 1503">
     <span class='ocr_line' id='line_1_15' title="bbox 738 1440 2324 1503; baseline -0.001 -10"><span class='ocrx_word' id='word_1_87' title='bbox 738 1440 1047 1503; x_wconf 89' lang='lat' dir='ltr'><strong>meliorem,</strong></span> <span class='ocrx_word' id='word_1_88' title='bbox 1068 1440 1357 1494; x_wconf 87' lang='lat' dir='ltr'><strong>constituit</strong></span> <span class='ocrx_word' id='word_1_89' title='bbox 1385 1448 1848 1502; x_wconf 82' lang='lat' dir='ltr'><strong>mensuratorem,</strong></span> <span class='ocrx_word' id='word_1_90' title='bbox 1870 1449 1929 1494; x_wconf 92' lang='lat' dir='ltr'><strong>ut</strong></span> <span class='ocrx_word' id='word_1_91' title='bbox 1951 1442 2324 1495; x_wconf 82' lang='lat' dir='ltr'><strong>Romanorum</strong></span> 
     </span>
    </p>
   </div>
   <div class='ocr_carea' id='block_1_16' title="bbox 736 1532 2328 1603">
    <p class='ocr_par' dir='ltr' id='par_1_16' title="bbox 736 1532 2328 1603">
     <span class='ocr_line' id='line_1_16' title="bbox 736 1532 2328 1603; baseline 0.001 -16"><span class='ocrx_word' id='word_1_92' title='bbox 736 1548 993 1587; x_wconf 89' lang='lat' dir='ltr'><strong>sermone</strong></span> <span class='ocrx_word' id='word_1_93' title='bbox 1027 1532 1297 1601; x_wconf 85' lang='lat' dir='ltr'><strong>vocatur).</strong></span> <span class='ocrx_word' id='word_1_94' title='bbox 1330 1532 1561 1603; x_wconf 86' lang='lat' dir='ltr'><strong>ejusque</strong></span> <span class='ocrx_word' id='word_1_95' title='bbox 1587 1541 1752 1603; x_wconf 90' lang='lat' dir='ltr'><strong>caput</strong></span> <span class='ocrx_word' id='word_1_96' title='bbox 1794 1542 1987 1587; x_wconf 88' lang='lat' dir='ltr'><strong>tenens</strong></span> <span class='ocrx_word' id='word_1_97' title='bbox 2023 1533 2245 1588; x_wconf 81' lang='lat' dir='ltr'><strong>fovebat</strong></span> <span class='ocrx_word' id='word_1_98' title='bbox 2271 1542 2328 1589; x_wconf 92' lang='lat' dir='ltr'><strong>et</strong></span> 
     </span>
    </p>
   </div>
   <div class='ocr_carea' id='block_1_17' title="bbox 736 1623 2327 1695">
    <p class='ocr_par' dir='ltr' id='par_1_17' title="bbox 736 1623 2327 1695">
     <span class='ocr_line' id='line_1_17' title="bbox 736 1623 2327 1695; baseline 0.002 -17"><span class='ocrx_word' id='word_1_99' title='bbox 736 1624 967 1679; x_wconf 80' lang='lat' dir='ltr'><strong>curabat</strong></span> <span class='ocrx_word' id='word_1_100' title='bbox 1013 1623 1248 1694; x_wconf 83' lang='lat' dir='ltr'><strong>genibus</strong></span> <span class='ocrx_word' id='word_1_101' title='bbox 1301 1628 1418 1679; x_wconf 88' lang='lat' dir='ltr'><strong>suis</strong></span> <span class='ocrx_word' id='word_1_102' title='bbox 1470 1625 1808 1694; x_wconf 88' lang='lat' dir='ltr'><strong>impositum.</strong></span> <span class='ocrx_word' id='word_1_103' title='bbox 1859 1624 2327 1695; x_wconf 88' lang='lat' dir='ltr'><strong>Supervenientes</strong></span> 
     </span>
    </p>
   </div>
   <div class='ocr_carea' id='block_1_18' title="bbox 736 1714 2321 1788">
    <p class='ocr_par' dir='ltr' id='par_1_18' title="bbox 736 1714 2321 1788">
     <span class='ocr_line' id='line_1_18' title="bbox 736 1714 2321 1788; baseline 0.001 -21"><span class='ocrx_word' id='word_1_104' title='bbox 736 1727 918 1768; x_wconf 88' lang='lat' dir='ltr'><strong>autem</strong></span> <span class='ocrx_word' id='word_1_105' title='bbox 942 1714 1101 1786; x_wconf 73' lang='grc'><strong>126</strong></span> <span class='ocrx_word' id='word_1_106' title='bbox 1122 1724 1385 1784; x_wconf 66' lang='lat' dir='ltr'><strong>praetores</strong></span> <span class='ocrx_word' id='word_1_107' title='bbox 1407 1723 1700 1785; x_wconf 90' lang='lat' dir='ltr'><strong>occupant,</strong></span> <span class='ocrx_word' id='word_1_108' title='bbox 1720 1724 1994 1785; x_wconf 83' lang='lat' dir='ltr'><strong>caputque</strong></span> <span class='ocrx_word' id='word_1_109' title='bbox 2014 1725 2321 1788; x_wconf 83' lang='lat' dir='ltr'><strong>amputant,</strong></span> 
     </span>
    </p>
   </div>
   <div class='ocr_carea' id='block_1_19' title="bbox 736 1806 2323 1877">
    <p class='ocr_par' dir='ltr' id='par_1_19' title="bbox 736 1806 2323 1877">
     <span class='ocr_line' id='line_1_19' title="bbox 736 1806 2323 1877; baseline 0.003 -18"><span class='ocrx_word' id='word_1_110' title='bbox 736 1806 885 1876; x_wconf 88' lang='lat' dir='ltr'><strong>quod</strong></span> <span class='ocrx_word' id='word_1_111' title='bbox 917 1806 1293 1877; x_wconf 82' lang='lat' dir='ltr'><strong>imperatoria</strong></span> <span class='ocrx_word' id='word_1_112' title='bbox 1338 1806 1451 1862; x_wconf 89' lang='lat' dir='ltr'><strong>Deo</strong></span> <span class='ocrx_word' id='word_1_113' title='bbox 1499 1816 1765 1861; x_wconf 89' lang='lat' dir='ltr'><strong>coronato</strong></span> <span class='ocrx_word' id='word_1_114' title='bbox 1808 1817 2067 1877; x_wconf 85' lang='lat' dir='ltr'><strong>tanquam</strong></span> <span class='ocrx_word' id='word_1_115' title='bbox 2118 1809 2323 1864; x_wconf 90' lang='lat' dir='ltr'><strong>donum</strong></span> 
     </span>
    </p>
   </div>
   <div class='ocr_carea' id='block_1_20' title="bbox 737 1898 1031 1953">
    <p class='ocr_par' dir='ltr' id='par_1_20' title="bbox 737 1898 1031 1953">
     <span class='ocr_line' id='line_1_20' title="bbox 737 1898 1031 1953; baseline 0.003 -3"><span class='ocrx_word' id='word_1_116' title='bbox 737 1898 1031 1953; x_wconf 90' lang='lat' dir='ltr'><strong>miserunt.</strong></span> 
     </span>
    </p>
   </div>
   <div class='ocr_carea' id='block_1_21' title="bbox 2428 617 4019 689">
    <p class='ocr_par' dir='ltr' id='par_1_21' title="bbox 2428 617 4019 689">
     <span class='ocr_line' id='line_1_21' title="bbox 2428 617 4019 689; baseline -0.001 -16"><span class='ocrx_word' id='word_1_117' title='bbox 2428 618 2721 673; x_wconf 80' lang='grc' dir='ltr'>ἀποδοῦναί</span> <span class='ocrx_word' id='word_1_118' title='bbox 2760 635 2844 671; x_wconf 91' lang='grc' dir='ltr'><strong>σοι</strong></span> <span class='ocrx_word' id='word_1_119' title='bbox 2874 618 2944 671; x_wconf 76' lang='grc' dir='ltr'>τὰ</span> <span class='ocrx_word' id='word_1_120' title='bbox 2972 618 3332 689; x_wconf 80' lang='grc' dir='ltr'><strong>χαριστήρια.</strong></span> <span class='ocrx_word' id='word_1_121' title='bbox 3352 636 3372 670; x_wconf 72' lang='grc' dir='ltr'><strong>ο</strong></span> <span class='ocrx_word' id='word_1_122' title='bbox 3419 617 3693 681; x_wconf 72' lang='grc' dir='ltr'>Ἰππάζων</span> <span class='ocrx_word' id='word_1_123' title='bbox 3720 618 3778 670; x_wconf 79' lang='grc' dir='ltr'>δὲ</span> <span class='ocrx_word' id='word_1_124' title='bbox 3818 621 3846 670; x_wconf 92' lang='lat'><strong>6</strong></span> <span class='ocrx_word' id='word_1_125' title='bbox 3880 621 4019 689; x_wconf 79' lang='grc' dir='ltr'>Χρυ-</span> 
     </span>
    </p>
   </div>
   <div class='ocr_carea' id='block_1_22' title="bbox 2430 708 4015 780">
    <p class='ocr_par' dir='ltr' id='par_1_22' title="bbox 2430 708 4015 780">
     <span class='ocr_line' id='line_1_22' title="bbox 2430 708 4015 780; baseline -0.003 -17"><span class='ocrx_word' id='word_1_126' title='bbox 2430 713 2615 780; x_wconf 79' lang='grc' dir='ltr'>σόχειρ</span> <span class='ocrx_word' id='word_1_127' title='bbox 2639 710 2884 779; x_wconf 79' lang='grc' dir='ltr'><strong>εὑρίσκει</strong></span> <span class='ocrx_word' id='word_1_128' title='bbox 2901 708 3110 779; x_wconf 81' lang='grc' dir='ltr'><strong>τάφρον</strong></span> <span class='ocrx_word' id='word_1_129' title='bbox 3130 709 3265 777; x_wconf 78' lang='grc' dir='ltr'>πρὸς</span> <span class='ocrx_word' id='word_1_130' title='bbox 3282 711 3394 773; x_wconf 77' lang='grc' dir='ltr'>τοῖς</span> <span class='ocrx_word' id='word_1_131' title='bbox 3411 709 3665 771; x_wconf 80' lang='grc' dir='ltr'>ὲνωπίοις</span> <span class='ocrx_word' id='word_1_132' title='bbox 3692 709 3861 763; x_wconf 75' lang='grc' dir='ltr'>αὐτοῦ</span> <span class='ocrx_word' id='word_1_133' title='bbox 3882 710 4015 773; x_wconf 76' lang='grc'><strong>(57),</strong></span> 
     </span>
    </p>
   </div>
   <div class='ocr_carea' id='block_1_23' title="bbox 2427 798 4017 873">
    <p class='ocr_par' dir='ltr' id='par_1_23' title="bbox 2427 798 4017 873">
     <span class='ocr_line' id='line_1_23' title="bbox 2427 798 4017 873; baseline -0.002 -17"><span class='ocrx_word' id='word_1_134' title='bbox 2427 803 2494 873; x_wconf 77' lang='grc' dir='ltr'>ἣν</span> <span class='ocrx_word' id='word_1_135' title='bbox 2521 806 2549 856; x_wconf 85' lang='grc'>6</span> <span class='ocrx_word' id='word_1_136' title='bbox 2576 802 2741 865; x_wconf 78' lang='grc' dir='ltr'>ἵππος</span> <span class='ocrx_word' id='word_1_137' title='bbox 2768 800 2935 854; x_wconf 76' lang='grc' dir='ltr'>αὑτοῦ</span> <span class='ocrx_word' id='word_1_138' title='bbox 2966 800 3290 871; x_wconf 76' lang='grc' dir='ltr'>ύπερπηδᾷν</span> <span class='ocrx_word' id='word_1_139' title='bbox 3325 840 3339 853; x_wconf 95' lang='grc'><strong>.</strong></span> <span class='ocrx_word' id='word_1_140' title='bbox 3369 840 3383 855; x_wconf 93' lang='grc'><strong>.</strong></span> <span class='ocrx_word' id='word_1_141' title='bbox 3418 841 3433 856; x_wconf 94' lang='grc'><strong>.</strong></span> <span class='ocrx_word' id='word_1_142' title='bbox 3463 840 3478 853; x_wconf 91' lang='grc'>.</span> <span class='ocrx_word' id='word_1_143' title='bbox 3516 840 3531 855; x_wconf 92' lang='grc'><strong>.</strong></span> <span class='ocrx_word' id='word_1_144' title='bbox 3569 798 3763 853; x_wconf 87' lang='grc' dir='ltr'>τούτου</span> <span class='ocrx_word' id='word_1_145' title='bbox 3796 800 4017 853; x_wconf 78' lang='grc' dir='ltr'>διώκλαο</span> 
     </span>
    </p>
   </div>
   <div class='ocr_carea' id='block_1_24' title="bbox 2428 888 4019 963">
    <p class='ocr_par' dir='ltr' id='par_1_24' title="bbox 2428 888 4019 963">
     <span class='ocr_line' id='line_1_24' title="bbox 2428 888 4019 963; baseline -0.005 -17"><span class='ocrx_word' id='word_1_146' title='bbox 2428 892 2520 957; x_wconf 73' lang='grc' dir='ltr'>ξεν</span> <span class='ocrx_word' id='word_1_147' title='bbox 2549 892 2686 963; x_wconf 77' lang='grc'><strong>(58).</strong></span> <span class='ocrx_word' id='word_1_148' title='bbox 2716 890 2880 943; x_wconf 83' lang='grc' dir='ltr'>Ὀθεν</span> <span class='ocrx_word' id='word_1_149' title='bbox 2914 893 2942 943; x_wconf 98' lang='lat'><strong>6</strong></span> <span class='ocrx_word' id='word_1_150' title='bbox 2969 889 3069 956; x_wconf 83' lang='grc' dir='ltr'>μὲν</span> <span class='ocrx_word' id='word_1_151' title='bbox 3094 890 3403 960; x_wconf 83' lang='grc' dir='ltr'>Χρυσόχειρ</span> <span class='ocrx_word' id='word_1_152' title='bbox 3425 888 3523 941; x_wconf 84' lang='grc' dir='ltr'><strong>τοῦ</strong></span> <span class='ocrx_word' id='word_1_153' title='bbox 3550 888 3740 942; x_wconf 76' lang='grc' dir='ltr'>λοιποῦ</span> <span class='ocrx_word' id='word_1_154' title='bbox 3771 889 3908 959; x_wconf 81' lang='grc' dir='ltr'>όρᾷν</span> <span class='ocrx_word' id='word_1_155' title='bbox 3932 889 4019 939; x_wconf 81' lang='grc' dir='ltr'><strong>τὺν</strong></span> 
     </span>
    </p>
   </div>
   <div class='ocr_carea' id='block_1_25' title="bbox 2428 979 4019 1051">
    <p class='ocr_par' dir='ltr' id='par_1_25' title="bbox 2428 979 4019 1051">
     <span class='ocr_line' id='line_1_25' title="bbox 2428 979 4019 1051; baseline -0.002 -17"><span class='ocrx_word' id='word_1_156' title='bbox 2428 981 2741 1051; x_wconf 82' lang='grc' dir='ltr'>Πουλλάδην</span> <span class='ocrx_word' id='word_1_157' title='bbox 2792 980 2902 1032; x_wconf 78' lang='grc' dir='ltr'>οὐδ’</span> <span class='ocrx_word' id='word_1_158' title='bbox 2952 980 3092 1042; x_wconf 82' lang='grc' dir='ltr'>ὅλως</span> <span class='ocrx_word' id='word_1_159' title='bbox 3143 979 3485 1051; x_wconf 73' lang='grc' dir='ltr'>ἐφρόντιζεν,</span> <span class='ocrx_word' id='word_1_160' title='bbox 3542 980 3689 1050; x_wconf 76' lang='grc' dir='ltr'>ἑώρα</span> <span class='ocrx_word' id='word_1_161' title='bbox 3723 980 3782 1034; x_wconf 70' lang='grc' dir='ltr'>δὲ</span> <span class='ocrx_word' id='word_1_162' title='bbox 3818 981 4019 1050; x_wconf 80' lang='grc' dir='ltr'>μᾶλλον</span> 
     </span>
    </p>
   </div>
   <div class='ocr_carea' id='block_1_26' title="bbox 2427 1072 4018 1144">
    <p class='ocr_par' dir='ltr' id='par_1_26' title="bbox 2427 1072 4018 1144">
     <span class='ocr_line' id='line_1_26' title="bbox 2427 1072 4018 1144; baseline -0.001 -17"><span class='ocrx_word' id='word_1_163' title='bbox 2427 1074 2718 1127; x_wconf 79' lang='grc' dir='ltr'><strong>κατέναντι</strong></span> <span class='ocrx_word' id='word_1_164' title='bbox 2763 1072 2953 1138; x_wconf 81' lang='grc' dir='ltr'>αὑτοῦ,</span> <span class='ocrx_word' id='word_1_165' title='bbox 3015 1073 3103 1125; x_wconf 81' lang='grc' dir='ltr'>ἵνα</span> <span class='ocrx_word' id='word_1_166' title='bbox 3148 1073 3224 1142; x_wconf 72' lang='grc' dir='ltr'>μὴ</span> <span class='ocrx_word' id='word_1_167' title='bbox 3262 1072 3341 1142; x_wconf 82' lang='grc' dir='ltr'>τῷ</span> <span class='ocrx_word' id='word_1_168' title='bbox 3388 1075 3489 1143; x_wconf 81' lang='grc' dir='ltr'>τῆς</span> <span class='ocrx_word' id='word_1_169' title='bbox 3527 1073 3736 1142; x_wconf 76' lang='grc' dir='ltr'>τάφρου</span> <span class='ocrx_word' id='word_1_170' title='bbox 3795 1075 4018 1144; x_wconf 71' lang='grc' dir='ltr'>περιπέο</span> 
     </span>
    </p>
   </div>
   <div class='ocr_carea' id='block_1_27' title="bbox 2428 1162 4016 1234">
    <p class='ocr_par' dir='ltr' id='par_1_27' title="bbox 2428 1162 4016 1234">
     <span class='ocr_line' id='line_1_27' title="bbox 2428 1162 4016 1234; baseline 0.003 -19"><span class='ocrx_word' id='word_1_171' title='bbox 2428 1180 2573 1217; x_wconf 87' lang='grc' dir='ltr'>σειεν</span> <span class='ocrx_word' id='word_1_172' title='bbox 2604 1163 2718 1234; x_wconf 78' lang='grc'><strong>(59)</strong></span> <span class='ocrx_word' id='word_1_173' title='bbox 2749 1162 3010 1234; x_wconf 83' lang='grc' dir='ltr'>πτώματι</span> <span class='ocrx_word' id='word_1_174' title='bbox 3036 1179 3050 1194; x_wconf 89' lang='grc'><strong>·</strong></span> <span class='ocrx_word' id='word_1_175' title='bbox 3087 1163 3181 1216; x_wconf 75' lang='grc' dir='ltr'>καὶ</span> <span class='ocrx_word' id='word_1_176' title='bbox 3222 1162 3499 1234; x_wconf 80' lang='grc' dir='ltr'><strong>λαθραίως</strong></span> <span class='ocrx_word' id='word_1_177' title='bbox 3530 1163 3699 1217; x_wconf 75' lang='grc' dir='ltr'>αὑτὸν</span> <span class='ocrx_word' id='word_1_178' title='bbox 3723 1167 3752 1218; x_wconf 92' lang='lat'><strong>6</strong></span> <span class='ocrx_word' id='word_1_179' title='bbox 3778 1165 4016 1219; x_wconf 85' lang='grc' dir='ltr'>Πουλλά-</span> 
     </span>
    </p>
   </div>
   <div class='ocr_carea' id='block_1_28' title="bbox 2425 1253 4013 1329">
    <p class='ocr_par' dir='ltr' id='par_1_28' title="bbox 2425 1253 4013 1329">
     <span class='ocr_line' id='line_1_28' title="bbox 2425 1253 4013 1329; baseline 0.001 -22"><span class='ocrx_word' id='word_1_180' title='bbox 2425 1254 2523 1325; x_wconf 89' lang='grc' dir='ltr'><strong>δης</strong></span> <span class='ocrx_word' id='word_1_181' title='bbox 2551 1256 2691 1309; x_wconf 84' lang='grc' dir='ltr'>κατὰ</span> <span class='ocrx_word' id='word_1_182' title='bbox 2712 1254 2809 1325; x_wconf 76' lang='grc' dir='ltr'>τὴν</span> <span class='ocrx_word' id='word_1_183' title='bbox 2843 1255 3132 1326; x_wconf 79' lang='grc' dir='ltr'><strong>μασχάλην</strong></span> <span class='ocrx_word' id='word_1_184' title='bbox 3158 1254 3454 1327; x_wconf 76' lang='grc' dir='ltr'>τιτρώσκει</span> <span class='ocrx_word' id='word_1_185' title='bbox 3481 1257 3655 1328; x_wconf 83' lang='grc' dir='ltr'>κοντῷ</span> <span class='ocrx_word' id='word_1_186' title='bbox 3680 1257 3796 1329; x_wconf 73' lang='grc'><strong>(40)</strong></span> <span class='ocrx_word' id='word_1_187' title='bbox 3818 1273 3831 1284; x_wconf 91' lang='grc'><strong>·</strong></span> <span class='ocrx_word' id='word_1_188' title='bbox 3862 1253 3925 1311; x_wconf 69' lang='grc' dir='ltr'><strong>οἶδ</strong></span> <span class='ocrx_word' id='word_1_189' title='bbox 3953 1262 4013 1329; x_wconf 77' lang='grc' dir='ltr'>τῇ</span> 
     </span>
    </p>
   </div>
   <div class='ocr_carea' id='block_1_29' title="bbox 2427 1346 4010 1420">
    <p class='ocr_par' dir='ltr' id='par_1_29' title="bbox 2427 1346 4010 1420">
     <span class='ocr_line' id='line_1_29' title="bbox 2427 1346 4010 1420; baseline 0.003 -21"><span class='ocrx_word' id='word_1_190' title='bbox 2427 1346 2610 1417; x_wconf 73' lang='grc' dir='ltr'>πληγῇ</span> <span class='ocrx_word' id='word_1_191' title='bbox 2633 1346 3000 1418; x_wconf 75' lang='grc' dir='ltr'>ταραχθέντος</span> <span class='ocrx_word' id='word_1_192' title='bbox 3021 1349 3050 1401; x_wconf 90' lang='lat'><strong>6</strong></span> <span class='ocrx_word' id='word_1_193' title='bbox 3074 1349 3239 1411; x_wconf 84' lang='grc' dir='ltr'>ἵππος</span> <span class='ocrx_word' id='word_1_194' title='bbox 3271 1348 3595 1420; x_wconf 73' lang='grc' dir='ltr'>παρέσφηλέ</span> <span class='ocrx_word' id='word_1_195' title='bbox 3626 1367 3686 1403; x_wconf 87' lang='grc' dir='ltr'><strong>τε</strong></span> <span class='ocrx_word' id='word_1_196' title='bbox 3717 1352 3819 1405; x_wconf 72' lang='grc' dir='ltr'>καὶ</span> <span class='ocrx_word' id='word_1_197' title='bbox 3850 1352 4010 1404; x_wconf 71' lang='grc' dir='ltr'>αὑτὸν</span> 
     </span>
    </p>
   </div>
   <div class='ocr_carea' id='block_1_30' title="bbox 2428 1436 4012 1512">
    <p class='ocr_par' dir='ltr' id='par_1_30' title="bbox 2428 1436 4012 1512">
     <span class='ocr_line' id='line_1_30' title="bbox 2428 1436 4012 1512; baseline 0.002 -20"><span class='ocrx_word' id='word_1_198' title='bbox 2428 1440 2864 1511; x_wconf 83' lang='grc' dir='ltr'>ἀπεκρήμνισεν.</span> <span class='ocrx_word' id='word_1_199' title='bbox 2914 1439 3178 1503; x_wconf 78' lang='grc' dir='ltr'>Κατασὰς</span> <span class='ocrx_word' id='word_1_200' title='bbox 3206 1436 3301 1493; x_wconf 81' lang='grc' dir='ltr'>οὖν</span> <span class='ocrx_word' id='word_1_201' title='bbox 3332 1442 3361 1494; x_wconf 89' lang='lat'><strong>6</strong></span> <span class='ocrx_word' id='word_1_202' title='bbox 3390 1440 3499 1493; x_wconf 85' lang='grc' dir='ltr'><strong>τῶν</strong></span> <span class='ocrx_word' id='word_1_203' title='bbox 3542 1441 3679 1512; x_wconf 82' lang='grc' dir='ltr'>πρὸς</span> <span class='ocrx_word' id='word_1_204' title='bbox 3710 1441 4012 1512; x_wconf 79' lang='grc' dir='ltr'>θεραπείαν</span> 
     </span>
    </p>
   </div>
   <div class='ocr_carea' id='block_1_31' title="bbox 2427 1526 4013 1605">
    <p class='ocr_par' dir='ltr' id='par_1_31' title="bbox 2427 1526 4013 1605">
     <span class='ocr_line' id='line_1_31' title="bbox 2427 1526 4013 1605; baseline -0.001 -17"><span class='ocrx_word' id='word_1_205' title='bbox 2427 1533 2593 1588; x_wconf 74' lang='grc' dir='ltr'>αὐτοῦ</span> <span class='ocrx_word' id='word_1_206' title='bbox 2654 1534 3012 1598; x_wconf 80' lang='grc' dir='ltr'>οἰκειότατος,</span> <span class='ocrx_word' id='word_1_207' title='bbox 3064 1526 3110 1602; x_wconf 80' lang='grc' dir='ltr'>ᾧ</span> <span class='ocrx_word' id='word_1_208' title='bbox 3137 1534 3183 1565; x_wconf 83' lang='grc'><strong>⁸⁸</strong></span> <span class='ocrx_word' id='word_1_209' title='bbox 3229 1533 3586 1604; x_wconf 80' lang='grc' dir='ltr'>Διακονίτζης</span> <span class='ocrx_word' id='word_1_210' title='bbox 3614 1533 3675 1587; x_wconf 77' lang='grc' dir='ltr'>τὸ</span> <span class='ocrx_word' id='word_1_211' title='bbox 3704 1534 4013 1605; x_wconf 74' lang='grc' dir='ltr'>φημιζόμεο</span> 
     </span>
    </p>
   </div>
   <div class='ocr_carea' id='block_1_32' title="bbox 2429 1625 4013 1698">
    <p class='ocr_par' dir='ltr' id='par_1_32' title="bbox 2429 1625 4013 1698">
     <span class='ocr_line' id='line_1_32' title="bbox 2429 1625 4013 1698; baseline -0.001 -19"><span class='ocrx_word' id='word_1_212' title='bbox 2429 1644 2518 1680; x_wconf 92' lang='grc' dir='ltr'><strong>νον</strong></span> <span class='ocrx_word' id='word_1_213' title='bbox 2549 1625 2663 1695; x_wconf 75' lang='grc'><strong>(41)</strong></span> <span class='ocrx_word' id='word_1_214' title='bbox 2714 1626 2795 1697; x_wconf 78' lang='grc' dir='ltr'><strong>(ὃν</strong></span> <span class='ocrx_word' id='word_1_215' title='bbox 2840 1626 2993 1679; x_wconf 82' lang='grc' dir='ltr'><strong>Λέων</strong></span> <span class='ocrx_word' id='word_1_216' title='bbox 3026 1628 3054 1680; x_wconf 92' lang='lat'><strong>6</strong></span> <span class='ocrx_word' id='word_1_217' title='bbox 3086 1626 3331 1698; x_wconf 73' lang='grc' dir='ltr'><strong>ἀοίδιμος</strong></span> <span class='ocrx_word' id='word_1_218' title='bbox 3370 1626 3624 1697; x_wconf 76' lang='grc' dir='ltr'>βασιλεὺς</span> <span class='ocrx_word' id='word_1_219' title='bbox 3653 1626 4013 1679; x_wconf 78' lang='grc' dir='ltr'>ἁλλοιωθέντα</span> 
     </span>
    </p>
   </div>
   <div class='ocr_carea' id='block_1_33' title="bbox 2426 1718 4011 1790">
    <p class='ocr_par' dir='ltr' id='par_1_33' title="bbox 2426 1718 4011 1790">
     <span class='ocr_line' id='line_1_33' title="bbox 2426 1718 4011 1790; baseline 0.003 -21"><span class='ocrx_word' id='word_1_220' title='bbox 2426 1718 2527 1787; x_wconf 77' lang='grc' dir='ltr'><strong>τὴν</strong></span> <span class='ocrx_word' id='word_1_221' title='bbox 2548 1719 2685 1789; x_wconf 80' lang='grc' dir='ltr'>πρὸς</span> <span class='ocrx_word' id='word_1_222' title='bbox 2706 1718 2767 1773; x_wconf 81' lang='grc' dir='ltr'>τὸ</span> <span class='ocrx_word' id='word_1_223' title='bbox 2793 1721 3041 1790; x_wconf 77' lang='grc' dir='ltr'>κρεῖττον</span> <span class='ocrx_word' id='word_1_224' title='bbox 3060 1718 3348 1774; x_wconf 79' lang='grc' dir='ltr'>ἀλλοίωσιν</span> <span class='ocrx_word' id='word_1_225' title='bbox 3375 1720 3443 1773; x_wconf 82' lang='grc' dir='ltr'>ὲκ</span> <span class='ocrx_word' id='word_1_226' title='bbox 3470 1718 3573 1789; x_wconf 83' lang='grc' dir='ltr'>τῆς</span> <span class='ocrx_word' id='word_1_227' title='bbox 3602 1720 3859 1790; x_wconf 72' lang='grc' dir='ltr'>μυσαράς</span> <span class='ocrx_word' id='word_1_228' title='bbox 3881 1719 4011 1790; x_wconf 80' lang='grc' dir='ltr'>θρη-</span> 
     </span>
    </p>
   </div>
   <div class='ocr_carea' id='block_1_34' title="bbox 2429 1809 4001 1883">
    <p class='ocr_par' dir='ltr' id='par_1_34' title="bbox 2429 1809 4001 1883">
     <span class='ocr_line' id='line_1_34' title="bbox 2429 1809 4001 1883; baseline 0 -20"><span class='ocrx_word' id='word_1_229' title='bbox 2429 1809 2617 1875; x_wconf 85' lang='grc' dir='ltr'>σκείας</span> <span class='ocrx_word' id='word_1_230' title='bbox 2646 1809 2757 1864; x_wconf 83' lang='grc' dir='ltr'><strong>τῶν</strong></span> <span class='ocrx_word' id='word_1_231' title='bbox 2786 1810 3220 1877; x_wconf 81' lang='grc' dir='ltr'>Παυλιανιστῶν,</span> <span class='ocrx_word' id='word_1_232' title='bbox 3243 1812 3661 1883; x_wconf 80' lang='grc' dir='ltr'>προεχειρίσατο</span> <span class='ocrx_word' id='word_1_233' title='bbox 3694 1812 4001 1883; x_wconf 73' lang='grc' dir='ltr'>μηνσουρα-</span> 
     </span>
    </p>
   </div>
   <div class='ocr_carea' id='block_1_35' title="bbox 2352 1887 4003 1975">
    <p class='ocr_par' dir='ltr' id='par_1_35' title="bbox 2352 1887 4003 1975">
     <span class='ocr_line' id='line_1_35' title="bbox 2352 1887 4003 1975; baseline -0.001 -18"><span class='ocrx_word' id='word_1_234' title='bbox 2352 1887 2393 1941; x_wconf 77' lang='grc' dir='ltr'>Β</span> <span class='ocrx_word' id='word_1_235' title='bbox 2422 1920 2575 1974; x_wconf 85' lang='grc' dir='ltr'>τωρα</span> <span class='ocrx_word' id='word_1_236' title='bbox 2597 1903 2668 1969; x_wconf 79' lang='grc'><strong>⁸⁷,</strong></span> <span class='ocrx_word' id='word_1_237' title='bbox 2705 1903 2843 1974; x_wconf 84' lang='grc' dir='ltr'>ὅπερ</span> <span class='ocrx_word' id='word_1_238' title='bbox 2892 1906 3043 1972; x_wconf 81' lang='grc' dir='ltr'>φωνῇ</span> <span class='ocrx_word' id='word_1_239' title='bbox 3086 1902 3375 1973; x_wconf 85' lang='grc' dir='ltr'>Ῥωμαίων</span> <span class='ocrx_word' id='word_1_240' title='bbox 3422 1902 3568 1958; x_wconf 76' lang='grc' dir='ltr'>οὕτω</span> <span class='ocrx_word' id='word_1_241' title='bbox 3603 1904 4003 1975; x_wconf 78' lang='grc' dir='ltr'>προσαγορεύε-</span> 
     </span>
    </p>
   </div>
   <div class='ocr_carea' id='block_1_36' title="bbox 735 1988 4005 2070">
    <p class='ocr_par' dir='ltr' id='par_1_36' title="bbox 735 1988 4005 2070">
     <span class='ocr_line' id='line_1_36' title="bbox 735 1988 4005 2070; baseline 0.001 -24"><span class='ocrx_word' id='word_1_242' title='bbox 735 1992 878 2063; x_wconf 80' lang='grc' dir='ltr'>ται),</span> <span class='ocrx_word' id='word_1_243' title='bbox 912 1995 1005 2047; x_wconf 68' lang='grc' dir='ltr'><strong>καὶ</strong></span> <span class='ocrx_word' id='word_1_244' title='bbox 1040 1993 1232 2047; x_wconf 86' lang='grc' dir='ltr'>τούτου</span> <span class='ocrx_word' id='word_1_245' title='bbox 1268 1992 1369 2065; x_wconf 78' lang='grc' dir='ltr'>τὴν</span> <span class='ocrx_word' id='word_1_246' title='bbox 1408 1993 1651 2067; x_wconf 75' lang='grc' dir='ltr'>κεφαλὴν</span> <span class='ocrx_word' id='word_1_247' title='bbox 1676 1994 1949 2065; x_wconf 79' lang='grc' dir='ltr'>βαστάεας</span> <span class='ocrx_word' id='word_1_248' title='bbox 1970 1996 2169 2066; x_wconf 77' lang='grc' dir='ltr'>ἠξίωσε</span> <span class='ocrx_word' id='word_1_249' title='bbox 2209 1998 2436 2067; x_wconf 81' lang='grc' dir='ltr'>κομιδῆς</span> <span class='ocrx_word' id='word_1_250' title='bbox 2504 1998 2709 2070; x_wconf 85' lang='grc' dir='ltr'>ταύτην</span> <span class='ocrx_word' id='word_1_251' title='bbox 2777 1998 2956 2063; x_wconf 69' lang='grc' dir='ltr'>ενθεὶς</span> <span class='ocrx_word' id='word_1_252' title='bbox 2984 2000 3098 2061; x_wconf 81' lang='grc' dir='ltr'>τοῖς</span> <span class='ocrx_word' id='word_1_253' title='bbox 3126 1996 3293 2051; x_wconf 76' lang='grc' dir='ltr'>αὑτοῦ</span> <span class='ocrx_word' id='word_1_254' title='bbox 3318 1998 3572 2066; x_wconf 82' lang='grc' dir='ltr'>γόνασιν·</span> <span class='ocrx_word' id='word_1_255' title='bbox 3614 1999 3674 2051; x_wconf 81' lang='grc' dir='ltr'>ὃν</span> <span class='ocrx_word' id='word_1_256' title='bbox 3700 1988 4005 2069; x_wconf 74' lang='grc' dir='ltr'>εὑρηκότες</span> 
     </span>
    </p>
   </div>
   <div class='ocr_carea' id='block_1_37' title="bbox 737 2092 4005 2167">
    <p class='ocr_par' dir='ltr' id='par_1_37' title="bbox 737 2092 4005 2167">
     <span class='ocr_line' id='line_1_37' title="bbox 737 2092 4005 2167; baseline 0 -22"><span class='ocrx_word' id='word_1_257' title='bbox 737 2095 787 2145; x_wconf 81' lang='grc' dir='ltr'>οἱ</span> <span class='ocrx_word' id='word_1_258' title='bbox 854 2092 1223 2162; x_wconf 77' lang='grc' dir='ltr'>στρατηλάται</span> <span class='ocrx_word' id='word_1_259' title='bbox 1276 2092 1541 2162; x_wconf 82' lang='grc' dir='ltr'>κατέσχον</span> <span class='ocrx_word' id='word_1_260' title='bbox 1593 2093 1689 2146; x_wconf 74' lang='grc' dir='ltr'>καὶ</span> <span class='ocrx_word' id='word_1_261' title='bbox 1739 2093 2094 2164; x_wconf 79' lang='grc' dir='ltr'>διατεμόντες</span> <span class='ocrx_word' id='word_1_262' title='bbox 2141 2094 2317 2166; x_wconf 77' lang='grc' dir='ltr'>αὐτὴν</span> <span class='ocrx_word' id='word_1_263' title='bbox 2351 2094 2757 2167; x_wconf 85' lang='grc' dir='ltr'>σπουδαίωςτῷ</span> <span class='ocrx_word' id='word_1_264' title='bbox 2786 2094 3099 2163; x_wconf 84' lang='grc' dir='ltr'>θεοστέπτῳ</span> <span class='ocrx_word' id='word_1_265' title='bbox 3122 2094 3320 2150; x_wconf 74' lang='grc' dir='ltr'>ἄνακτι</span> <span class='ocrx_word' id='word_1_266' title='bbox 3352 2093 3620 2165; x_wconf 80' lang='grc' dir='ltr'>Βασιλείῳ</span> <span class='ocrx_word' id='word_1_267' title='bbox 3681 2095 3760 2159; x_wconf 88' lang='grc' dir='ltr'><strong>ώς</strong></span> <span class='ocrx_word' id='word_1_268' title='bbox 3838 2094 4005 2166; x_wconf 83' lang='grc' dir='ltr'>δῶρον</span> 
     </span>
    </p>
   </div>
   <div class='ocr_carea' id='block_1_38' title="bbox 737 2184 1225 2253">
    <p class='ocr_par' dir='ltr' id='par_1_38' title="bbox 737 2184 1225 2253">
     <span class='ocr_line' id='line_1_38' title="bbox 737 2184 1225 2253; baseline 0.004 -16"><span class='ocrx_word' id='word_1_269' title='bbox 737 2184 1063 2253; x_wconf 77' lang='grc' dir='ltr'>ἀνέπεμψαν</span> <span class='ocrx_word' id='word_1_270' title='bbox 1093 2184 1225 2253; x_wconf 72' lang='grc'><strong>(42).</strong></span> 
     </span>
    </p>
   </div>
   <div class='ocr_carea' id='block_1_39' title="bbox 810 2279 2327 2356">
    <p class='ocr_par' dir='ltr' id='par_1_39' title="bbox 810 2279 2327 2356">
     <span class='ocr_line' id='line_1_39' title="bbox 810 2279 2327 2356; baseline 0.005 -23"><span class='ocrx_word' id='word_1_271' title='bbox 810 2279 941 2335; x_wconf 80' lang='lat' dir='ltr'><strong>Erat</strong></span> <span class='ocrx_word' id='word_1_272' title='bbox 970 2291 1156 2337; x_wconf 86' lang='lat' dir='ltr'><strong>autem</strong></span> <span class='ocrx_word' id='word_1_273' title='bbox 1182 2282 1237 2336; x_wconf 88' lang='lat' dir='ltr'><strong>in</strong></span> <span class='ocrx_word' id='word_1_274' title='bbox 1263 2283 1501 2351; x_wconf 90' lang='lat' dir='ltr'><strong>publicis</strong></span> <span class='ocrx_word' id='word_1_275' title='bbox 1518 2283 1822 2339; x_wconf 89' lang='lat' dir='ltr'><strong>commodis</strong></span> <span class='ocrx_word' id='word_1_276' title='bbox 1844 2292 1901 2339; x_wconf 92' lang='lat' dir='ltr'><strong>et</strong></span> <span class='ocrx_word' id='word_1_277' title='bbox 1932 2285 2068 2355; x_wconf 84' lang='lat' dir='ltr'><strong>reip.</strong></span> <span class='ocrx_word' id='word_1_278' title='bbox 2091 2285 2327 2356; x_wconf 83' lang='lat' dir='ltr'><strong>negotiis</strong></span> 
     </span>
    </p>
   </div>
   <div class='ocr_carea' id='block_1_40' title="bbox 737 2372 2328 2448">
    <p class='ocr_par' dir='ltr' id='par_1_40' title="bbox 737 2372 2328 2448">
     <span class='ocr_line' id='line_1_40' title="bbox 737 2372 2328 2448; baseline 0.003 -21"><span class='ocrx_word' id='word_1_279' title='bbox 737 2372 1002 2428; x_wconf 86' lang='lat' dir='ltr'><strong>curandis</strong></span> <span class='ocrx_word' id='word_1_280' title='bbox 1050 2374 1345 2443; x_wconf 89' lang='lat' dir='ltr'><strong>imperator</strong></span> <span class='ocrx_word' id='word_1_281' title='bbox 1382 2375 1863 2445; x_wconf 86' lang='lat' dir='ltr'><strong>diligentissimus,</strong></span> <span class='ocrx_word' id='word_1_282' title='bbox 1902 2377 2328 2448; x_wconf 38' lang='lat' dir='ltr'><strong>cumvplurimas</strong></span> 
     </span>
    </p>
   </div>
   <div class='ocr_carea' id='block_1_41' title="bbox 738 2466 2327 2541">
    <p class='ocr_par' dir='ltr' id='par_1_41' title="bbox 738 2466 2327 2541">
     <span class='ocr_line' id='line_1_41' title="bbox 738 2466 2327 2541; baseline 0.003 -21"><span class='ocrx_word' id='word_1_283' title='bbox 738 2481 828 2521; x_wconf 90' lang='lat' dir='ltr'><strong>res</strong></span> <span class='ocrx_word' id='word_1_284' title='bbox 864 2475 1115 2535; x_wconf 78' lang='lat' dir='ltr'><strong>gereret,</strong></span> <span class='ocrx_word' id='word_1_285' title='bbox 1150 2466 1225 2520; x_wconf 90' lang='lat' dir='ltr'><strong>ita</strong></span> <span class='ocrx_word' id='word_1_286' title='bbox 1259 2476 1317 2521; x_wconf 90' lang='lat' dir='ltr'><strong>ut</strong></span> <span class='ocrx_word' id='word_1_287' title='bbox 1352 2477 1599 2538; x_wconf 88' lang='lat' dir='ltr'><strong>tempore</strong></span> <span class='ocrx_word' id='word_1_288' title='bbox 1621 2470 1820 2539; x_wconf 90' lang='lat' dir='ltr'><strong>jejunii</strong></span> <span class='ocrx_word' id='word_1_289' title='bbox 1869 2470 1925 2525; x_wconf 92' lang='lat' dir='ltr'><strong>in</strong></span> <span class='ocrx_word' id='word_1_290' title='bbox 1962 2471 2083 2541; x_wconf 81' lang='lat' dir='ltr'><strong>ejus</strong></span> <span class='ocrx_word' id='word_1_291' title='bbox 2118 2469 2327 2525; x_wconf 88' lang='lat' dir='ltr'><strong>hebdo-</strong></span> 
     </span>
    </p>
   </div>
   <div class='ocr_carea' id='block_1_42' title="bbox 737 2560 2325 2633">
    <p class='ocr_par' dir='ltr' id='par_1_42' title="bbox 737 2560 2325 2633">
     <span class='ocr_line' id='line_1_42' title="bbox 737 2560 2325 2633; baseline 0.003 -18"><span class='ocrx_word' id='word_1_292' title='bbox 737 2560 993 2617; x_wconf 78' lang='lat' dir='ltr'><strong>madibus</strong></span> <span class='ocrx_word' id='word_1_293' title='bbox 1016 2570 1141 2631; x_wconf 91' lang='lat' dir='ltr'><strong>post</strong></span> <span class='ocrx_word' id='word_1_294' title='bbox 1171 2562 1475 2617; x_wconf 86' lang='lat' dir='ltr'><strong>discessum</strong></span> <span class='ocrx_word' id='word_1_295' title='bbox 1502 2573 1821 2619; x_wconf 84' lang='lat' dir='ltr'><strong>senatorum</strong></span> <span class='ocrx_word' id='word_1_296' title='bbox 1856 2580 1921 2619; x_wconf 81' lang='lat' dir='ltr'><strong>ex</strong></span> <span class='ocrx_word' id='word_1_297' title='bbox 1948 2565 2118 2633; x_wconf 84' lang='lat' dir='ltr'><strong>regia,</strong></span> <span class='ocrx_word' id='word_1_298' title='bbox 2147 2566 2325 2619; x_wconf 89' lang='lat' dir='ltr'><strong>intra-</strong></span> 
     </span>
    </p>
   </div>
   <div class='ocr_carea' id='block_1_43' title="bbox 737 2653 2325 2727">
    <p class='ocr_par' dir='ltr' id='par_1_43' title="bbox 737 2653 2325 2727">
     <span class='ocr_line' id='line_1_43' title="bbox 737 2653 2325 2727; baseline 0.003 -20"><span class='ocrx_word' id='word_1_299' title='bbox 737 2663 822 2707; x_wconf 87' lang='lat' dir='ltr'><strong>ret</strong></span> <span class='ocrx_word' id='word_1_300' title='bbox 859 2653 917 2707; x_wconf 92' lang='lat' dir='ltr'><strong>in</strong></span> <span class='ocrx_word' id='word_1_301' title='bbox 964 2664 1262 2719; x_wconf 89' lang='lat' dir='ltr'><strong>secretum,</strong></span> <span class='ocrx_word' id='word_1_302' title='bbox 1308 2654 1402 2709; x_wconf 92' lang='lat' dir='ltr'><strong>ubi</strong></span> <span class='ocrx_word' id='word_1_303' title='bbox 1454 2656 1740 2727; x_wconf 76' lang='lat' dir='ltr'><strong>vectigalia</strong></span> <span class='ocrx_word' id='word_1_304' title='bbox 1774 2666 1831 2711; x_wconf 90' lang='lat' dir='ltr'><strong>et</strong></span> <span class='ocrx_word' id='word_1_305' title='bbox 1867 2657 2077 2711; x_wconf 87' lang='lat' dir='ltr'><strong>reditus</strong></span> <span class='ocrx_word' id='word_1_306' title='bbox 2115 2656 2325 2727; x_wconf 89' lang='lat' dir='ltr'><strong>publici</strong></span> 
     </span>
    </p>
   </div>
   <div class='ocr_carea' id='block_1_44' title="bbox 738 2746 2322 2821">
    <p class='ocr_par' dir='ltr' id='par_1_44' title="bbox 738 2746 2322 2821">
     <span class='ocr_line' id='line_1_44' title="bbox 738 2746 2322 2821; baseline 0.002 -20"><span class='ocrx_word' id='word_1_307' title='bbox 738 2746 1074 2816; x_wconf 73' lang='lat' dir='ltr'><strong>Colligunlur</strong></span> <span class='ocrx_word' id='word_1_308' title='bbox 1096 2764 1111 2812; x_wconf 91' lang='lat'><strong>;</strong></span> <span class='ocrx_word' id='word_1_309' title='bbox 1135 2763 1367 2818; x_wconf 67' lang='lat' dir='ltr'><strong>quaque</strong></span> <span class='ocrx_word' id='word_1_310' title='bbox 1386 2746 1461 2803; x_wconf 92' lang='lat' dir='ltr'><strong>ibi</strong></span> <span class='ocrx_word' id='word_1_311' title='bbox 1488 2748 1892 2821; x_wconf 84' lang='lat' dir='ltr'><strong>intervenirent</strong></span> <span class='ocrx_word' id='word_1_312' title='bbox 1911 2749 2322 2817; x_wconf 67' lang='lat' dir='ltr'><strong>controversiae,</strong></span> 
     </span>
    </p>
   </div>
   <div class='ocr_carea' id='block_1_45' title="bbox 735 2834 1911 2907">
    <p class='ocr_par' dir='ltr' id='par_1_45' title="bbox 735 2834 1911 2907">
     <span class='ocr_line' id='line_1_45' title="bbox 735 2834 1911 2907; baseline 0.007 -17"><span class='ocrx_word' id='word_1_313' title='bbox 735 2851 832 2892; x_wconf 88' lang='lat' dir='ltr'><strong>eas</strong></span> <span class='ocrx_word' id='word_1_314' title='bbox 870 2837 1230 2907; x_wconf 87' lang='lat' dir='ltr'><strong>dijudicaret.</strong></span> <span class='ocrx_word' id='word_1_315' title='bbox 1904 2834 1911 2843; x_wconf 36' lang='grc'><strong>““</strong></span> 
     </span>
    </p>
   </div>
   <div class='ocr_carea' id='block_1_46' title="bbox 809 3015 2326 3089">
    <p class='ocr_par' dir='ltr' id='par_1_46' title="bbox 809 3015 2326 3089">
     <span class='ocr_line' id='line_1_46' title="bbox 809 3015 2326 3089; baseline 0.003 -20"><span class='ocrx_word' id='word_1_316' title='bbox 809 3015 867 3070; x_wconf 85' lang='grc' dir='ltr'><strong>ιη</strong></span> <span class='ocrx_word' id='word_1_317' title='bbox 900 3016 1195 3070; x_wconf 88' lang='lat' dir='ltr'><strong>venatione</strong></span> <span class='ocrx_word' id='word_1_318' title='bbox 1229 3031 1395 3085; x_wconf 92' lang='lat' dir='ltr'><strong>porro</strong></span> <span class='ocrx_word' id='word_1_319' title='bbox 1426 3024 1482 3070; x_wconf 90' lang='lat' dir='ltr'><strong>et</strong></span> <span class='ocrx_word' id='word_1_320' title='bbox 1510 3032 1619 3086; x_wconf 77' lang='lat' dir='ltr'><strong>p..a</strong></span> <span class='ocrx_word' id='word_1_321' title='bbox 1663 3024 1718 3071; x_wconf 92' lang='lat' dir='ltr'><strong>et</strong></span> <span class='ocrx_word' id='word_1_322' title='bbox 1760 3032 1991 3071; x_wconf 88' lang='lat' dir='ltr'><strong>onerum</strong></span> <span class='ocrx_word' id='word_1_323' title='bbox 2023 3019 2326 3089; x_wconf 88' lang='lat' dir='ltr'><strong>gestatione</strong></span> 
     </span>
    </p>
   </div>
   <div class='ocr_carea' id='block_1_47' title="bbox 737 3105 2325 3177">
    <p class='ocr_par' dir='ltr' id='par_1_47' title="bbox 737 3105 2325 3177">
     <span class='ocr_line' id='line_1_47' title="bbox 737 3105 2325 3177; baseline 0.003 -18"><span class='ocrx_word' id='word_1_324' title='bbox 737 3105 1043 3159; x_wconf 88' lang='lat' dir='ltr'><strong>ctsaltibus</strong></span> <span class='ocrx_word' id='word_1_325' title='bbox 1058 3107 1285 3159; x_wconf 89' lang='lat' dir='ltr'><strong>omnino</strong></span> <span class='ocrx_word' id='word_1_326' title='bbox 1310 3106 1617 3161; x_wconf 78' lang='lat' dir='ltr'><strong>excellebat</strong></span> <span class='ocrx_word' id='word_1_327' title='bbox 1643 3106 1877 3161; x_wconf 82' lang='lat' dir='ltr'><strong>Basilius</strong></span> <span class='ocrx_word' id='word_1_328' title='bbox 1904 3106 2226 3177; x_wconf 88' lang='lat' dir='ltr'><strong>imperator,</strong></span> <span class='ocrx_word' id='word_1_329' title='bbox 2250 3109 2325 3163; x_wconf 87' lang='lat' dir='ltr'><strong>ita</strong></span> 
     </span>
    </p>
   </div>
   <div class='ocr_carea' id='block_1_48' title="bbox 739 3196 2323 3268">
    <p class='ocr_par' dir='ltr' id='par_1_48' title="bbox 739 3196 2323 3268">
     <span class='ocr_line' id='line_1_48' title="bbox 739 3196 2323 3268; baseline 0.001 -17"><span class='ocrx_word' id='word_1_330' title='bbox 739 3211 799 3252; x_wconf 91' lang='lat' dir='ltr'><strong>ut</strong></span> <span class='ocrx_word' id='word_1_331' title='bbox 830 3199 882 3253; x_wconf 92' lang='lat' dir='ltr'><strong>in</strong></span> <span class='ocrx_word' id='word_1_332' title='bbox 916 3198 1205 3253; x_wconf 88' lang='lat' dir='ltr'><strong>venatione</strong></span> <span class='ocrx_word' id='word_1_333' title='bbox 1238 3207 1526 3268; x_wconf 85' lang='lat' dir='ltr'><strong>superaret</strong></span> <span class='ocrx_word' id='word_1_334' title='bbox 1549 3196 1877 3264; x_wconf 85' lang='lat' dir='ltr'><strong>Centauros,</strong></span> <span class='ocrx_word' id='word_1_335' title='bbox 1894 3198 1947 3253; x_wconf 87' lang='lat' dir='ltr'><strong>in</strong></span> <span class='ocrx_word' id='word_1_336' title='bbox 1976 3198 2085 3268; x_wconf 86' lang='lat' dir='ltr'><strong>pila</strong></span> <span class='ocrx_word' id='word_1_337' title='bbox 2111 3199 2323 3254; x_wconf 78' lang='lat' dir='ltr'><strong>Alcinoi</strong></span> 
     </span>
    </p>
   </div>
   <div class='ocr_carea' id='block_1_49' title="bbox 739 3289 2325 3361">
    <p class='ocr_par' dir='ltr' id='par_1_49' title="bbox 739 3289 2325 3361">
     <span class='ocr_line' id='line_1_49' title="bbox 739 3289 2325 3361; baseline 0.002 -17"><span class='ocrx_word' id='word_1_338' title='bbox 739 3292 883 3361; x_wconf 85' lang='lat' dir='ltr'><strong>regis</strong></span> <span class='ocrx_word' id='word_1_339' title='bbox 906 3292 1144 3361; x_wconf 90' lang='lat' dir='ltr'><strong>juvenes</strong></span> <span class='ocrx_word' id='word_1_340' title='bbox 1176 3290 1285 3359; x_wconf 87' lang='lat' dir='ltr'><strong>pila</strong></span> <span class='ocrx_word' id='word_1_341' title='bbox 1316 3290 1573 3345; x_wconf 90' lang='lat' dir='ltr'><strong>ludentes</strong></span> <span class='ocrx_word' id='word_1_342' title='bbox 1605 3289 1893 3355; x_wconf 89' lang='lat' dir='ltr'><strong>vinceret,</strong></span> <span class='ocrx_word' id='word_1_343' title='bbox 1939 3292 1995 3346; x_wconf 92' lang='lat' dir='ltr'><strong>in</strong></span> <span class='ocrx_word' id='word_1_344' title='bbox 2021 3291 2171 3346; x_wconf 86' lang='lat' dir='ltr'><strong>lucta</strong></span> <span class='ocrx_word' id='word_1_345' title='bbox 2200 3293 2325 3348; x_wconf 76' lang='lat' dir='ltr'><strong>Ari—</strong></span> 
     </span>
    </p>
   </div>
   <div class='ocr_carea' id='block_1_50' title="bbox 738 3380 2323 3453">
    <p class='ocr_par' dir='ltr' id='par_1_50' title="bbox 738 3380 2323 3453">
     <span class='ocr_line' id='line_1_50' title="bbox 738 3380 2323 3453; baseline 0.003 -18"><span class='ocrx_word' id='word_1_346' title='bbox 738 3392 873 3437; x_wconf 77' lang='lat' dir='ltr'><strong>stzno</strong></span> <span class='ocrx_word' id='word_1_347' title='bbox 900 3392 957 3436; x_wconf 92' lang='lat' dir='ltr'><strong>et</strong></span> <span class='ocrx_word' id='word_1_348' title='bbox 994 3380 1166 3435; x_wconf 64' lang='lat' dir='ltr'><strong>Aiace</strong></span> <span class='ocrx_word' id='word_1_349' title='bbox 1198 3380 1471 3435; x_wconf 85' lang='lat' dir='ltr'><strong>valentior</strong></span> <span class='ocrx_word' id='word_1_350' title='bbox 1508 3381 1723 3452; x_wconf 90' lang='lat' dir='ltr'><strong>ipsique</strong></span> <span class='ocrx_word' id='word_1_351' title='bbox 1755 3380 1978 3437; x_wconf 85' lang='lat' dir='ltr'><strong>Herculi</strong></span> <span class='ocrx_word' id='word_1_352' title='bbox 2021 3398 2119 3453; x_wconf 93' lang='lat' dir='ltr'><strong>par</strong></span> <span class='ocrx_word' id='word_1_353' title='bbox 2152 3391 2323 3450; x_wconf 80' lang='lat' dir='ltr'><strong>esset,</strong></span> 
     </span>
    </p>
   </div>
   <div class='ocr_carea' id='block_1_51' title="bbox 736 3473 2330 3545">
    <p class='ocr_par' dir='ltr' id='par_1_51' title="bbox 736 3473 2330 3545">
     <span class='ocr_line' id='line_1_51' title="bbox 736 3473 2330 3545; baseline 0.001 -15"><span class='ocrx_word' id='word_1_354' title='bbox 736 3484 1096 3545; x_wconf 64' lang='lat' dir='ltr'><strong>praverteret</strong></span> <span class='ocrx_word' id='word_1_355' title='bbox 1150 3474 1383 3528; x_wconf 86' lang='lat' dir='ltr'><strong>saltibus</strong></span> <span class='ocrx_word' id='word_1_356' title='bbox 1431 3473 1720 3539; x_wconf 86' lang='lat' dir='ltr'><strong>Achillem,</strong></span> <span class='ocrx_word' id='word_1_357' title='bbox 1763 3481 1927 3543; x_wconf 91' lang='lat' dir='ltr'><strong>atque</strong></span> <span class='ocrx_word' id='word_1_358' title='bbox 1966 3473 2021 3528; x_wconf 94' lang='lat' dir='ltr'><strong>in</strong></span> <span class='ocrx_word' id='word_1_359' title='bbox 2071 3475 2330 3532; x_wconf 88' lang='lat' dir='ltr'><strong>tollendis</strong></span> 
     </span>
    </p>
   </div>
   <div class='ocr_carea' id='block_1_52' title="bbox 738 3565 2329 3639">
    <p class='ocr_par' dir='ltr' id='par_1_52' title="bbox 738 3565 2329 3639">
     <span class='ocr_line' id='line_1_52' title="bbox 738 3565 2329 3639; baseline 0.001 -19"><span class='ocrx_word' id='word_1_360' title='bbox 738 3568 898 3639; x_wconf 80' lang='lat' dir='ltr'><strong>facile</strong></span> <span class='ocrx_word' id='word_1_361' title='bbox 930 3583 1093 3620; x_wconf 92' lang='lat' dir='ltr'><strong>manu</strong></span> <span class='ocrx_word' id='word_1_362' title='bbox 1130 3565 1395 3621; x_wconf 90' lang='lat' dir='ltr'><strong>oneribus</strong></span> <span class='ocrx_word' id='word_1_363' title='bbox 1417 3566 1649 3620; x_wconf 92' lang='lat' dir='ltr'><strong>multum</strong></span> <span class='ocrx_word' id='word_1_364' title='bbox 1681 3575 1969 3636; x_wconf 61' lang='lat' dir='ltr'><strong>praestaret</strong></span> <span class='ocrx_word' id='word_1_365' title='bbox 1992 3565 2329 3631; x_wconf 85' lang='lat' dir='ltr'><strong>Hectori,ita</strong></span> 
     </span>
    </p>
   </div>
   <div class='ocr_carea' id='block_1_53' title="bbox 740 3655 2327 3728">
    <p class='ocr_par' dir='ltr' id='par_1_53' title="bbox 740 3655 2327 3728">
     <span class='ocr_line' id='line_1_53' title="bbox 740 3655 2327 3728; baseline -0.002 -14"><span class='ocrx_word' id='word_1_366' title='bbox 740 3670 799 3714; x_wconf 95' lang='lat' dir='ltr'><strong>ut</strong></span> <span class='ocrx_word' id='word_1_367' title='bbox 828 3671 884 3714; x_wconf 91' lang='lat' dir='ltr'><strong>et</strong></span> <span class='ocrx_word' id='word_1_368' title='bbox 915 3659 969 3713; x_wconf 92' lang='lat' dir='ltr'><strong>in</strong></span> <span class='ocrx_word' id='word_1_369' title='bbox 1001 3658 1387 3728; x_wconf 89' lang='lat' dir='ltr'><strong>ipsum,etiam</strong></span> <span class='ocrx_word' id='word_1_370' title='bbox 1420 3658 1539 3712; x_wconf 89' lang='lat' dir='ltr'><strong>sine</strong></span> <span class='ocrx_word' id='word_1_371' title='bbox 1564 3672 1668 3727; x_wconf 91' lang='lat' dir='ltr'><strong>ope</strong></span> <span class='ocrx_word' id='word_1_372' title='bbox 1691 3655 1953 3711; x_wconf 69' lang='lat' dir='ltr'><strong>catiJovis</strong></span> <span class='ocrx_word' id='word_1_373' title='bbox 1980 3656 2327 3712; x_wconf 88' lang='lat' dir='ltr'><strong>attollentem</strong></span> 
     </span>
    </p>
   </div>
   <div class='ocr_carea' id='block_1_54' title="bbox 736 3748 1689 3819">
    <p class='ocr_par' dir='ltr' id='par_1_54' title="bbox 736 3748 1689 3819">
     <span class='ocr_line' id='line_1_54' title="bbox 736 3748 1689 3819; baseline -0.003 -15"><span class='ocrx_word' id='word_1_374' title='bbox 736 3765 900 3814; x_wconf 84' lang='lat' dir='ltr'><strong>onus,</strong></span> <span class='ocrx_word' id='word_1_375' title='bbox 918 3748 1218 3819; x_wconf 87' lang='lat' dir='ltr'><strong>quadraret</strong></span> <span class='ocrx_word' id='word_1_376' title='bbox 1240 3757 1415 3819; x_wconf 62' lang='lat' dir='ltr'><strong>poetae</strong></span> <span class='ocrx_word' id='word_1_377' title='bbox 1442 3763 1689 3811; x_wconf 81' lang='lat' dir='ltr'><strong>carmen,</strong></span> 
     </span>
    </p>
   </div>
   <div class='ocr_carea' id='block_1_55' title="bbox 2349 3336 2396 3395">
    <p class='ocr_par' dir='ltr' id='par_1_55' title="bbox 2349 3336 2396 3395">
     <span class='ocr_line' id='line_1_55' title="bbox 2349 3336 2396 3395; baseline 0 0"><span class='ocrx_word' id='word_1_378' title='bbox 2349 3336 2396 3395; x_wconf 82' lang='lat' dir='ltr'><strong>C</strong></span> 
     </span>
    </p>
   </div>
   <div class='ocr_carea' id='block_1_56' title="bbox 2504 2278 4011 2354">
    <p class='ocr_par' dir='ltr' id='par_1_56' title="bbox 2504 2278 4011 2354">
     <span class='ocr_line' id='line_1_56' title="bbox 2504 2278 4011 2354; baseline -0.003 -18"><span class='ocrx_word' id='word_1_379' title='bbox 2504 2279 2645 2354; x_wconf 79' lang='grc' dir='ltr'>Περὶ</span> <span class='ocrx_word' id='word_1_380' title='bbox 2660 2280 2717 2335; x_wconf 68' lang='grc' dir='ltr'>δὲ</span> <span class='ocrx_word' id='word_1_381' title='bbox 2737 2280 2837 2344; x_wconf 84' lang='grc' dir='ltr'><strong>τὰς</strong></span> <span class='ocrx_word' id='word_1_382' title='bbox 2858 2278 3211 2349; x_wconf 67' lang='grc' dir='ltr'>κοιωφελείς</span> <span class='ocrx_word' id='word_1_383' title='bbox 3224 2280 3270 2312; x_wconf 84' lang='grc'><strong>⁸⁸</strong></span> <span class='ocrx_word' id='word_1_384' title='bbox 3295 2279 3524 2351; x_wconf 78' lang='grc' dir='ltr'>πράξεις</span> <span class='ocrx_word' id='word_1_385' title='bbox 3541 2279 3782 2343; x_wconf 76' lang='grc' dir='ltr'>τοιοῦτος</span> <span class='ocrx_word' id='word_1_386' title='bbox 3805 2281 4011 2351; x_wconf 78' lang='grc' dir='ltr'>ὑπῆρχε</span> 
     </span>
    </p>
   </div>
   <div class='ocr_carea' id='block_1_57' title="bbox 2436 2371 4012 2445">
    <p class='ocr_par' dir='ltr' id='par_1_57' title="bbox 2436 2371 4012 2445">
     <span class='ocr_line' id='line_1_57' title="bbox 2436 2371 4012 2445; baseline -0.001 -19"><span class='ocrx_word' id='word_1_387' title='bbox 2436 2371 3117 2445; x_wconf 83' lang='grc' dir='ltr'>μεριμνηματικώτατοςὸ</span> <span class='ocrx_word' id='word_1_388' title='bbox 3150 2371 3402 2441; x_wconf 79' lang='grc' dir='ltr'>βασιλεὺς</span> <span class='ocrx_word' id='word_1_389' title='bbox 3425 2372 3560 2442; x_wconf 63' lang='grc'><strong>(45).</strong></span> <span class='ocrx_word' id='word_1_390' title='bbox 3597 2373 3736 2442; x_wconf 78' lang='grc' dir='ltr'>μετά</span> <span class='ocrx_word' id='word_1_391' title='bbox 3768 2390 3833 2440; x_wconf 89' lang='grc' dir='ltr'><strong>γε</strong></span> <span class='ocrx_word' id='word_1_392' title='bbox 3867 2374 4012 2425; x_wconf 84' lang='grc' dir='ltr'>πλεί-</span> 
     </span>
    </p>
   </div>
   <div class='ocr_carea' id='block_1_58' title="bbox 2433 2462 4012 2535">
    <p class='ocr_par' dir='ltr' id='par_1_58' title="bbox 2433 2462 4012 2535">
     <span class='ocr_line' id='line_1_58' title="bbox 2433 2462 4012 2535; baseline -0.001 -16"><span class='ocrx_word' id='word_1_393' title='bbox 2433 2481 2576 2520; x_wconf 91' lang='grc' dir='ltr'>στων</span> <span class='ocrx_word' id='word_1_394' title='bbox 2603 2464 2712 2517; x_wconf 84' lang='grc' dir='ltr'><strong>τῶν</strong></span> <span class='ocrx_word' id='word_1_395' title='bbox 2733 2463 2865 2535; x_wconf 83' lang='grc' dir='ltr'>παρ’</span> <span class='ocrx_word' id='word_1_396' title='bbox 2893 2462 3063 2517; x_wconf 83' lang='grc' dir='ltr'>αὐτοῦ</span> <span class='ocrx_word' id='word_1_397' title='bbox 3096 2465 3141 2497; x_wconf 77' lang='grc'><strong>⁸⁸</strong></span> <span class='ocrx_word' id='word_1_398' title='bbox 3165 2464 3686 2534; x_wconf 85' lang='grc' dir='ltr'>διαπεπραγμένων,</span> <span class='ocrx_word' id='word_1_399' title='bbox 3710 2464 3855 2518; x_wconf 83' lang='grc' dir='ltr'>ὥστε</span> <span class='ocrx_word' id='word_1_400' title='bbox 3881 2467 4012 2520; x_wconf 72' lang='grc' dir='ltr'>κατὰ</span> 
     </span>
    </p>
   </div>
   <div class='ocr_carea' id='block_1_59' title="bbox 2429 2552 4012 2625">
    <p class='ocr_par' dir='ltr' id='par_1_59' title="bbox 2429 2552 4012 2625">
     <span class='ocr_line' id='line_1_59' title="bbox 2429 2552 4012 2625; baseline -0.003 -16"><span class='ocrx_word' id='word_1_401' title='bbox 2429 2555 2523 2609; x_wconf 76' lang='grc' dir='ltr'>τὸν</span> <span class='ocrx_word' id='word_1_402' title='bbox 2570 2552 2899 2625; x_wconf 72' lang='grc' dir='ltr'>ιγκρατείας</span> <span class='ocrx_word' id='word_1_403' title='bbox 2947 2552 3143 2624; x_wconf 80' lang='grc' dir='ltr'>καιρὸν</span> <span class='ocrx_word' id='word_1_404' title='bbox 3189 2552 3284 2605; x_wconf 70' lang='grc' dir='ltr'><strong>ἐπὶ</strong></span> <span class='ocrx_word' id='word_1_405' title='bbox 3323 2552 3622 2622; x_wconf 74' lang='grc' dir='ltr'>ἑϐδομάσιν</span> <span class='ocrx_word' id='word_1_406' title='bbox 3643 2554 3839 2621; x_wconf 69' lang='grc' dir='ltr'>αὐτῆς,</span> <span class='ocrx_word' id='word_1_407' title='bbox 3882 2556 4012 2622; x_wconf 80' lang='grc' dir='ltr'>μετὰ</span> 
     </span>
    </p>
   </div>
   <div class='ocr_carea' id='block_1_60' title="bbox 2431 2645 4012 2719">
    <p class='ocr_par' dir='ltr' id='par_1_60' title="bbox 2431 2645 4012 2719">
     <span class='ocr_line' id='line_1_60' title="bbox 2431 2645 4012 2719; baseline -0.003 -17"><span class='ocrx_word' id='word_1_408' title='bbox 2431 2648 2531 2719; x_wconf 83' lang='grc' dir='ltr'>τὴν</span> <span class='ocrx_word' id='word_1_409' title='bbox 2600 2646 2974 2718; x_wconf 78' lang='grc' dir='ltr'>συγκλητικὴν</span> <span class='ocrx_word' id='word_1_410' title='bbox 3034 2645 3146 2699; x_wconf 86' lang='grc' dir='ltr'><strong>τῶν</strong></span> <span class='ocrx_word' id='word_1_411' title='bbox 3217 2645 3510 2715; x_wconf 84' lang='grc' dir='ltr'>βασιλείων</span> <span class='ocrx_word' id='word_1_412' title='bbox 3561 2646 4012 2717; x_wconf 80' lang='grc' dir='ltr'>ἁπαναχώρησιν.</span> 
     </span>
    </p>
   </div>
   <div class='ocr_carea' id='block_1_61' title="bbox 2430 2734 4013 2809">
    <p class='ocr_par' dir='ltr' id='par_1_61' title="bbox 2430 2734 4013 2809">
     <span class='ocr_line' id='line_1_61' title="bbox 2430 2734 4013 2809; baseline -0.002 -16"><span class='ocrx_word' id='word_1_413' title='bbox 2430 2738 2699 2795; x_wconf 80' lang='grc' dir='ltr'>εἰσίεσθαι</span> <span class='ocrx_word' id='word_1_414' title='bbox 2727 2737 2806 2808; x_wconf 84' lang='grc' dir='ltr'>τῷ</span> <span class='ocrx_word' id='word_1_415' title='bbox 2834 2737 3098 2809; x_wconf 71' lang='grc' dir='ltr'>πκρέτῳ,</span> <span class='ocrx_word' id='word_1_416' title='bbox 3130 2734 3259 2791; x_wconf 76' lang='grc' dir='ltr'>Ενθα</span> <span class='ocrx_word' id='word_1_417' title='bbox 3284 2737 3342 2791; x_wconf 84' lang='grc' dir='ltr'>αἱ</span> <span class='ocrx_word' id='word_1_418' title='bbox 3366 2736 3687 2807; x_wconf 72' lang='grc' dir='ltr'>εἰσπράξεις</span> <span class='ocrx_word' id='word_1_419' title='bbox 3717 2737 3831 2790; x_wconf 86' lang='grc' dir='ltr'>τῶν</span> <span class='ocrx_word' id='word_1_420' title='bbox 3850 2738 4013 2807; x_wconf 83' lang='grc' dir='ltr'>δημο-</span> 
     </span>
    </p>
   </div>
   <div class='ocr_carea' id='block_1_62' title="bbox 2432 2830 4013 2903">
    <p class='ocr_par' dir='ltr' id='par_1_62' title="bbox 2432 2830 4013 2903">
     <span class='ocr_line' id='line_1_62' title="bbox 2432 2830 4013 2903; baseline -0.003 -15"><span class='ocrx_word' id='word_1_421' title='bbox 2432 2836 2564 2889; x_wconf 81' lang='grc' dir='ltr'>σίων</span> <span class='ocrx_word' id='word_1_422' title='bbox 2594 2832 3068 2903; x_wconf 83' lang='grc' dir='ltr'>πεφορολόγηνται</span> <span class='ocrx_word' id='word_1_423' title='bbox 3100 2831 3236 2903; x_wconf 74' lang='grc'><strong>(44),</strong></span> <span class='ocrx_word' id='word_1_424' title='bbox 3272 2832 3495 2885; x_wconf 77' lang='grc' dir='ltr'>κάκεῖσε</span> <span class='ocrx_word' id='word_1_425' title='bbox 3527 2830 3626 2893; x_wconf 79' lang='grc' dir='ltr'>τὰς</span> <span class='ocrx_word' id='word_1_426' title='bbox 3666 2830 4013 2900; x_wconf 81' lang='grc' dir='ltr'>συμπιπτού-</span> 
     </span>
    </p>
   </div>
   <div class='ocr_carea' id='block_1_63' title="bbox 2431 2922 3989 2997">
    <p class='ocr_par' dir='ltr' id='par_1_63' title="bbox 2431 2922 3989 2997">
     <span class='ocr_line' id='line_1_63' title="bbox 2431 2922 3989 2997; baseline -0.003 -15"><span class='ocrx_word' id='word_1_427' title='bbox 2431 2944 2532 2991; x_wconf 90' lang='grc' dir='ltr'><strong>σας</strong></span> <span class='ocrx_word' id='word_1_428' title='bbox 2559 2924 3001 2997; x_wconf 76' lang='grc' dir='ltr'>ἀμφισϐητήσεις</span> <span class='ocrx_word' id='word_1_429' title='bbox 3030 2922 3433 2994; x_wconf 76' lang='grc' dir='ltr'>πραγματικῶς</span> <span class='ocrx_word' id='word_1_430' title='bbox 3464 2922 3803 2978; x_wconf 82' lang='grc' dir='ltr'>διαλύεσθαι.</span> <span class='ocrx_word' id='word_1_431' title='bbox 3988 2980 3989 2985; x_wconf 32' lang='grc' dir='ltr'><strong>η</strong></span> 
     </span>
    </p>
   </div>
   <div class='ocr_carea' id='block_1_64' title="bbox 2516 3014 4015 3087">
    <p class='ocr_par' dir='ltr' id='par_1_64' title="bbox 2516 3014 4015 3087">
     <span class='ocr_line' id='line_1_64' title="bbox 2516 3014 4015 3087; baseline -0.005 -14"><span class='ocrx_word' id='word_1_432' title='bbox 2516 3019 2606 3073; x_wconf 84' lang='grc' dir='ltr'><strong>Ἐν</strong></span> <span class='ocrx_word' id='word_1_433' title='bbox 2636 3019 2695 3072; x_wconf 79' lang='grc' dir='ltr'>δι</span> <span class='ocrx_word' id='word_1_434' title='bbox 2722 3020 2839 3083; x_wconf 80' lang='grc' dir='ltr'>ταῖς</span> <span class='ocrx_word' id='word_1_435' title='bbox 2877 3017 2989 3087; x_wconf 75' lang='grc'><strong>(45)</strong></span> <span class='ocrx_word' id='word_1_436' title='bbox 3020 3017 3166 3069; x_wconf 86' lang='grc' dir='ltr'>κατὰ</span> <span class='ocrx_word' id='word_1_437' title='bbox 3190 3015 3524 3087; x_wconf 80' lang='grc' dir='ltr'>κυνηγεσίαν</span> <span class='ocrx_word' id='word_1_438' title='bbox 3552 3017 3649 3068; x_wconf 75' lang='grc' dir='ltr'>καὶ</span> <span class='ocrx_word' id='word_1_439' title='bbox 3685 3014 4015 3084; x_wconf 63' lang='grc' dir='ltr'>σφαιρισμδν</span> 
     </span>
    </p>
   </div>
   <div class='ocr_carea' id='block_1_65' title="bbox 2430 3106 4011 3181">
    <p class='ocr_par' dir='ltr' id='par_1_65' title="bbox 2430 3106 4011 3181">
     <span class='ocr_line' id='line_1_65' title="bbox 2430 3106 4011 3181; baseline -0.004 -19"><span class='ocrx_word' id='word_1_440' title='bbox 2430 3108 2768 3181; x_wconf 81' lang='grc' dir='ltr'>ἀχθοφορίαν</span> <span class='ocrx_word' id='word_1_441' title='bbox 2796 3124 2857 3160; x_wconf 88' lang='grc' dir='ltr'><strong>τε</strong></span> <span class='ocrx_word' id='word_1_442' title='bbox 2906 3106 3168 3176; x_wconf 76' lang='grc' dir='ltr'>καὶπρὸς</span> <span class='ocrx_word' id='word_1_443' title='bbox 3224 3106 3445 3176; x_wconf 75' lang='grc' dir='ltr'>ἅλματα</span> <span class='ocrx_word' id='word_1_444' title='bbox 3498 3107 3847 3176; x_wconf 86' lang='grc' dir='ltr'>γενναιότησι</span> <span class='ocrx_word' id='word_1_445' title='bbox 3879 3106 4011 3158; x_wconf 81' lang='grc' dir='ltr'>πάνυ</span> 
     </span>
    </p>
   </div>
   <div class='ocr_carea' id='block_1_66' title="bbox 2432 3194 4013 3271">
    <p class='ocr_par' dir='ltr' id='par_1_66' title="bbox 2432 3194 4013 3271">
     <span class='ocr_line' id='line_1_66' title="bbox 2432 3194 4013 3271; baseline -0.003 -18"><span class='ocrx_word' id='word_1_446' title='bbox 2432 3199 2738 3270; x_wconf 77' lang='grc' dir='ltr'>περιδέξιος</span> <span class='ocrx_word' id='word_1_447' title='bbox 2764 3194 2833 3269; x_wconf 79' lang='grc' dir='ltr'>ἦν</span> <span class='ocrx_word' id='word_1_448' title='bbox 2872 3198 2899 3248; x_wconf 93' lang='lat'><strong>6</strong></span> <span class='ocrx_word' id='word_1_449' title='bbox 2926 3196 3060 3260; x_wconf 80' lang='grc' dir='ltr'>άναξ</span> <span class='ocrx_word' id='word_1_450' title='bbox 3094 3196 3395 3261; x_wconf 81' lang='grc' dir='ltr'>Βασίλειος,</span> <span class='ocrx_word' id='word_1_451' title='bbox 3434 3197 3574 3250; x_wconf 78' lang='grc' dir='ltr'>ὥστε</span> <span class='ocrx_word' id='word_1_452' title='bbox 3608 3198 3748 3250; x_wconf 76' lang='grc' dir='ltr'>κατὰ</span> <span class='ocrx_word' id='word_1_453' title='bbox 3772 3212 4013 3271; x_wconf 47' lang='grc' dir='ltr'>-κυνηγε-</span> 
     </span>
    </p>
   </div>
   <div class='ocr_carea' id='block_1_67' title="bbox 2433 3288 4013 3360">
    <p class='ocr_par' dir='ltr' id='par_1_67' title="bbox 2433 3288 4013 3360">
     <span class='ocr_line' id='line_1_67' title="bbox 2433 3288 4013 3360; baseline -0.003 -16"><span class='ocrx_word' id='word_1_454' title='bbox 2433 3291 2554 3344; x_wconf 89' lang='grc' dir='ltr'>σίαν</span> <span class='ocrx_word' id='word_1_455' title='bbox 2576 3306 2675 3360; x_wconf 91' lang='grc' dir='ltr'><strong>μεν</strong></span> <span class='ocrx_word' id='word_1_456' title='bbox 2701 3290 3138 3359; x_wconf 82' lang='grc' dir='ltr'>καθυπερτερείν</span> <span class='ocrx_word' id='word_1_457' title='bbox 3166 3289 3280 3343; x_wconf 87' lang='grc' dir='ltr'><strong>τῶν</strong></span> <span class='ocrx_word' id='word_1_458' title='bbox 3321 3289 3652 3359; x_wconf 83' lang='grc' dir='ltr'>Κενταύρων</span> <span class='ocrx_word' id='word_1_459' title='bbox 3684 3288 3826 3357; x_wconf 71' lang='grc'><strong>(46),</strong></span> <span class='ocrx_word' id='word_1_460' title='bbox 3878 3288 4013 3340; x_wconf 69' lang='grc' dir='ltr'>κατὰ</span> 
     </span>
    </p>
   </div>
   <div class='ocr_carea' id='block_1_68' title="bbox 2426 3379 4014 3453">
    <p class='ocr_par' dir='ltr' id='par_1_68' title="bbox 2426 3379 4014 3453">
     <span class='ocr_line' id='line_1_68' title="bbox 2426 3379 4014 3453; baseline -0.004 -19"><span class='ocrx_word' id='word_1_461' title='bbox 2426 3380 2482 3434; x_wconf 84' lang='grc' dir='ltr'>δὲ</span> <span class='ocrx_word' id='word_1_462' title='bbox 2518 3379 2851 3453; x_wconf 71' lang='grc' dir='ltr'>σφαιρισμὸν</span> <span class='ocrx_word' id='word_1_463' title='bbox 2880 3380 3163 3432; x_wconf 83' lang='grc' dir='ltr'>Ἀλκινόου</span> <span class='ocrx_word' id='word_1_464' title='bbox 3212 3379 3309 3433; x_wconf 79' lang='grc' dir='ltr'><strong>τοῦ</strong></span> <span class='ocrx_word' id='word_1_465' title='bbox 3362 3380 3625 3449; x_wconf 73' lang='grc' dir='ltr'>βασιλέως</span> <span class='ocrx_word' id='word_1_466' title='bbox 3656 3379 4014 3449; x_wconf 72' lang='grc' dir='ltr'>ὑπερϐάλλειν</span> 
     </span>
    </p>
   </div>
   <div class='ocr_carea' id='block_1_69' title="bbox 2425 3468 4010 3541">
    <p class='ocr_par' dir='ltr' id='par_1_69' title="bbox 2425 3468 4010 3541">
     <span class='ocr_line' id='line_1_69' title="bbox 2425 3468 4010 3541; baseline -0.003 -16"><span class='ocrx_word' id='word_1_467' title='bbox 2425 3473 2552 3535; x_wconf 77' lang='grc' dir='ltr'>τοὺς</span> <span class='ocrx_word' id='word_1_468' title='bbox 2581 3471 2935 3541; x_wconf 74' lang='grc' dir='ltr'>σφαιριστὰς,</span> <span class='ocrx_word' id='word_1_469' title='bbox 2967 3471 3111 3525; x_wconf 77' lang='grc' dir='ltr'>κατὰ</span> <span class='ocrx_word' id='word_1_470' title='bbox 3138 3470 3317 3540; x_wconf 85' lang='grc' dir='ltr'>πάλην</span> <span class='ocrx_word' id='word_1_471' title='bbox 3356 3470 3672 3541; x_wconf 78' lang='grc' dir='ltr'>Ἀρισταίου</span> <span class='ocrx_word' id='word_1_472' title='bbox 3700 3470 3802 3522; x_wconf 77' lang='grc' dir='ltr'>καὶ</span> <span class='ocrx_word' id='word_1_473' title='bbox 3821 3468 4010 3523; x_wconf 75' lang='grc' dir='ltr'>Αἰακοῦ</span> 
     </span>
    </p>
   </div>
   <div class='ocr_carea' id='block_1_70' title="bbox 2427 3564 4007 3635">
    <p class='ocr_par' dir='ltr' id='par_1_70' title="bbox 2427 3564 4007 3635">
     <span class='ocr_line' id='line_1_70' title="bbox 2427 3564 4007 3635; baseline 0 -15"><span class='ocrx_word' id='word_1_474' title='bbox 2427 3564 2805 3635; x_wconf 83' lang='grc' dir='ltr'>ἀλκιμώτερος</span> <span class='ocrx_word' id='word_1_475' title='bbox 2834 3564 2932 3618; x_wconf 78' lang='grc' dir='ltr'>καὶ</span> <span class='ocrx_word' id='word_1_476' title='bbox 2982 3564 3153 3617; x_wconf 82' lang='grc' dir='ltr'>αὑτοῦ</span> <span class='ocrx_word' id='word_1_477' title='bbox 3225 3564 3558 3635; x_wconf 83' lang='grc' dir='ltr'>Ἡρακλέους</span> <span class='ocrx_word' id='word_1_478' title='bbox 3594 3564 3639 3596; x_wconf 80' lang='grc'><strong>⁷⁸</strong></span> <span class='ocrx_word' id='word_1_479' title='bbox 3694 3564 4007 3632; x_wconf 70' lang='grc' dir='ltr'>ἐφάμιλλος.</span> 
     </span>
    </p>
   </div>
   <div class='ocr_carea' id='block_1_71' title="bbox 2427 3656 4007 3726">
    <p class='ocr_par' dir='ltr' id='par_1_71' title="bbox 2427 3656 4007 3726">
     <span class='ocr_line' id='line_1_71' title="bbox 2427 3656 4007 3726; baseline -0.002 -16"><span class='ocrx_word' id='word_1_480' title='bbox 2427 3656 2979 3726; x_wconf 74' lang='grc' dir='ltr'>ὕπεραναὸεσηκέναι</span> <span class='ocrx_word' id='word_1_481' title='bbox 3030 3656 3087 3709; x_wconf 78' lang='grc' dir='ltr'>δὲ</span> <span class='ocrx_word' id='word_1_482' title='bbox 3146 3658 3260 3719; x_wconf 83' lang='grc' dir='ltr'>τοῖς</span> <span class='ocrx_word' id='word_1_483' title='bbox 3318 3657 3638 3726; x_wconf 81' lang='grc' dir='ltr'>πηδήμασιν</span> <span class='ocrx_word' id='word_1_484' title='bbox 3706 3656 4007 3725; x_wconf 70' lang='grc' dir='ltr'>Ἀχιλλέως.</span> 
     </span>
    </p>
   </div>
   <div class='ocr_carea' id='block_1_72' title="bbox 2426 3746 4010 3819">
    <p class='ocr_par' dir='ltr' id='par_1_72' title="bbox 2426 3746 4010 3819">
     <span class='ocr_line' id='line_1_72' title="bbox 2426 3746 4010 3819; baseline -0.004 -16"><span class='ocrx_word' id='word_1_485' title='bbox 2426 3750 2569 3803; x_wconf 87' lang='grc' dir='ltr'>κατά</span> <span class='ocrx_word' id='word_1_486' title='bbox 2590 3766 2649 3803; x_wconf 87' lang='grc' dir='ltr'><strong>τε</strong></span> <span class='ocrx_word' id='word_1_487' title='bbox 2685 3748 2745 3801; x_wconf 75' lang='grc' dir='ltr'>τὸ</span> <span class='ocrx_word' id='word_1_488' title='bbox 2797 3749 2842 3779; x_wconf 79' lang='grc'><strong>⁷⁸</strong></span> <span class='ocrx_word' id='word_1_489' title='bbox 2900 3748 3091 3818; x_wconf 78' lang='grc' dir='ltr'>φέρειν</span> <span class='ocrx_word' id='word_1_490' title='bbox 3142 3748 3283 3818; x_wconf 77' lang='grc' dir='ltr'>ἄχθη</span> <span class='ocrx_word' id='word_1_491' title='bbox 3327 3748 3527 3818; x_wconf 71' lang='grc' dir='ltr'>ῥαδίως</span> <span class='ocrx_word' id='word_1_492' title='bbox 3556 3748 3718 3819; x_wconf 74' lang='grc' dir='ltr'>χερσὶ</span> <span class='ocrx_word' id='word_1_493' title='bbox 3753 3746 3936 3816; x_wconf 81' lang='grc' dir='ltr'>πολλῷ</span> <span class='ocrx_word' id='word_1_494' title='bbox 3970 3746 4010 3777; x_wconf 77' lang='grc'><strong>⁷⁸</strong></span> 
     </span>
    </p>
   </div>
   <div class='ocr_carea' id='block_1_73' title="bbox 734 3837 4010 3913">
    <p class='ocr_par' dir='ltr' id='par_1_73' title="bbox 734 3837 4010 3913">
     <span class='ocr_line' id='line_1_73' title="bbox 734 3837 4010 3913; baseline -0.001 -18"><span class='ocrx_word' id='word_1_495' title='bbox 734 3842 1109 3912; x_wconf 80' lang='grc' dir='ltr'>διενηνοχέναι</span> <span class='ocrx_word' id='word_1_496' title='bbox 1160 3839 1255 3894; x_wconf 78' lang='grc' dir='ltr'>τοῦ</span> <span class='ocrx_word' id='word_1_497' title='bbox 1305 3839 1591 3909; x_wconf 82' lang='grc' dir='ltr'>Ἕκτορος,</span> <span class='ocrx_word' id='word_1_498' title='bbox 1651 3838 1727 3904; x_wconf 91' lang='grc' dir='ltr'><strong>ώς</strong></span> <span class='ocrx_word' id='word_1_499' title='bbox 1761 3841 1855 3893; x_wconf 82' lang='grc' dir='ltr'>καὶ</span> <span class='ocrx_word' id='word_1_500' title='bbox 1891 3839 1981 3894; x_wconf 67' lang='grc' dir='ltr'><strong>ἐπ’</strong></span> <span class='ocrx_word' id='word_1_501' title='bbox 2009 3841 2182 3913; x_wconf 76' lang='grc' dir='ltr'>αὐτῷ,</span> <span class='ocrx_word' id='word_1_502' title='bbox 2219 3841 2317 3895; x_wconf 77' lang='grc' dir='ltr'>καὶ</span> <span class='ocrx_word' id='word_1_503' title='bbox 2348 3841 2474 3912; x_wconf 82' lang='grc' dir='ltr'>δίχα</span> <span class='ocrx_word' id='word_1_504' title='bbox 2511 3840 2608 3895; x_wconf 78' lang='grc' dir='ltr'><strong>τοῦ</strong></span> <span class='ocrx_word' id='word_1_505' title='bbox 2670 3840 3056 3911; x_wconf 68' lang='grc' dir='ltr'>ἀγκυλομήτου</span> <span class='ocrx_word' id='word_1_506' title='bbox 3114 3840 3235 3903; x_wconf 78' lang='grc' dir='ltr'>Διὸς</span> <span class='ocrx_word' id='word_1_507' title='bbox 3289 3840 3348 3892; x_wconf 79' lang='grc' dir='ltr'>ὲν</span> <span class='ocrx_word' id='word_1_508' title='bbox 3418 3841 3484 3909; x_wconf 75' lang='grc' dir='ltr'>τῇ</span> <span class='ocrx_word' id='word_1_509' title='bbox 3526 3838 3688 3909; x_wconf 77' lang='grc' dir='ltr'>ἄρσει</span> <span class='ocrx_word' id='word_1_510' title='bbox 3741 3841 3808 3893; x_wconf 82' lang='grc' dir='ltr'>τὸ</span> <span class='ocrx_word' id='word_1_511' title='bbox 3864 3837 4010 3909; x_wconf 70' lang='grc' dir='ltr'><strong>ἇχθκ</strong></span> 
     </span>
    </p>
   </div>
   <div class='ocr_carea' id='block_1_74' title="bbox 738 3935 2299 4009">
    <p class='ocr_par' dir='ltr' id='par_1_74' title="bbox 738 3935 2299 4009">
     <span class='ocr_line' id='line_1_74' title="bbox 738 3935 2299 4009; baseline 0.001 -18"><span class='ocrx_word' id='word_1_512' title='bbox 738 3936 1118 4006; x_wconf 74' lang='grc' dir='ltr'>κουφίζοντος,</span> <span class='ocrx_word' id='word_1_513' title='bbox 1152 3935 1215 3988; x_wconf 73' lang='grc' dir='ltr'><strong>τὸ</strong></span> <span class='ocrx_word' id='word_1_514' title='bbox 1245 3936 1529 4006; x_wconf 84' lang='grc' dir='ltr'>ποιητικὸν</span> <span class='ocrx_word' id='word_1_515' title='bbox 1552 3935 1682 4000; x_wconf 79' lang='grc' dir='ltr'>ἔπος</span> <span class='ocrx_word' id='word_1_516' title='bbox 1710 3937 2299 4009; x_wconf 84' lang='grc' dir='ltr'>προσαρμοσθήσεται⁶</span> 
     </span>
    </p>
   </div>
   <div class='ocr_carea' id='block_1_75' title="bbox 883 4025 2060 4095">
    <p class='ocr_par' dir='ltr' id='par_1_75' title="bbox 883 4025 2060 4095">
     <span class='ocr_line' id='line_1_75' title="bbox 883 4025 2060 4095; baseline 0.003 -16"><span class='ocrx_word' id='word_1_517' title='bbox 883 4025 978 4079; x_wconf 67' lang='lat' dir='ltr'><strong>Vix</strong></span> <span class='ocrx_word' id='word_1_518' title='bbox 1002 4026 1137 4079; x_wconf 83' lang='lat' dir='ltr'><strong>illud</strong></span> <span class='ocrx_word' id='word_1_519' title='bbox 1164 4026 1271 4080; x_wconf 84' lang='lat' dir='ltr'><strong>bini</strong></span> <span class='ocrx_word' id='word_1_520' title='bbox 1306 4035 1617 4095; x_wconf 69' lang='lat' dir='ltr'><strong>prastantes</strong></span> <span class='ocrx_word' id='word_1_521' title='bbox 1649 4028 1832 4083; x_wconf 84' lang='lat' dir='ltr'><strong>robore</strong></span> <span class='ocrx_word' id='word_1_522' title='bbox 1859 4030 2060 4084; x_wconf 72' lang='lat' dir='ltr'><strong>cunctis</strong></span> 
     </span>
    </p>
   </div>
   <div class='ocr_carea' id='block_1_76' title="bbox 880 4096 2257 4171">
    <p class='ocr_par' dir='ltr' id='par_1_76' title="bbox 880 4096 2257 4171">
     <span class='ocr_line' id='line_1_76' title="bbox 880 4096 2257 4171; baseline 0.003 -21"><span class='ocrx_word' id='word_1_523' title='bbox 880 4096 958 4171; x_wconf 54' lang='grc' dir='ltr'>[λε</span> <span class='ocrx_word' id='word_1_524' title='bbox 985 4104 1129 4171; x_wconf 73' lang='lat' dir='ltr'><strong>terra</strong></span> <span class='ocrx_word' id='word_1_525' title='bbox 1166 4098 1220 4171; x_wconf 72' lang='lat' dir='ltr'><strong>in</strong></span> <span class='ocrx_word' id='word_1_526' title='bbox 1243 4112 1459 4171; x_wconf 76' lang='lat' dir='ltr'><strong>currum</strong></span> <span class='ocrx_word' id='word_1_527' title='bbox 1489 4108 1693 4171; x_wconf 65' lang='lat' dir='ltr'><strong>possent</strong></span> <span class='ocrx_word' id='word_1_528' title='bbox 1719 4098 2041 4171; x_wconf 74' lang='lat' dir='ltr'><strong>subvolvere,</strong></span> <span class='ocrx_word' id='word_1_529' title='bbox 2072 4100 2257 4171; x_wconf 70' lang='lat' dir='ltr'><strong>quales</strong></span> 
     </span>
    </p>
   </div>
   <div class='ocr_carea' id='block_1_77' title="bbox 879 4165 2327 4240">
    <p class='ocr_par' dir='ltr' id='par_1_77' title="bbox 879 4165 2327 4240">
     <span class='ocr_line' id='line_1_77' title="bbox 879 4165 2327 4240; baseline 0.002 -19"><span class='ocrx_word' id='word_1_530' title='bbox 879 4165 1034 4221; x_wconf 85' lang='lat' dir='ltr'><strong>Nunc</strong></span> <span class='ocrx_word' id='word_1_531' title='bbox 1052 4168 1286 4222; x_wconf 74' lang='lat' dir='ltr'><strong>homines</strong></span> <span class='ocrx_word' id='word_1_532' title='bbox 1304 4165 1505 4233; x_wconf 75' lang='lat' dir='ltr'><strong>vivunt,</strong></span> <span class='ocrx_word' id='word_1_533' title='bbox 1528 4168 1651 4222; x_wconf 80' lang='lat' dir='ltr'><strong>tulit</strong></span> <span class='ocrx_word' id='word_1_534' title='bbox 1669 4172 1778 4239; x_wconf 74' lang='lat' dir='ltr'><strong>ipse</strong></span> <span class='ocrx_word' id='word_1_535' title='bbox 1793 4170 1932 4240; x_wconf 82' lang='lat' dir='ltr'><strong>quod</strong></span> <span class='ocrx_word' id='word_1_536' title='bbox 1949 4179 2005 4225; x_wconf 84' lang='lat' dir='ltr'><strong>ut</strong></span> <span class='ocrx_word' id='word_1_537' title='bbox 2020 4165 2129 4225; x_wconf 66' lang='lat' dir='ltr'><strong>leue</strong></span> <span class='ocrx_word' id='word_1_538' title='bbox 2146 4170 2291 4225; x_wconf 63' lang='lat' dir='ltr'><strong>colus</strong></span> <span class='ocrx_word' id='word_1_539' title='bbox 2307 4184 2327 4224; x_wconf 89' lang='lat'><strong><em>:</em></strong></span> 
     </span>
    </p>
   </div>
   <div class='ocr_carea' id='block_1_78' title="bbox 740 4282 2325 4357">
    <p class='ocr_par' dir='ltr' id='par_1_78' title="bbox 740 4282 2325 4357">
     <span class='ocr_line' id='line_1_78' title="bbox 740 4282 2325 4357; baseline 0 -19"><span class='ocrx_word' id='word_1_540' title='bbox 740 4285 795 4338; x_wconf 90' lang='lat' dir='ltr'><strong>in</strong></span> <span class='ocrx_word' id='word_1_541' title='bbox 831 4282 985 4338; x_wconf 85' lang='lat' dir='ltr'><strong>disco</strong></span> <span class='ocrx_word' id='word_1_542' title='bbox 1030 4289 1213 4337; x_wconf 87' lang='lat' dir='ltr'><strong>autem</strong></span> <span class='ocrx_word' id='word_1_543' title='bbox 1238 4282 1493 4353; x_wconf 89' lang='lat' dir='ltr'><strong>jaciendo</strong></span> <span class='ocrx_word' id='word_1_544' title='bbox 1527 4282 1810 4340; x_wconf 87' lang='lat' dir='ltr'><strong>Halimede</strong></span> <span class='ocrx_word' id='word_1_545' title='bbox 1848 4295 1905 4339; x_wconf 90' lang='lat' dir='ltr'><strong>et</strong></span> <span class='ocrx_word' id='word_1_546' title='bbox 1936 4284 2125 4357; x_wconf 79' lang='lat' dir='ltr'><strong>Ulysse</strong></span> <span class='ocrx_word' id='word_1_547' title='bbox 2157 4301 2325 4356; x_wconf 88' lang='lat' dir='ltr'><strong>supe-</strong></span> 
     </span>
    </p>
   </div>
   <div class='ocr_carea' id='block_1_79' title="bbox 739 4372 2325 4447">
    <p class='ocr_par' dir='ltr' id='par_1_79' title="bbox 739 4372 2325 4447">
     <span class='ocr_line' id='line_1_79' title="bbox 739 4372 2325 4447; baseline 0.003 -21"><span class='ocrx_word' id='word_1_548' title='bbox 739 4374 894 4439; x_wconf 88' lang='lat' dir='ltr'><strong>rior,</strong></span> <span class='ocrx_word' id='word_1_549' title='bbox 946 4372 1256 4427; x_wconf 83' lang='lat' dir='ltr'><strong>Erechtheo</strong></span> <span class='ocrx_word' id='word_1_550' title='bbox 1305 4382 1362 4428; x_wconf 92' lang='lat' dir='ltr'><strong>et</strong></span> <span class='ocrx_word' id='word_1_551' title='bbox 1412 4372 1657 4428; x_wconf 89' lang='lat' dir='ltr'><strong>Celmete</strong></span> <span class='ocrx_word' id='word_1_552' title='bbox 1719 4376 2003 4445; x_wconf 89' lang='lat' dir='ltr'><strong>equitandi</strong></span> <span class='ocrx_word' id='word_1_553' title='bbox 2058 4376 2325 4447; x_wconf 90' lang='lat' dir='ltr'><strong>peritior,</strong></span> 
     </span>
    </p>
   </div>
   <div class='ocr_carea' id='block_1_80' title="bbox 738 4466 2322 4537">
    <p class='ocr_par' dir='ltr' id='par_1_80' title="bbox 738 4466 2322 4537">
     <span class='ocr_line' id='line_1_80' title="bbox 738 4466 2322 4537; baseline -0.001 -17"><span class='ocrx_word' id='word_1_554' title='bbox 738 4466 1153 4534; x_wconf 76' lang='lat' dir='ltr'><strong>Eurymedonte</strong></span> <span class='ocrx_word' id='word_1_555' title='bbox 1180 4476 1346 4535; x_wconf 87' lang='lat' dir='ltr'><strong>atque</strong></span> <span class='ocrx_word' id='word_1_556' title='bbox 1369 4466 1630 4520; x_wconf 84' lang='lat' dir='ltr'><strong>Alemone</strong></span> <span class='ocrx_word' id='word_1_557' title='bbox 1652 4466 1808 4536; x_wconf 77' lang='grc'><strong>127</strong></span> <span class='ocrx_word' id='word_1_558' title='bbox 1824 4467 2067 4537; x_wconf 89' lang='lat' dir='ltr'><strong>pugilatu</strong></span> <span class='ocrx_word' id='word_1_559' title='bbox 2092 4466 2322 4534; x_wconf 82' lang='lat' dir='ltr'><strong>ﬁrmior,</strong></span> 
     </span>
    </p>
   </div>
   <div class='ocr_carea' id='block_1_81' title="bbox 739 4558 2327 4629">
    <p class='ocr_par' dir='ltr' id='par_1_81' title="bbox 739 4558 2327 4629">
     <span class='ocr_line' id='line_1_81' title="bbox 739 4558 2327 4629; baseline 0.001 -15"><span class='ocrx_word' id='word_1_560' title='bbox 739 4560 793 4614; x_wconf 88' lang='lat' dir='ltr'><strong>in</strong></span> <span class='ocrx_word' id='word_1_561' title='bbox 827 4576 992 4614; x_wconf 90' lang='lat' dir='ltr'><strong>cursu</strong></span> <span class='ocrx_word' id='word_1_562' title='bbox 1026 4558 1469 4614; x_wconf 86' lang='lat' dir='ltr'><strong>Aristomedonte</strong></span> <span class='ocrx_word' id='word_1_563' title='bbox 1504 4559 1817 4629; x_wconf 65' lang='lat' dir='ltr'><strong>Dictaeaque</strong></span> <span class='ocrx_word' id='word_1_564' title='bbox 1847 4575 1911 4614; x_wconf 91' lang='lat' dir='ltr'><strong>ac</strong></span> <span class='ocrx_word' id='word_1_565' title='bbox 1940 4560 2132 4615; x_wconf 88' lang='lat' dir='ltr'><strong>Priaso</strong></span> <span class='ocrx_word' id='word_1_566' title='bbox 2171 4560 2327 4615; x_wconf 92' lang='lat' dir='ltr'><strong>velo-</strong></span> 
     </span>
    </p>
   </div>
   <div class='ocr_carea' id='block_1_82' title="bbox 736 4648 2331 4722">
    <p class='ocr_par' dir='ltr' id='par_1_82' title="bbox 736 4648 2331 4722">
     <span class='ocr_line' id='line_1_82' title="bbox 736 4648 2331 4722; baseline 0.001 -16"><span class='ocrx_word' id='word_1_567' title='bbox 736 4652 875 4717; x_wconf 91' lang='lat' dir='ltr'><strong>cior,</strong></span> <span class='ocrx_word' id='word_1_568' title='bbox 905 4652 961 4705; x_wconf 92' lang='lat' dir='ltr'><strong>in</strong></span> <span class='ocrx_word' id='word_1_569' title='bbox 993 4649 1303 4720; x_wconf 86' lang='lat' dir='ltr'><strong>sagittando</strong></span> <span class='ocrx_word' id='word_1_570' title='bbox 1336 4648 1632 4720; x_wconf 79' lang='lat' dir='ltr'><strong>Hymean</strong></span> <span class='ocrx_word' id='word_1_571' title='bbox 1670 4659 1727 4704; x_wconf 91' lang='lat' dir='ltr'><strong>et</strong></span> <span class='ocrx_word' id='word_1_572' title='bbox 1756 4651 1974 4705; x_wconf 78' lang='lat' dir='ltr'><strong>Asterio</strong></span> <span class='ocrx_word' id='word_1_573' title='bbox 2010 4652 2171 4722; x_wconf 86' lang='lat' dir='ltr'><strong>longe</strong></span> <span class='ocrx_word' id='word_1_574' title='bbox 2196 4652 2331 4707; x_wconf 80' lang='lat' dir='ltr'><strong>dex-</strong></span> 
     </span>
    </p>
   </div>
   <div class='ocr_carea' id='block_1_83' title="bbox 739 4741 1973 4812">
    <p class='ocr_par' dir='ltr' id='par_1_83' title="bbox 739 4741 1973 4812">
     <span class='ocr_line' id='line_1_83' title="bbox 739 4741 1973 4812; baseline 0.001 -15"><span class='ocrx_word' id='word_1_575' title='bbox 739 4745 931 4798; x_wconf 86' lang='lat' dir='ltr'><strong>terior.</strong></span> <span class='ocrx_word' id='word_1_576' title='bbox 965 4743 1044 4798; x_wconf 77' lang='lat' dir='ltr'><strong>Ex</strong></span> <span class='ocrx_word' id='word_1_577' title='bbox 1072 4741 1278 4812; x_wconf 91' lang='lat' dir='ltr'><strong>quibus</strong></span> <span class='ocrx_word' id='word_1_578' title='bbox 1307 4741 1641 4811; x_wconf 78' lang='lat' dir='ltr'><strong>paucissima</strong></span> <span class='ocrx_word' id='word_1_579' title='bbox 1674 4742 1973 4798; x_wconf 80' lang='lat' dir='ltr'><strong>ascribam.</strong></span> 
     </span>
    </p>
   </div>
   <div class='ocr_carea' id='block_1_84' title="bbox 2576 4020 3884 4089">
    <p class='ocr_par' dir='ltr' id='par_1_84' title="bbox 2576 4020 3884 4089">
     <span class='ocr_line' id='line_1_84' title="bbox 2576 4020 3884 4089; baseline -0.006 -8"><span class='ocrx_word' id='word_1_580' title='bbox 2576 4028 2647 4081; x_wconf 85' lang='grc' dir='ltr'><em>Τὸ</em></span> <span class='ocrx_word' id='word_1_581' title='bbox 2678 4025 2731 4079; x_wconf 80' lang='grc' dir='ltr'>δ’</span> <span class='ocrx_word' id='word_1_582' title='bbox 2763 4025 2834 4080; x_wconf 84' lang='grc' dir='ltr'>οὔ</span> <span class='ocrx_word' id='word_1_583' title='bbox 2868 4041 2937 4078; x_wconf 80' lang='grc' dir='ltr'><strong>κε</strong></span> <span class='ocrx_word' id='word_1_584' title='bbox 2968 4022 3061 4077; x_wconf 84' lang='grc' dir='ltr'><strong>δύ’</strong></span> <span class='ocrx_word' id='word_1_585' title='bbox 3090 4023 3269 4089; x_wconf 78' lang='grc' dir='ltr'>ἀνέρε</span> <span class='ocrx_word' id='word_1_586' title='bbox 3297 4020 3491 4089; x_wconf 79' lang='grc' dir='ltr'>δήμου</span> <span class='ocrx_word' id='word_1_587' title='bbox 3520 4022 3745 4089; x_wconf 77' lang='grc' dir='ltr'>ἀρίστω</span> <span class='ocrx_word' id='word_1_588' title='bbox 3769 4022 3884 4087; x_wconf 72' lang='lat'><strong>(67)</strong></span> 
     </span>
    </p>
   </div>
   <div class='ocr_carea' id='block_1_85' title="bbox 2442 4091 3942 4164">
    <p class='ocr_par' dir='ltr' id='par_1_85' title="bbox 2442 4091 3942 4164">
     <span class='ocr_line' id='line_1_85' title="bbox 2442 4091 3942 4164; baseline -0.008 -12"><span class='ocrx_word' id='word_1_589' title='bbox 2442 4098 2714 4164; x_wconf 73' lang='grc' dir='ltr'>Ῥηϊδίως</span> <span class='ocrx_word' id='word_1_590' title='bbox 2743 4097 2837 4150; x_wconf 81' lang='grc' dir='ltr'><strong>ἐπ’</strong></span> <span class='ocrx_word' id='word_1_591' title='bbox 2860 4094 3100 4163; x_wconf 72' lang='grc' dir='ltr'>ἄμαξαν</span> <span class='ocrx_word' id='word_1_592' title='bbox 3126 4092 3238 4164; x_wconf 46' lang='lat' dir='ltr'><strong>dx&quot;</strong></span> <span class='ocrx_word' id='word_1_593' title='bbox 3260 4091 3473 4164; x_wconf 78' lang='grc' dir='ltr'>οὔδεος</span> <span class='ocrx_word' id='word_1_594' title='bbox 3508 4093 3880 4164; x_wconf 53' lang='grc' dir='ltr'>όχᾼίσσειαν</span> <span class='ocrx_word' id='word_1_595' title='bbox 3899 4093 3942 4164; x_wconf 76' lang='lat'><strong>&#39;_&#39;</strong></span> 
     </span>
    </p>
   </div>
   <div class='ocr_carea' id='block_1_86' title="bbox 2422 4154 4007 4235">
    <p class='ocr_par' dir='ltr' id='par_1_86' title="bbox 2422 4154 4007 4235">
     <span class='ocr_line' id='line_1_86' title="bbox 2422 4154 4007 4235; baseline -0.005 -13"><span class='ocrx_word' id='word_1_596' title='bbox 2422 4154 2545 4222; x_wconf 69' lang='grc' dir='ltr'><strong>Οἷολ</strong></span> <span class='ocrx_word' id='word_1_597' title='bbox 2574 4154 2706 4222; x_wconf 56' lang='grc' dir='ltr'><strong>’δῦν’</strong></span> <span class='ocrx_word' id='word_1_598' title='bbox 2721 4154 2934 4235; x_wconf 77' lang='grc' dir='ltr'>βροτὸί</span> <span class='ocrx_word' id='word_1_599' title='bbox 2954 4154 3089 4219; x_wconf 64' lang='lat' dir='ltr'><strong>sic&quot;</strong></span> <span class='ocrx_word' id='word_1_600' title='bbox 3120 4167 3153 4217; x_wconf 82' lang='grc' dir='ltr'><strong><em>ὀ</em></strong></span> <span class='ocrx_word' id='word_1_601' title='bbox 3173 4162 3241 4216; x_wconf 80' lang='grc' dir='ltr'>δέ</span> <span class='ocrx_word' id='word_1_602' title='bbox 3262 4180 3371 4230; x_wconf 81' lang='grc' dir='ltr'>μιν</span> <span class='ocrx_word' id='word_1_603' title='bbox 3394 4154 3508 4229; x_wconf 77' lang='grc' dir='ltr'><strong>ῥέα</strong></span> <span class='ocrx_word' id='word_1_604' title='bbox 3530 4154 3733 4214; x_wconf 45' lang='lat' dir='ltr'><strong>iam</strong></span> <span class='ocrx_word' id='word_1_605' title='bbox 3756 4164 3857 4215; x_wconf 76' lang='grc' dir='ltr'>καὶ</span> <span class='ocrx_word' id='word_1_606' title='bbox 3880 4154 4007 4225; x_wconf 72' lang='grc' dir='ltr'>οἷος·</span> 
     </span>
    </p>
   </div>
   <div class='ocr_carea' id='block_1_87' title="bbox 2429 4275 4009 4350">
    <p class='ocr_par' dir='ltr' id='par_1_87' title="bbox 2429 4275 4009 4350">
     <span class='ocr_line' id='line_1_87' title="bbox 2429 4275 4009 4350; baseline -0.006 -14"><span class='ocrx_word' id='word_1_607' title='bbox 2429 4283 2491 4337; x_wconf 68' lang='grc' dir='ltr'>ιν</span> <span class='ocrx_word' id='word_1_608' title='bbox 2517 4281 2575 4334; x_wconf 68' lang='grc' dir='ltr'>δὲ</span> <span class='ocrx_word' id='word_1_609' title='bbox 2607 4278 2687 4350; x_wconf 84' lang='grc' dir='ltr'>τῷ</span> <span class='ocrx_word' id='word_1_610' title='bbox 2717 4277 2995 4333; x_wconf 82' lang='grc' dir='ltr'>δισκεύειν</span> <span class='ocrx_word' id='word_1_611' title='bbox 3025 4276 3325 4347; x_wconf 83' lang='grc' dir='ltr'>Ἀλιμήδου</span> <span class='ocrx_word' id='word_1_612' title='bbox 3351 4277 3446 4328; x_wconf 74' lang='grc' dir='ltr'>καὶ</span> <span class='ocrx_word' id='word_1_613' title='bbox 3478 4275 3783 4337; x_wconf 78' lang='grc' dir='ltr'>Ὀδυσσέως</span> <span class='ocrx_word' id='word_1_614' title='bbox 3801 4276 4009 4346; x_wconf 80' lang='grc' dir='ltr'>ὑπέρτε-</span> 
     </span>
    </p>
   </div>
   <div class='ocr_carea' id='block_1_88' title="bbox 2433 4365 4009 4444">
    <p class='ocr_par' dir='ltr' id='par_1_88' title="bbox 2433 4365 4009 4444">
     <span class='ocr_line' id='line_1_88' title="bbox 2433 4365 4009 4444; baseline -0.006 -19"><span class='ocrx_word' id='word_1_615' title='bbox 2433 4391 2547 4444; x_wconf 78' lang='grc' dir='ltr'>ρος,</span> <span class='ocrx_word' id='word_1_616' title='bbox 2587 4369 2892 4442; x_wconf 76' lang='grc' dir='ltr'>Ἐρεχθέως</span> <span class='ocrx_word' id='word_1_617' title='bbox 2917 4369 2974 4423; x_wconf 68' lang='grc' dir='ltr'>δὲ</span> <span class='ocrx_word' id='word_1_618' title='bbox 3007 4368 3101 4421; x_wconf 77' lang='grc' dir='ltr'>καὶ</span> <span class='ocrx_word' id='word_1_619' title='bbox 3129 4368 3425 4438; x_wconf 80' lang='grc' dir='ltr'>Κέλμητος</span> <span class='ocrx_word' id='word_1_620' title='bbox 3450 4366 3569 4436; x_wconf 71' lang='grc' dir='ltr'>(ιε)</span> <span class='ocrx_word' id='word_1_621' title='bbox 3594 4365 3717 4418; x_wconf 85' lang='grc' dir='ltr'>καθ’</span> <span class='ocrx_word' id='word_1_622' title='bbox 3752 4366 4009 4419; x_wconf 73' lang='grc' dir='ltr'>ἱππασίαν</span> 
     </span>
    </p>
   </div>
   <div class='ocr_carea' id='block_1_89' title="bbox 2427 4458 4011 4537">
    <p class='ocr_par' dir='ltr' id='par_1_89' title="bbox 2427 4458 4011 4537">
     <span class='ocr_line' id='line_1_89' title="bbox 2427 4458 4011 4537; baseline -0.007 -17"><span class='ocrx_word' id='word_1_623' title='bbox 2427 4484 2590 4537; x_wconf 83' lang='grc' dir='ltr'>τεχνη</span> <span class='ocrx_word' id='word_1_624' title='bbox 2600 4460 3111 4535; x_wconf 83' lang='grc' dir='ltr'>μονέστερος,Εύρυ</span> <span class='ocrx_word' id='word_1_625' title='bbox 3121 4459 3376 4532; x_wconf 79' lang='grc' dir='ltr'>μέδοντός</span> <span class='ocrx_word' id='word_1_626' title='bbox 3399 4476 3458 4511; x_wconf 88' lang='grc' dir='ltr'><strong>τε</strong></span> <span class='ocrx_word' id='word_1_627' title='bbox 3478 4459 3576 4511; x_wconf 79' lang='grc' dir='ltr'>καὶ</span> <span class='ocrx_word' id='word_1_628' title='bbox 3598 4458 3911 4528; x_wconf 84' lang='grc' dir='ltr'>’Δλκμονος</span> <span class='ocrx_word' id='word_1_629' title='bbox 3922 4477 4011 4510; x_wconf 84' lang='grc' dir='ltr'>κα-</span> 
     </span>
    </p>
   </div>
   <div class='ocr_carea' id='block_1_90' title="bbox 2427 4549 4012 4625">
    <p class='ocr_par' dir='ltr' id='par_1_90' title="bbox 2427 4549 4012 4625">
     <span class='ocr_line' id='line_1_90' title="bbox 2427 4549 4012 4625; baseline -0.007 -14"><span class='ocrx_word' id='word_1_630' title='bbox 2427 4558 2497 4612; x_wconf 83' lang='grc' dir='ltr'>τὰ</span> <span class='ocrx_word' id='word_1_631' title='bbox 2530 4554 2858 4625; x_wconf 83' lang='grc' dir='ltr'>πυγμαχίαν</span> <span class='ocrx_word' id='word_1_632' title='bbox 2886 4551 3267 4623; x_wconf 74' lang='grc' dir='ltr'>στερρότερος,</span> <span class='ocrx_word' id='word_1_633' title='bbox 3294 4550 3422 4619; x_wconf 87' lang='grc' dir='ltr'>περί</span> <span class='ocrx_word' id='word_1_634' title='bbox 3444 4565 3501 4601; x_wconf 84' lang='grc' dir='ltr'><strong>τε</strong></span> <span class='ocrx_word' id='word_1_635' title='bbox 3518 4549 3722 4619; x_wconf 85' lang='grc' dir='ltr'>δρόμον</span> <span class='ocrx_word' id='word_1_636' title='bbox 3745 4550 4012 4620; x_wconf 69' lang='grc' dir='ltr'><strong>(49)“Αρι-</strong></span> 
     </span>
    </p>
   </div>
   <div class='ocr_carea' id='block_1_91' title="bbox 2430 4642 4009 4721">
    <p class='ocr_par' dir='ltr' id='par_1_91' title="bbox 2430 4642 4009 4721">
     <span class='ocr_line' id='line_1_91' title="bbox 2430 4642 4009 4721; baseline -0.004 -17"><span class='ocrx_word' id='word_1_637' title='bbox 2430 4649 2783 4721; x_wconf 78' lang='grc' dir='ltr'>στομέδοντος</span> <span class='ocrx_word' id='word_1_638' title='bbox 2836 4645 3095 4701; x_wconf 88' lang='grc' dir='ltr'>Δικναίου</span> <span class='ocrx_word' id='word_1_639' title='bbox 3151 4660 3211 4697; x_wconf 83' lang='grc' dir='ltr'><strong>τε</strong></span> <span class='ocrx_word' id='word_1_640' title='bbox 3260 4643 3358 4695; x_wconf 79' lang='grc' dir='ltr'>καὶ</span> <span class='ocrx_word' id='word_1_641' title='bbox 3412 4642 3655 4711; x_wconf 80' lang='grc' dir='ltr'>Πριάσου</span> <span class='ocrx_word' id='word_1_642' title='bbox 3719 4643 4009 4714; x_wconf 80' lang='grc' dir='ltr'>ὠκύτερος,</span> 
     </span>
    </p>
   </div>
   <div class='ocr_carea' id='block_1_92' title="bbox 2430 4736 4011 4812">
    <p class='ocr_par' dir='ltr' id='par_1_92' title="bbox 2430 4736 4011 4812">
     <span class='ocr_line' id='line_1_92' title="bbox 2430 4736 4011 4812; baseline -0.005 -15"><span class='ocrx_word' id='word_1_643' title='bbox 2430 4743 2528 4796; x_wconf 74' lang='grc' dir='ltr'>καὶ</span> <span class='ocrx_word' id='word_1_644' title='bbox 2591 4744 2651 4796; x_wconf 82' lang='grc' dir='ltr'>ὲν</span> <span class='ocrx_word' id='word_1_645' title='bbox 2685 4741 2766 4812; x_wconf 83' lang='grc' dir='ltr'>τῷ</span> <span class='ocrx_word' id='word_1_646' title='bbox 2817 4738 3147 4805; x_wconf 77' lang='grc' dir='ltr'>τοξάζεσθαι</span> <span class='ocrx_word' id='word_1_647' title='bbox 3218 4736 3515 4808; x_wconf 82' lang='grc' dir='ltr'>’Υμεναίου</span> <span class='ocrx_word' id='word_1_648' title='bbox 3584 4738 3683 4791; x_wconf 73' lang='grc' dir='ltr'>καὶ</span> <span class='ocrx_word' id='word_1_649' title='bbox 3745 4738 4011 4808; x_wconf 76' lang='grc' dir='ltr'>Ἀστερίου</span> 
     </span>
    </p>
   </div>
   <div class='ocr_carea' id='block_1_93' title="bbox 2440 4823 4009 4907">
    <p class='ocr_par' dir='ltr' id='par_1_93' title="bbox 2440 4823 4009 4907">
     <span class='ocr_line' id='line_1_93' title="bbox 2440 4823 4009 4907; baseline -0.003 -19"><span class='ocrx_word' id='word_1_650' title='bbox 2440 4833 2626 4905; x_wconf 88' lang='grc' dir='ltr'>πολλῷ</span> <span class='ocrx_word' id='word_1_651' title='bbox 2651 4832 3075 4904; x_wconf 82' lang='grc' dir='ltr'>εύστοχώτερος.</span> <span class='ocrx_word' id='word_1_652' title='bbox 3140 4830 3233 4895; x_wconf 81' lang='grc' dir='ltr'><strong>Ἐξ</strong></span> <span class='ocrx_word' id='word_1_653' title='bbox 3252 4823 3329 4885; x_wconf 82' lang='grc' dir='ltr'>ὧν</span> <span class='ocrx_word' id='word_1_654' title='bbox 3355 4828 3601 4897; x_wconf 83' lang='grc' dir='ltr'>ὀλίγιστα</span> <span class='ocrx_word' id='word_1_655' title='bbox 3629 4830 4009 4907; x_wconf 79' lang='grc' dir='ltr'>διαγράψομαι.</span> 
     </span>
    </p>
   </div>
   <div class='ocr_carea' id='block_1_94' title="bbox 2037 4950 2724 5009">
    <p class='ocr_par' dir='ltr' id='par_1_94' title="bbox 2037 4950 2724 5009">
     <span class='ocr_line' id='line_1_94' title="bbox 2037 4950 2724 5009; baseline 0.004 -5"><span class='ocrx_word' id='word_1_656' title='bbox 2037 4950 2274 5006; x_wconf 78' lang='lat' dir='ltr'><strong>VARUE</strong></span> <span class='ocrx_word' id='word_1_657' title='bbox 2314 4952 2724 5009; x_wconf 80' lang='lat' dir='ltr'><strong>LECTIONES.</strong></span> 
     </span>
    </p>
   </div>
   <div class='ocr_carea' id='block_1_95' title="bbox 811 5036 4010 5116">
    <p class='ocr_par' dir='ltr' id='par_1_95' title="bbox 811 5036 4010 5116">
     <span class='ocr_line' id='line_1_95' title="bbox 811 5036 4010 5116; baseline -0.001 -20"><span class='ocrx_word' id='word_1_658' title='bbox 811 5046 857 5077; x_wconf 77' lang='lat'><strong>“</strong></span> <span class='ocrx_word' id='word_1_659' title='bbox 889 5038 955 5116; x_wconf 68' lang='grc' dir='ltr'>ᾧ]</span> <span class='ocrx_word' id='word_1_660' title='bbox 980 5047 1008 5097; x_wconf 92' lang='lat'><strong>6</strong></span> <span class='ocrx_word' id='word_1_661' title='bbox 1034 5045 1097 5099; x_wconf 81' lang='lat' dir='ltr'><strong>L.</strong></span> <span class='ocrx_word' id='word_1_662' title='bbox 1174 5047 1217 5078; x_wconf 77' lang='grc'>⁸⁷</span> <span class='ocrx_word' id='word_1_663' title='bbox 1257 5044 1674 5116; x_wconf 74' lang='grc' dir='ltr'>μινσουρὰτωρα</span> <span class='ocrx_word' id='word_1_664' title='bbox 1704 5041 1763 5097; x_wconf 86' lang='lat' dir='ltr'><strong>L.</strong></span> <span class='ocrx_word' id='word_1_665' title='bbox 1804 5114 1814 5116; x_wconf 94' lang='lat'>_</span> <span class='ocrx_word' id='word_1_666' title='bbox 1848 5044 1891 5077; x_wconf 73' lang='lat'><strong>“</strong></span> <span class='ocrx_word' id='word_1_667' title='bbox 1915 5044 2256 5111; x_wconf 79' lang='grc' dir='ltr'>κοινοφυλείς</span> <span class='ocrx_word' id='word_1_668' title='bbox 2295 5044 2357 5099; x_wconf 88' lang='lat' dir='ltr'><strong>L.</strong></span> <span class='ocrx_word' id='word_1_669' title='bbox 2436 5047 2480 5078; x_wconf 85' lang='lat'><strong>”</strong></span> <span class='ocrx_word' id='word_1_670' title='bbox 2518 5048 2646 5115; x_wconf 84' lang='grc' dir='ltr'>παρ’</span> <span class='ocrx_word' id='word_1_671' title='bbox 2679 5045 2860 5099; x_wconf 82' lang='grc' dir='ltr'>αὐτῶν</span> <span class='ocrx_word' id='word_1_672' title='bbox 2894 5043 2958 5099; x_wconf 88' lang='lat' dir='ltr'><strong>L.</strong></span> <span class='ocrx_word' id='word_1_673' title='bbox 3038 5043 3085 5075; x_wconf 83' lang='grc'><strong>⁷⁸</strong></span> <span class='ocrx_word' id='word_1_674' title='bbox 3124 5041 3444 5113; x_wconf 77' lang='grc' dir='ltr'>Ἠρακλέως</span> <span class='ocrx_word' id='word_1_675' title='bbox 3479 5038 3541 5096; x_wconf 71' lang='grc' dir='ltr'><strong>ι..</strong></span> <span class='ocrx_word' id='word_1_676' title='bbox 3621 5036 3664 5067; x_wconf 81' lang='grc'><strong>⁷⁸</strong></span> <span class='ocrx_word' id='word_1_677' title='bbox 3699 5055 3762 5094; x_wconf 84' lang='grc' dir='ltr'><strong>το</strong></span> <span class='ocrx_word' id='word_1_678' title='bbox 3787 5056 3898 5095; x_wconf 85' lang='lat' dir='ltr'><strong>cm.</strong></span> <span class='ocrx_word' id='word_1_679' title='bbox 3958 5038 4010 5093; x_wconf 86' lang='lat' dir='ltr'><strong>L-</strong></span> 
     </span>
    </p>
   </div>
   <div class='ocr_carea' id='block_1_96' title="bbox 740 5116 1125 5171">
    <p class='ocr_par' dir='ltr' id='par_1_96' title="bbox 740 5116 1125 5171">
     <span class='ocr_line' id='line_1_96' title="bbox 740 5116 1125 5171; baseline 0.008 -3"><span class='ocrx_word' id='word_1_680' title='bbox 740 5120 783 5150; x_wconf 82' lang='grc'><strong>⁷¹</strong></span> <span class='ocrx_word' id='word_1_681' title='bbox 822 5116 1034 5169; x_wconf 83' lang='grc' dir='ltr'>πολλῶν</span> <span class='ocrx_word' id='word_1_682' title='bbox 1064 5117 1125 5171; x_wconf 76' lang='grc' dir='ltr'><strong>Ι..</strong></span> 
     </span>
    </p>
   </div>
   <div class='ocr_carea' id='block_1_97' title="bbox 1203 5114 2808 5187">
    <p class='ocr_par' dir='ltr' id='par_1_97' title="bbox 1203 5114 2808 5187">
     <span class='ocr_line' id='line_1_97' title="bbox 1203 5114 2808 5187; baseline 0.001 -18"><span class='ocrx_word' id='word_1_683' title='bbox 1203 5117 1249 5148; x_wconf 86' lang='grc'><strong>⁷⁸</strong></span> <span class='ocrx_word' id='word_1_684' title='bbox 1276 5117 1566 5186; x_wconf 78' lang='grc' dir='ltr'>όχλήσειαν</span> <span class='ocrx_word' id='word_1_685' title='bbox 1586 5115 1636 5168; x_wconf 89' lang='grc' dir='ltr'>οἳ</span> <span class='ocrx_word' id='word_1_686' title='bbox 1666 5116 1762 5169; x_wconf 80' lang='grc' dir='ltr'>νῦν</span> <span class='ocrx_word' id='word_1_687' title='bbox 1794 5114 1977 5186; x_wconf 82' lang='grc' dir='ltr'>βροτοὶ</span> <span class='ocrx_word' id='word_1_688' title='bbox 2008 5116 2094 5169; x_wconf 78' lang='grc' dir='ltr'>εἰσ</span> <span class='ocrx_word' id='word_1_689' title='bbox 2122 5132 2138 5147; x_wconf 84' lang='grc'><strong>·</strong></span> <span class='ocrx_word' id='word_1_690' title='bbox 2162 5116 2191 5168; x_wconf 81' lang='grc' dir='ltr'><strong>ὃ</strong></span> <span class='ocrx_word' id='word_1_691' title='bbox 2215 5116 2271 5169; x_wconf 77' lang='grc' dir='ltr'>δὲ</span> <span class='ocrx_word' id='word_1_692' title='bbox 2303 5117 2409 5186; x_wconf 82' lang='grc' dir='ltr'>μὴν</span> <span class='ocrx_word' id='word_1_693' title='bbox 2440 5118 2541 5187; x_wconf 76' lang='grc' dir='ltr'><strong>ῥέα</strong></span> <span class='ocrx_word' id='word_1_694' title='bbox 2572 5118 2708 5172; x_wconf 85' lang='grc' dir='ltr'>πάλε</span> <span class='ocrx_word' id='word_1_695' title='bbox 2743 5116 2808 5170; x_wconf 63' lang='grc' dir='ltr'>ιι.</span> 
     </span>
    </p>
   </div>
   <div class='ocr_carea' id='block_1_98' title="bbox 1926 5212 2818 5269">
    <p class='ocr_par' dir='ltr' id='par_1_98' title="bbox 1926 5212 2818 5269">
     <span class='ocr_line' id='line_1_98' title="bbox 1926 5212 2818 5269; baseline 0.002 -2"><span class='ocrx_word' id='word_1_696' title='bbox 1926 5212 2175 5268; x_wconf 78' lang='grc' dir='ltr'><strong>8ΤΕΡΗ.</strong></span> <span class='ocrx_word' id='word_1_697' title='bbox 2202 5212 2544 5269; x_wconf 76' lang='lat' dir='ltr'><strong>BERGLERI</strong></span> <span class='ocrx_word' id='word_1_698' title='bbox 2580 5212 2818 5269; x_wconf 64' lang='lat' dir='ltr'><strong>NOTAE.</strong></span> 
     </span>
    </p>
   </div>
   <div class='ocr_carea' id='block_1_99' title="bbox 815 5310 2326 5436">
    <p class='ocr_par' dir='ltr' id='par_1_99' title="bbox 815 5310 2326 5436">
     <span class='ocr_line' id='line_1_99' title="bbox 815 5310 2326 5436; baseline -0.005 -64"><span class='ocrx_word' id='word_1_699' title='bbox 815 5313 925 5436; x_wconf 43' lang='grc' dir='ltr'><strong>(ξι)</strong></span> <span class='ocrx_word' id='word_1_700' title='bbox 954 5312 1149 5436; x_wconf 52' lang='grc' dir='ltr'><strong>βοΐδι.</strong></span> <span class='ocrx_word' id='word_1_701' title='bbox 1183 5310 1387 5380; x_wconf 82' lang='lat' dir='ltr'><strong>Porph.</strong></span> <span class='ocrx_word' id='word_1_702' title='bbox 1416 5327 1468 5381; x_wconf 90' lang='lat' dir='ltr'><strong>p.</strong></span> <span class='ocrx_word' id='word_1_703' title='bbox 1498 5311 1622 5366; x_wconf 75' lang='grc' dir='ltr'><strong>ΠΟ.</strong></span> <span class='ocrx_word' id='word_1_704' title='bbox 1658 5310 1839 5366; x_wconf 79' lang='lat' dir='ltr'><strong>Nostri</strong></span> <span class='ocrx_word' id='word_1_705' title='bbox 1886 5310 2001 5367; x_wconf 88' lang='lat' dir='ltr'><strong>lere</strong></span> <span class='ocrx_word' id='word_1_706' title='bbox 2030 5311 2218 5367; x_wconf 88' lang='lat' dir='ltr'><strong>verbis</strong></span> <span class='ocrx_word' id='word_1_707' title='bbox 2267 5318 2326 5367; x_wconf 91' lang='lat' dir='ltr'><strong>et</strong></span> 
     </span>
     <span class='ocr_line' id='line_1_100' title="bbox 828 5400 1080 5436; baseline -0.012 2"><span class='ocrx_word' id='word_1_708' title='bbox 828 5408 829 5411; x_wconf 79' lang='lat'>‘</span> <span class='ocrx_word' id='word_1_709' title='bbox 955 5400 1031 5436; x_wconf 86' lang='grc' dir='ltr'><strong>ιηι</strong></span> <span class='ocrx_word' id='word_1_710' title='bbox 1066 5423 1080 5435; x_wconf 90' lang='grc'><strong>.</strong></span> 
     </span>
    </p>
   </div>
   <div class='ocr_carea' id='block_1_100' title="bbox 763 5382 1080 5437">
    <p class='ocr_par' dir='ltr' id='par_1_100' title="bbox 763 5382 1080 5437">
     <span class='ocr_line' id='line_1_101' title="bbox 763 5382 1080 5437; baseline 0.003 -3"><span class='ocrx_word' id='word_1_711' title='bbox 763 5400 798 5436; x_wconf 70' lang='grc' dir='ltr'><strong>ξ.</strong></span> <span class='ocrx_word' id='word_1_712' title='bbox 828 5383 917 5436; x_wconf 74' lang='lat' dir='ltr'><strong>HI</strong></span> <span class='ocrx_word' id='word_1_713' title='bbox 954 5382 1080 5437; x_wconf 84' lang='lat' dir='ltr'><strong>init.</strong></span> 
     </span>
    </p>
   </div>
   <div class='ocr_carea' id='block_1_101' title="bbox 742 5399 1347 5522">
    <p class='ocr_par' dir='ltr' id='par_1_101' title="bbox 742 5399 1347 5522">
     <span class='ocr_line' id='line_1_102' title="bbox 742 5399 1080 5452; baseline -0.003 -16"><span class='ocrx_word' id='word_1_714' title='bbox 742 5399 798 5452; x_wconf 61' lang='grc' dir='ltr'>ιι.</span> <span class='ocrx_word' id='word_1_715' title='bbox 828 5399 917 5436; x_wconf 75' lang='grc' dir='ltr'><strong>ιιι</strong></span> <span class='ocrx_word' id='word_1_716' title='bbox 955 5399 1080 5437; x_wconf 86' lang='grc' dir='ltr'>ιηιι.</span> 
     </span>
     <span class='ocr_line' id='line_1_103' title="bbox 817 5452 1347 5522; baseline 0.009 -22"><span class='ocrx_word' id='word_1_717' title='bbox 817 5453 929 5522; x_wconf 70' lang='lat'><strong>(38)</strong></span> <span class='ocrx_word' id='word_1_718' title='bbox 950 5453 1113 5507; x_wconf 89' lang='lat' dir='ltr'><strong>Ccdr.</strong></span> <span class='ocrx_word' id='word_1_719' title='bbox 1144 5469 1197 5515; x_wconf 85' lang='lat' dir='ltr'><strong>p.</strong></span> <span class='ocrx_word' id='word_1_720' title='bbox 1220 5452 1347 5506; x_wconf 83' lang='lat' dir='ltr'><strong>5T5.</strong></span> 
     </span>
    </p>
   </div>
   <div class='ocr_carea' id='block_1_102' title="bbox 816 5525 1545 5594">
    <p class='ocr_par' dir='ltr' id='par_1_102' title="bbox 816 5525 1545 5594">
     <span class='ocr_line' id='line_1_104' title="bbox 816 5525 1545 5594; baseline 0.001 -18"><span class='ocrx_word' id='word_1_721' title='bbox 816 5525 927 5586; x_wconf 74' lang='lat'><strong>(39)</strong></span> <span class='ocrx_word' id='word_1_722' title='bbox 952 5526 1031 5578; x_wconf 89' lang='lat' dir='ltr'><strong>Ita</strong></span> <span class='ocrx_word' id='word_1_723' title='bbox 1056 5525 1320 5594; x_wconf 89' lang='lat' dir='ltr'><strong>scriptum</strong></span> <span class='ocrx_word' id='word_1_724' title='bbox 1350 5537 1447 5591; x_wconf 93' lang='lat' dir='ltr'><strong>per</strong></span> <span class='ocrx_word' id='word_1_725' title='bbox 1477 5540 1545 5577; x_wconf 89' lang='grc' dir='ltr'>ει.</span> 
     </span>
    </p>
   </div>
   <div class='ocr_carea' id='block_1_103' title="bbox 818 5593 2055 5664">
    <p class='ocr_par' dir='ltr' id='par_1_103' title="bbox 818 5593 2055 5664">
     <span class='ocr_line' id='line_1_105' title="bbox 818 5593 2055 5664; baseline -0.002 -15"><span class='ocrx_word' id='word_1_726' title='bbox 818 5595 931 5657; x_wconf 74' lang='grc'><strong>(40)</strong></span> <span class='ocrx_word' id='word_1_727' title='bbox 959 5595 1147 5649; x_wconf 85' lang='lat' dir='ltr'><strong>Const.</strong></span> <span class='ocrx_word' id='word_1_728' title='bbox 1173 5593 1389 5662; x_wconf 73' lang='lat' dir='ltr'><strong>Porph.</strong></span> <span class='ocrx_word' id='word_1_729' title='bbox 1426 5610 1482 5663; x_wconf 89' lang='lat' dir='ltr'><strong>p.</strong></span> <span class='ocrx_word' id='word_1_730' title='bbox 1514 5594 1637 5656; x_wconf 78' lang='grc'><strong>151,</strong></span> <span class='ocrx_word' id='word_1_731' title='bbox 1659 5593 1822 5649; x_wconf 85' lang='lat' dir='ltr'><strong>Cedr.</strong></span> <span class='ocrx_word' id='word_1_732' title='bbox 1849 5610 1902 5664; x_wconf 92' lang='lat' dir='ltr'><strong>p.</strong></span> <span class='ocrx_word' id='word_1_733' title='bbox 1934 5595 2055 5648; x_wconf 75' lang='lat'><strong>575.</strong></span> 
     </span>
    </p>
   </div>
   <div class='ocr_carea' id='block_1_104' title="bbox 816 5664 2075 5736">
    <p class='ocr_par' dir='ltr' id='par_1_104' title="bbox 816 5664 2075 5736">
     <span class='ocr_line' id='line_1_106' title="bbox 816 5664 2075 5736; baseline 0.002 -18"><span class='ocrx_word' id='word_1_734' title='bbox 816 5665 930 5736; x_wconf 72' lang='lat' dir='ltr'><strong>(il)</strong></span> <span class='ocrx_word' id='word_1_735' title='bbox 961 5665 1150 5736; x_wconf 83' lang='lat' dir='ltr'><strong>Const.</strong></span> <span class='ocrx_word' id='word_1_736' title='bbox 1186 5664 1390 5734; x_wconf 86' lang='lat' dir='ltr'><strong>Porph.</strong></span> <span class='ocrx_word' id='word_1_737' title='bbox 1425 5681 1477 5733; x_wconf 89' lang='lat' dir='ltr'><strong>p.</strong></span> <span class='ocrx_word' id='word_1_738' title='bbox 1523 5665 1643 5727; x_wconf 80' lang='grc'><strong>1⁸71,</strong></span> <span class='ocrx_word' id='word_1_739' title='bbox 1674 5666 1836 5720; x_wconf 90' lang='lat' dir='ltr'><strong>Ccdr.</strong></span> <span class='ocrx_word' id='word_1_740' title='bbox 1870 5682 1923 5735; x_wconf 89' lang='lat' dir='ltr'><strong>p.</strong></span> <span class='ocrx_word' id='word_1_741' title='bbox 1952 5667 2075 5720; x_wconf 76' lang='lat'><strong>575.</strong></span> 
     </span>
    </p>
   </div>
   <div class='ocr_carea' id='block_1_105' title="bbox 817 5734 2061 5805">
    <p class='ocr_par' dir='ltr' id='par_1_105' title="bbox 817 5734 2061 5805">
     <span class='ocr_line' id='line_1_107' title="bbox 817 5734 2061 5805; baseline 0 -16"><span class='ocrx_word' id='word_1_742' title='bbox 817 5734 934 5805; x_wconf 66' lang='grc' dir='ltr'><strong>(Η)</strong></span> <span class='ocrx_word' id='word_1_743' title='bbox 958 5734 1151 5790; x_wconf 87' lang='lat' dir='ltr'><strong>Const.</strong></span> <span class='ocrx_word' id='word_1_744' title='bbox 1188 5737 1392 5804; x_wconf 75' lang='lat' dir='ltr'><strong>l’orph.</strong></span> <span class='ocrx_word' id='word_1_745' title='bbox 1418 5752 1475 5805; x_wconf 94' lang='lat' dir='ltr'><strong>p.</strong></span> <span class='ocrx_word' id='word_1_746' title='bbox 1505 5737 1627 5793; x_wconf 79' lang='grc'><strong>171.</strong></span> <span class='ocrx_word' id='word_1_747' title='bbox 1658 5736 1819 5791; x_wconf 85' lang='lat' dir='ltr'><strong>Ccdr.</strong></span> <span class='ocrx_word' id='word_1_748' title='bbox 1843 5734 1894 5805; x_wconf 85' lang='lat' dir='ltr'><strong>p.</strong></span> <span class='ocrx_word' id='word_1_749' title='bbox 1935 5737 2061 5789; x_wconf 72' lang='grc'><strong>575.</strong></span> 
     </span>
    </p>
   </div>
   <div class='ocr_carea' id='block_1_106' title="bbox 818 5806 2122 5873">
    <p class='ocr_par' dir='ltr' id='par_1_106' title="bbox 818 5806 2122 5873">
     <span class='ocr_line' id='line_1_108' title="bbox 818 5806 2122 5873; baseline 0.002 -14"><span class='ocrx_word' id='word_1_750' title='bbox 818 5806 934 5873; x_wconf 74' lang='grc'><strong>(45)</strong></span> <span class='ocrx_word' id='word_1_751' title='bbox 968 5806 1060 5859; x_wconf 89' lang='lat' dir='ltr'><strong>Sic</strong></span> <span class='ocrx_word' id='word_1_752' title='bbox 1078 5807 1197 5860; x_wconf 85' lang='lat' dir='ltr'><strong>sine</strong></span> <span class='ocrx_word' id='word_1_753' title='bbox 1224 5806 1575 5867; x_wconf 84' lang='lat' dir='ltr'><strong>transitione.</strong></span> <span class='ocrx_word' id='word_1_754' title='bbox 1610 5808 1728 5863; x_wconf 82' lang='lat' dir='ltr'><strong>sine</strong></span> <span class='ocrx_word' id='word_1_755' title='bbox 1760 5808 2122 5865; x_wconf 73' lang='lat' dir='ltr'><strong>connexione.</strong></span> 
     </span>
    </p>
   </div>
   <div class='ocr_carea' id='block_1_107' title="bbox 822 5878 1643 5947">
    <p class='ocr_par' dir='ltr' id='par_1_107' title="bbox 822 5878 1643 5947">
     <span class='ocr_line' id='line_1_109' title="bbox 822 5878 1643 5947; baseline -0.005 -10"><span class='ocrx_word' id='word_1_756' title='bbox 822 5878 1132 5941; x_wconf 69' lang='lat' dir='ltr'><strong>(HlConst</strong></span> <span class='ocrx_word' id='word_1_757' title='bbox 1196 5878 1396 5945; x_wconf 75' lang='lat' dir='ltr'><strong>Porph.</strong></span> <span class='ocrx_word' id='word_1_758' title='bbox 1438 5896 1472 5947; x_wconf 76' lang='grc' dir='ltr'><strong>ιι</strong></span> <span class='ocrx_word' id='word_1_759' title='bbox 1527 5880 1643 5933; x_wconf 61' lang='lat' dir='ltr'><strong>liii.</strong></span> 
     </span>
    </p>
   </div>
   <div class='ocr_carea' id='block_1_108' title="bbox 2430 5306 3487 5381">
    <p class='ocr_par' dir='ltr' id='par_1_108' title="bbox 2430 5306 3487 5381">
     <span class='ocr_line' id='line_1_110' title="bbox 2430 5306 3487 5381; baseline -0.007 -15"><span class='ocrx_word' id='word_1_760' title='bbox 2430 5310 2439 5321; x_wconf 86' lang='grc'><strong><em>“</em></strong></span> <span class='ocrx_word' id='word_1_761' title='bbox 2506 5312 2619 5381; x_wconf 74' lang='grc'><strong>(45)</strong></span> <span class='ocrx_word' id='word_1_762' title='bbox 2658 5313 2734 5365; x_wconf 90' lang='lat' dir='ltr'><strong>Ita</strong></span> <span class='ocrx_word' id='word_1_763' title='bbox 2760 5310 3026 5379; x_wconf 84' lang='lat' dir='ltr'><strong>scriptum</strong></span> <span class='ocrx_word' id='word_1_764' title='bbox 3061 5306 3166 5380; x_wconf 82' lang='lat'><strong>[?],</strong></span> <span class='ocrx_word' id='word_1_765' title='bbox 3205 5322 3315 5361; x_wconf 87' lang='lat' dir='ltr'><strong>non</strong></span> <span class='ocrx_word' id='word_1_766' title='bbox 3346 5308 3487 5381; x_wconf 77' lang='grc' dir='ltr'>ταῖς.</span> 
     </span>
    </p>
   </div>
   <div class='ocr_carea' id='block_1_109' title="bbox 2505 5375 4007 5451">
    <p class='ocr_par' dir='ltr' id='par_1_109' title="bbox 2505 5375 4007 5451">
     <span class='ocr_line' id='line_1_111' title="bbox 2505 5375 4007 5451; baseline -0.007 -16"><span class='ocrx_word' id='word_1_767' title='bbox 2505 5375 2615 5451; x_wconf 69' lang='grc'><strong>(46)</strong></span> <span class='ocrx_word' id='word_1_768' title='bbox 2642 5375 2964 5451; x_wconf 76' lang='lat' dir='ltr'><strong>Sequuntur</strong></span> <span class='ocrx_word' id='word_1_769' title='bbox 2992 5375 3557 5451; x_wconf 15' lang='lat' dir='ltr'><strong>nu&#39;géittugacissima:</strong></span> <span class='ocrx_word' id='word_1_770' title='bbox 3578 5375 3899 5451; x_wconf 84' lang='lat' dir='ltr'><strong>stultissimi</strong></span> <span class='ocrx_word' id='word_1_771' title='bbox 3922 5376 4007 5427; x_wconf 83' lang='lat' dir='ltr'><strong>bo-</strong></span> 
     </span>
    </p>
   </div>
   <div class='ocr_carea' id='block_1_110' title="bbox 2431 5447 4007 5519">
    <p class='ocr_par' dir='ltr' id='par_1_110' title="bbox 2431 5447 4007 5519">
     <span class='ocr_line' id='line_1_112' title="bbox 2431 5447 4007 5519; baseline -0.007 -12"><span class='ocrx_word' id='word_1_772' title='bbox 2431 5447 2635 5507; x_wconf 18' lang='lat' dir='ltr'><strong>mi&#39;nis’:</strong></span> <span class='ocrx_word' id='word_1_773' title='bbox 2673 5447 2879 5509; x_wconf 87' lang='lat' dir='ltr'><strong>habent</strong></span> <span class='ocrx_word' id='word_1_774' title='bbox 2904 5447 3096 5506; x_wconf 73' lang='lat' dir='ltr'><strong>tamen</strong></span> <span class='ocrx_word' id='word_1_775' title='bbox 3124 5447 3336 5519; x_wconf 85' lang='lat' dir='ltr'><strong>aliquid</strong></span> <span class='ocrx_word' id='word_1_776' title='bbox 3367 5447 3795 5518; x_wconf 83' lang='lat' dir='ltr'><strong>pltilologicum,</strong></span> <span class='ocrx_word' id='word_1_777' title='bbox 3826 5464 4007 5519; x_wconf 82' lang='lat' dir='ltr'><strong>quam-</strong></span> 
     </span>
    </p>
   </div>
   <div class='ocr_carea' id='block_1_111' title="bbox 2430 5520 3715 5591">
    <p class='ocr_par' dir='ltr' id='par_1_111' title="bbox 2430 5520 3715 5591">
     <span class='ocr_line' id='line_1_113' title="bbox 2430 5520 3715 5591; baseline 0.002 -14"><span class='ocrx_word' id='word_1_778' title='bbox 2430 5525 2516 5580; x_wconf 90' lang='lat' dir='ltr'><strong>vis</strong></span> <span class='ocrx_word' id='word_1_779' title='bbox 2544 5524 2843 5579; x_wconf 86' lang='lat' dir='ltr'><strong>ostentatio</strong></span> <span class='ocrx_word' id='word_1_780' title='bbox 2875 5523 2948 5576; x_wconf 93' lang='lat' dir='ltr'><strong>sit</strong></span> <span class='ocrx_word' id='word_1_781' title='bbox 2978 5520 3233 5591; x_wconf 84' lang='lat' dir='ltr'><strong>puerilis.</strong></span> <span class='ocrx_word' id='word_1_782' title='bbox 3410 5588 3467 5591; x_wconf 51' lang='grc' dir='ltr'><strong><em>ψ</em></strong></span> <span class='ocrx_word' id='word_1_783' title='bbox 3700 5523 3715 5533; x_wconf 78' lang='grc'><em>“</em></span> 
     </span>
    </p>
   </div>
   <div class='ocr_carea' id='block_1_112' title="bbox 2503 5588 3487 5662">
    <p class='ocr_par' dir='ltr' id='par_1_112' title="bbox 2503 5588 3487 5662">
     <span class='ocr_line' id='line_1_114' title="bbox 2503 5588 3487 5662; baseline -0.007 -14"><span class='ocrx_word' id='word_1_784' title='bbox 2503 5595 2619 5662; x_wconf 69' lang='grc'><strong>(47)</strong></span> <span class='ocrx_word' id='word_1_785' title='bbox 2641 5594 2761 5648; x_wconf 85' lang='lat' dir='ltr'><strong>Vid.</strong></span> <span class='ocrx_word' id='word_1_786' title='bbox 2803 5588 2994 5647; x_wconf 66' lang='lat' dir='ltr'><strong>Const.</strong></span> <span class='ocrx_word' id='word_1_787' title='bbox 3030 5590 3231 5660; x_wconf 85' lang='lat' dir='ltr'><strong>Porph.</strong></span> <span class='ocrx_word' id='word_1_788' title='bbox 3265 5607 3332 5662; x_wconf 9' lang='lat' dir='ltr'><strong>pr.</strong></span> <span class='ocrx_word' id='word_1_789' title='bbox 3366 5588 3487 5662; x_wconf 62' lang='lat'><strong>167.</strong></span> 
     </span>
    </p>
   </div>
   <div class='ocr_carea' id='block_1_113' title="bbox 2506 5652 4009 5735">
    <p class='ocr_par' dir='ltr' id='par_1_113' title="bbox 2506 5652 4009 5735">
     <span class='ocr_line' id='line_1_115' title="bbox 2506 5652 4009 5735; baseline -0.007 -15"><span class='ocrx_word' id='word_1_790' title='bbox 2506 5652 2617 5735; x_wconf 60' lang='lat'><strong>{48$</strong></span> <span class='ocrx_word' id='word_1_791' title='bbox 2647 5664 2723 5720; x_wconf 84' lang='lat' dir='ltr'><strong>Ita</strong></span> <span class='ocrx_word' id='word_1_792' title='bbox 2764 5666 2919 5735; x_wconf 90' lang='lat' dir='ltr'><strong>prius</strong></span> <span class='ocrx_word' id='word_1_793' title='bbox 2952 5652 3565 5732; x_wconf 63' lang='lat' dir='ltr'><strong>scripserat&#39;librarius,</strong></span> <span class='ocrx_word' id='word_1_794' title='bbox 3597 5652 3807 5715; x_wconf 77' lang='lat' dir='ltr'><strong>deinde</strong></span> <span class='ocrx_word' id='word_1_795' title='bbox 3833 5657 4009 5727; x_wconf 75' lang='lat' dir='ltr'><strong>exigua</strong></span> 
     </span>
    </p>
   </div>
   <div class='ocr_carea' id='block_1_114' title="bbox 2435 5736 3377 5805">
    <p class='ocr_par' dir='ltr' id='par_1_114' title="bbox 2435 5736 3377 5805">
     <span class='ocr_line' id='line_1_116' title="bbox 2435 5736 3377 5805; baseline -0.007 -14"><span class='ocrx_word' id='word_1_796' title='bbox 2435 5738 2617 5791; x_wconf 83' lang='lat' dir='ltr'><strong>littera</strong></span> <span class='ocrx_word' id='word_1_797' title='bbox 2642 5736 2770 5791; x_wconf 77' lang='lat' dir='ltr'><strong>fecit</strong></span> <span class='ocrx_word' id='word_1_798' title='bbox 2797 5750 3067 5805; x_wconf 84' lang='lat' dir='ltr'><strong>apparere</strong></span> <span class='ocrx_word' id='word_1_799' title='bbox 3127 5751 3155 5784; x_wconf 92' lang='grc' dir='ltr'><strong>ν</strong></span> <span class='ocrx_word' id='word_1_800' title='bbox 3186 5748 3283 5801; x_wconf 86' lang='lat' dir='ltr'><strong>pro</strong></span> <span class='ocrx_word' id='word_1_801' title='bbox 3319 5750 3377 5800; x_wconf 89' lang='grc' dir='ltr'>μ.</span> 
     </span>
    </p>
   </div>
   <div class='ocr_carea' id='block_1_115' title="bbox 2505 5799 3539 5879">
    <p class='ocr_par' dir='ltr' id='par_1_115' title="bbox 2505 5799 3539 5879">
     <span class='ocr_line' id='line_1_117' title="bbox 2505 5799 3539 5879; baseline -0.011 -15"><span class='ocrx_word' id='word_1_802' title='bbox 2505 5808 2614 5878; x_wconf 67' lang='lat'><strong>(£9)</strong></span> <span class='ocrx_word' id='word_1_803' title='bbox 2646 5799 2920 5879; x_wconf 77' lang='lat' dir='ltr'><strong>Scriptum</strong></span> <span class='ocrx_word' id='word_1_804' title='bbox 2954 5820 3049 5876; x_wconf 87' lang='lat' dir='ltr'><strong>per</strong></span> <span class='ocrx_word' id='word_1_805' title='bbox 3073 5822 3123 5865; x_wconf 82' lang='grc' dir='ltr'>υ,</span> <span class='ocrx_word' id='word_1_806' title='bbox 3161 5799 3343 5874; x_wconf 80' lang='lat' dir='ltr'><strong>potius</strong></span> <span class='ocrx_word' id='word_1_807' title='bbox 3368 5819 3417 5855; x_wconf 90' lang='grc' dir='ltr'>ν.</span> <span class='ocrx_word' id='word_1_808' title='bbox 3456 5799 3539 5872; x_wconf 72' lang='lat'><strong>[1&#39;]</strong></span> 
     </span>
    </p>
   </div>
  </div>
