4146 6436
94 421 235 484 ιῙῖι3

1450 411 1723 473 REGUM
1758 410 1905 471 LIB.
1937 413 2038 475 IV.

3231 414 3365 477 1151

173 539 261 601 Τῷ
298 535 505 600 βασιλεῖ
537 550 666 587 ποτε
692 534 819 603 περὶ
844 532 1017 601 θήραν
1047 528 1439 599 ἐνδιατρίϐοντι
1464 529 1521 594 ἐξ
1544 526 1676 598 ὕλης

1849 528 1987 581 Cum
2015 528 2317 599 imperator
2336 528 2634 599 aliquando
2667 528 2719 582 in
2751 536 2947 583 venatu
2978 535 3145 591 esset,
3171 542 3201 579 e
3228 529 3361 582 silva

100 649 187 692 τις
235 628 605 695 παμμεγέθης
663 624 861 692 ἐλαφος
908 625 985 683 εἰς
1026 621 1189 689 μέσον
1236 618 1587 686 πεςοίτηκεν,
1620 609 1680 669 οὗ

94 724 210 771 τὼν
244 718 510 776 ὀπισθίων
571 716 749 769 ποδῶν
780 714 1041 782 ἐπαφεὶς
1091 712 1327 781 κορύνην
1368 712 1397 762 ὁ
1434 710 1681 778 βασιλεὺς

91 813 195 863 καὶ
255 810 671 877 κατευτυχήσας
710 806 935 867 τούτους
997 804 1296 857 διέθλασεν.
1337 802 1409 854 Τὸ
1451 800 1585 853 αὐτὸ
1621 801 1683 869 δὴ

90 903 260 953 τοῦτο
297 901 391 952 καὶ
425 901 519 951 ἐπὶ
550 898 699 967 λύκῳ
729 896 1141 965 κατεπεπράχει
1362 890 1687 961 Σφαιριζόν-

91 1011 207 1044 των
239 992 298 1043 δέ
323 990 465 1043 κατὰ
497 992 559 1042 τὸ
608 988 745 1059 πρὸς
776 987 846 1041 τὰ
890 986 1140 1057 βασίλεια
1184 985 1450 1054 μέσαυλον
1546 983 1687 1035 κατὰ

92 1083 279 1153 χῶρον
311 1084 357 1113 ⁷⁸
414 1083 597 1134 ἵππων
630 1079 1027 1150 ἁμιλλητήριον
1054 1118 1069 1141 ,
1107 1077 1361 1129 οὐδέποτε
1393 1077 1490 1145 τῆς
1527 1074 1688 1141 σφαί-

94 1192 203 1244 ρας
256 1172 583 1243 ἁποτετύχει
611 1174 748 1244 (51),
780 1174 957 1226 καίτοι
986 1169 1199 1223 πολλῶν
1242 1168 1688 1239 διαμιλλωμένων

95 1268 197 1319 καὶ
229 1266 681 1335 ἐπεμϐαινόντων
733 1269 798 1336 τῇ
833 1264 1060 1334 παιδιᾷ*
1093 1264 1186 1317 καὶ
1212 1260 1465 1315 τοσοῦτον
1499 1261 1688 1313 ἐπιτυ-

96 1357 211 1425 χῶς
245 1357 345 1409 καὶ
378 1355 641 1421 γενναίως
674 1354 742 1407 τὰ
774 1354 874 1423 τῆς
915 1352 1153 1421 σφαίρας
1178 1352 1326 1420 αὐτῷ
1365 1351 1475 1419 (52)
1516 1393 1529 1405 .
1567 1390 1581 1403 .
1621 1389 1634 1403 .
1671 1390 1685 1405 .

96 1447 245 1498 ὣστε
280 1446 542 1508 πολλάκις
570 1445 913 1514 τυπτήσαντι
963 1446 1169 1514 ταύτην
1194 1444 1288 1497 ἀπ’
1316 1442 1490 1513 ἄκρας
1512 1441 1691 1495 αύλῶ-

98 1557 193 1597 νος
244 1538 673 1605 διαὸιδασθῆναι
703 1537 807 1600 ἐξω
836 1537 981 1590 κατὰ
1011 1535 1145 1588 πολύ
1181 1552 1245 1604 γε
1275 1534 1367 1588 τοῦ
1398 1534 1691 1605 τέρματος,

101 1630 180 1691 ὡς
218 1631 292 1697 μὴ
325 1627 529 1697 ταύτην
561 1628 793 1697 ὁρᾶσθαι
824 1629 884 1681 τὸ
911 1628 1155 1680 σύνολον.
1197 1626 1695 1698 Ἐμεγαληγορείτο

98 1720 160 1771 δὲ
189 1720 286 1771 καὶ
317 1718 395 1787 τῷ
420 1718 650 1788 ἀρχηγῴ
678 1719 1007 1789 Βουλγάρων
1029 1718 1445 1789 παλαιστρικδς,
1467 1717 1524 1781 ὃς
1553 1718 1695 1771 κατὰ

103 1812 456 1880 παλαίστραν
488 1813 757 1879 ἐκέκτητο
784 1812 846 1863 τὸ
870 1813 1141 1881 ἀήττητον
1163 1828 1178 1841 ·
1220 1812 1408 1864 τοῦτον
1436 1812 1572 1881 πρὸς
1597 1810 1695 1880 τὴν

105 1902 362 1971 βασιλίδα
391 1900 741 1973 θαρρούντως
772 1902 1096 1970 ἐκπέπομφε
1138 1900 1184 1931 ⁷⁸
1220 1897 1582 1969 πειρασθῆναι
1600 1897 1691 1951 δυ-

102 1995 490 2056 ναστεύοντος.
536 1994 659 2044 Ἐπὶ
680 1992 856 2061 τούτῳ
879 1990 1163 2061 δυσφόρως
1188 1984 1333 2060 εἶχεν
1366 1991 1395 2042 δ
1416 1988 1689 2060 βασιλεὺς,

105 2088 248 2139 ἀλλὰ
276 2087 379 2152 τὴν
424 2084 722 2153 δυσφορίαν
777 2084 856 2145 εἰς
896 2082 956 2134 τὸ
989 2082 1218 2153 εὔφορον
1272 2080 1689 2151 μοτερύθμισεν,

104 2176 311 2231 ἐαυτὸν
328 2176 510 2237 καθεὶς
536 2178 601 2245 τῇ
626 2174 955 2245 παλαίστρᾳ,
976 2174 1113 2244 πλὴν
1136 2174 1275 2243 μετὰ
1303 2172 1693 2244 προσηκούσης

103 2270 212 2336 τῆς
260 2268 612 2338 ἐπικρύψεως
637 2286 652 2299 '
693 2267 1233 2337 μετασχηματισθεὶς
1260 2266 1369 2337 γὰρ
1396 2266 1504 2319 τῶν
1549 2266 1702 2334 βασι.

106 2360 284 2413 λικῶν
307 2360 550 2429 ἐσθήτων
568 2361 647 2430 τῷ
676 2360 963 2414 παλαίοντι
986 2358 1257 2428 πρόσεισι.
1282 2359 1390 2410 Καὶ
1419 2360 1446 2411 ὁ
1469 2356 1567 2426 μὲν
1586 2357 1699 2425 (55)

109 2453 336 2521 Σκύθης
360 2453 453 2505 τὸν
481 2451 770 2506 Μακεδόνα
806 2451 1135 2519 μετεωρίσαι
1170 2450 1244 2520 μὴ
1278 2449 1603 2503 ἐνδεδωκότα
1634 2452 1700 2518 τῇ

110 2542 275 2611 ἄρσει
306 2540 607 2610 διήμαρτεν
626 2555 641 2569 °
676 2543 705 2593 6
727 2540 784 2593 δὲ
834 2539 1022 2593 τοῦτον
1072 2542 1231 2609 χερσὶ
1262 2539 1537 2607 γενναίαις
1564 2540 1702 2593 ἐτοίο

114 2652 237 2704 μως
268 2635 464 2703 διάρας
499 2633 745 2705 σφοδρῶς
778 2649 837 2688 τε
869 2634 1222 2704 περιδινήσας
1254 2632 1703 2701 ἐπαγκυλίζεται,

114 2728 216 2779 καὶ
239 2727 385 2780 κατὰ
409 2725 515 2795 γῆν
543 2726 656 2795 (54)
688 2726 891 2794 πτῶμα
938 2728 1121 2797 ῥίπτει
1156 2723 1532 2793 παμμέγεθες,
1560 2724 1703 2776 ὥστε

114 2820 400 2881 πλείστοις
425 2818 526 2889 μέν
553 2818 731 2884 ὕδασι,
770 2818 1017 2888 δαψιλέσι
1047 2818 1103 2871 δὲ
1135 2819 1318 2883 οίνοις,
1344 2817 1480 2888 πρὸς
1509 2817 1565 2870 δὲ
1586 2817 1705 2878 ταῖς

1785 635 1987 673 cervus
2020 620 2210 689 ingens
2250 621 2304 674 in
2340 622 2584 675 medium
2631 620 2805 682 venit,
2839 622 2996 689 cujus
3031 620 3366 689 posteriores

1789 712 1955 780 pedes
1989 716 2232 781 conjecta
2265 714 2418 768 clava
2450 712 2739 781 confregit.
2783 712 2930 768 Idem
2975 713 3106 765 illud
3142 723 3197 766 et
3236 713 3368 782 lupo

1786 802 1934 856 fecit.
1975 802 2087 855 l’ila
2122 813 2304 857 autem
2336 818 2462 856 eum
2506 800 2761 857 luderent
2794 801 2850 855 in
2889 801 3027 853 atrio
3063 802 3129 853 ad
3162 804 3365 869 regiam

1787 905 1882 949 aut
1930 896 1984 948 in
2015 894 2197 957 Circo,
2232 911 2513 965 nunquam
2542 895 2822 949 aberravit
2859 909 2887 946 a
2933 894 3039 960 pila
3075 893 3366 961 tangenda,

1788 986 2039 1054 quamvis
2054 986 2243 1039 multis
2259 988 2597 1041 certantibus
2618 996 2671 1040 et
2693 984 3193 1038 intervenientibus
3215 982 3367 1035 ludo:

1791 1087 2012 1147 tamque
2068 1079 2259 1133 dextre
2310 1087 2365 1133 et
2391 1079 2569 1131 valide
2600 1079 2652 1131 id
2698 1078 2953 1141 faciebat,
2990 1086 3049 1128 ut
3075 1090 3215 1144 saepe
3248 1091 3369 1143 per-

1790 1190 1952 1228 cussa
1980 1176 2086 1245 pila
2120 1191 2381 1246 supremo
2420 1176 2598 1245 spatio
2627 1177 2787 1246 longe
2817 1177 3058 1231 ferretur
3082 1176 3224 1229 ultra
3262 1186 3371 1228 ter-

1792 1267 2026 1329 minum,
2063 1276 2122 1320 ut
2154 1282 2256 1320 nec
2284 1266 2698 1335 conspiceretur
2726 1267 2970 1319 omnino.
3007 1268 3177 1320 Porro
3208 1268 3375 1320 lucta-

1793 1366 1879 1409 tor
1903 1366 2023 1410 erat
2049 1356 2193 1426 apud
2230 1356 2589 1427 Bulgarorum
2621 1356 2817 1411 ducem
2855 1356 2911 1410 in
2956 1372 3149 1423 magna
3179 1357 3374 1409 existi-

1796 1450 2037 1503 matiOne
2084 1449 2337 1517 famaque
2401 1447 2656 1509 celebris,
2718 1456 2977 1515 tanquam
3030 1446 3267 1500 iuvimus
3321 1448 3376 1499 in

1794 1543 2078 1597 luctando.
2111 1542 2269 1596 lluuc
2300 1542 2390 1595 ille
2421 1555 2530 1594 non
2561 1539 2837 1593 dubitavit
2872 1541 2924 1594 in
2964 1540 3376 1609 imperatoriam

1796 1634 1988 1688 urbem
2034 1634 2279 1694 mittere.
2318 1640 2377 1686 ut
2417 1630 2723 1701 perieulum
2766 1630 2968 1684 faceret
3004 1646 3071 1683 an
3108 1630 3380 1698 potiorem

1798 1735 1981 1795 posset
2008 1725 2274 1778 invenire.
2299 1725 2426 1777 liam
2451 1738 2563 1776 rem
2584 1724 2809 1776 moleste
2826 1721 3036 1776 ferebat
3057 1722 3377 1790 imperator,

1799 1818 1893 1872 sed
1930 1816 2233 1871 molestiam
2278 1815 2425 1869 illam
2454 1814 2721 1877 removit.
2751 1814 2867 1884 ipse
2896 1813 3195 1868 demittens
3222 1828 3281 1868 se
3313 1813 3382 1866 ad

1796 1909 2141 1972 luctandum,
2175 1916 2553 1962 verumtamen
2582 1921 2706 1960 cum
2733 1906 2961 1960 decente
2986 1904 3382 1961 occultatione:

1798 2010 2008 2055 mutato
2020 2000 2169 2054 enim
2192 1998 2548 2069 imperatorio
2563 2008 2760 2053 ornatu
2781 1998 2835 2051 in
2852 2012 3074 2051 arenam
3096 1997 3387 2051 descendit

1800 2090 2068 2146 adversus
2098 2090 2443 2145 luctatorem.
2468 2089 2545 2143 Ac
2567 2088 2766 2161 Scytha
2792 2090 3016 2157 quidem
3034 2088 3385 2143 Macedonem

1801 2184 2094 2238 sublimem
2148 2182 2340 2236 tollere
2378 2182 2605 2236 minime
2642 2181 2929 2235 cedentem
2978 2178 3125 2234 haud
3166 2179 3339 2234 valuit
3372 2197 3389 2236 :

1802 2290 1993 2328 verum
2026 2274 2129 2327 iste
2160 2272 2312 2326 illum
2345 2272 2601 2326 manibus
2628 2270 2871 2325 robustis
2901 2270 3157 2323 facillime
3191 2272 3391 2323 tollens

1802 2364 1979 2419 valide
2035 2364 2428 2418 circumactum
2481 2363 2536 2417 in
2579 2372 2779 2419 terram
2820 2363 3028 2433 dejicit,
3053 2370 3391 2431 prostratum

1810 2456 1971 2527 128
1993 2472 2122 2511 casu
2154 2456 2394 2511 maximo
2419 2497 2433 2521 ,
2465 2456 2538 2509 ita
2579 2466 2641 2509 ut
2672 2456 2842 2509 multa
2867 2472 3005 2525 aqua
3029 2470 3092 2509 ae
3116 2456 3245 2509 vino
3270 2465 3394 2523 gut-

1806 2550 1989 2619 tisque
2021 2550 2261 2604 rosaceis
2291 2549 2498 2619 rigatus
2520 2548 2608 2601 vix
2633 2564 2660 2601 a
2692 2548 2936 2616 deliquio
2966 2548 3160 2600 anima:
3190 2547 3393 2601 libera-

1810 2651 1990 2707 retur,
2030 2659 2097 2697 ex
2134 2643 2366 2697 auribus
2410 2642 2745 2710 naribusque
2782 2649 3039 2695 manante
3077 2639 3342 2710 sanguine
3377 2656 3392 2703 ;

1816 2742 1877 2787 ut
1910 2734 1963 2789 id
2012 2735 2217 2789 factum
2250 2751 2581 2805 magnopere
2622 2735 3030 2788 admirarentur
3074 2742 3394 2802 praesentes,

1819 2826 1968 2896 quod
1997 2826 2180 2881 adhuc
2209 2828 2375 2881 etiam
2410 2827 2551 2880 fama
2584 2827 2916 2881 celebratur.

116 2917 185 2967 ἐκ
218 2915 392 2984 ῥόδων
428 2915 685 2984 σταγόσιν
706 2915 1255 2985 ἐγκατομδρούμενον
1286 2915 1438 2984 μόλις
1473 2931 1572 2967 που
1598 2915 1699 2985 τῆς
1732 2923 2054 2984 νεκρώσεως
2088 2923 2460 2994 ἀπηλλάχθαι,
2493 2922 2646 2975 ὢτων
2704 2939 2760 2975 τε
2795 2922 2892 2975 καὶ
2962 2922 3127 2991 ῥινῶν
3196 2919 3399 2973 ἐκϐλύ-

121 3025 322 3071 σαντος
350 3010 614 3079 αἵματοςο
661 3011 738 3075 ὡς
788 3010 997 3064 ἐνθένδε
1048 3010 1190 3064 κατὰ
1238 3010 1372 3063 πολὺ
1419 3009 1698 3082 θαυμάσαι
1737 3015 1863 3077 τοὺς
1893 3017 2169 3088 παρόντας
2188 3018 2251 3071 τὸ
2279 3015 2578 3087 γεγονὸς,ὃ
2623 3017 2717 3070 κα).
2753 3018 2916 3086 μέχρι
2965 3013 3058 3067 τοῦ
3092 3012 3187 3066 νῦν
3245 3015 3403 3065 ἐκτε-

122 3100 153 3152 0
164 3099 451 3176 ρύλληται.

214 3193 311 3245 Ἐν
346 3192 654 3262 οἱκτιρμοῖς
684 3190 742 3244 δέ
784 3190 1033 3261 πενήτων
1062 3190 1319 3255 πλούσιος
1355 3188 1423 3264 ἦν
1453 3194 1704 3265 ἐπιχορη-

1889 3191 1996 3248 Sed
2043 3202 2100 3247 et
2141 3191 2521 3246 misericordia
2564 3206 2693 3261 erga
2743 3205 3016 3260 pauperes
3064 3188 3220 3243 dives
3268 3187 3404 3241 ditia

125 3285 247 3353 γῶν
282 3282 553 3345 πλουσίως
584 3283 675 3336 τὸν
708 3282 876 3345 ἐλεον,
920 3284 1287 3353 νοσοκομείων
1334 3286 1717 3355 γηροκομείων

128 3392 195 3428 τε
231 3376 329 3426 καὶ
352 3374 807 3444 πτωχοτροφείων
833 3374 1129 3427 πολυειδῶν
1166 3377 1605 3444 ἐγκαινίσμασιν.
1642 3379 1714 3429 0'3

133 3466 249 3538 μὴν
278 3465 337 3520 δὲ
398 3465 611 3529 τούτοις
675 3467 857 3535 μόνοις
907 3467 1185 3536 ἐνέμενεν,
1242 3468 1379 3521 ἀλλὰ
1407 3471 1501 3521 καὶ
1543 3470 1719 3532 θείους

131 3561 305 3622 ναοὺς
336 3557 449 3626 (55)
483 3556 864 3628 σαθρωθέντας
905 3560 971 3628 τῇ
1008 3558 1332 3629 παλαιότητι
1362 3562 1497 3629 πρὸς
1538 3561 1722 3631 νεότη-

129 3665 232 3713 τος
263 3648 657 3720 μετηλλοιὼκει
704 3648 1059 3720 στερρότητα,
1113 3649 1320 3713 ἐπιθεὶς
1367 3649 1721 3719 κοσμιότητα.

135 3743 311 3795 Ὥστε
340 3742 402 3794 ού
441 3741 600 3811 μόνον
628 3740 741 3792 τῶν
769 3741 909 3793 κατὰ
957 3739 1119 3809 σῶμα
1146 3740 1247 3809 τῆς
1290 3742 1607 3811 ἐπιμελείας
1638 3741 1725 3793 διὰ

136 3833 425 3904 φροντίδος
485 3831 633 3900 ἐχειν
689 3829 880 3895 αὐτὸν,
940 3832 1077 3885 ἀλλὰ
1110 3832 1209 3885 καὶ
1248 3830 1354 3886 τῶν
1382 3833 1521 3885 κατὰ
1549 3832 1726 3903 ψυχὴν

134 3922 517 3979 ἐπισπεύδειν.
538 3922 646 3976 Καὶ
667 3922 775 3995 γὰρ
798 3922 898 3993 οὐχ
921 3924 1108 3993 ήγείτο
1130 3925 1430 3992 συμφέρον,
1466 3923 1607 3975 κατὰ
1628 3922 1726 3991 τήν

133 4014 354 4084 ἀγορὰν
378 4015 411 4084 ἡ
434 4013 599 4085 φόρος
628 4012 1096 4084 προσαγορεύεται
1113 4014 1549 4079 Κωνσταντίνου,
1572 4030 1727 4083 περι·

138 4107 319 4169 ιόντος
354 4105 401 4137 ’⁸
450 4105 608 4170 λαοῦ,
645 4104 920 4177 σύρμασιν
956 4104 1089 4172 ὕλης
1115 4106 1304 4159 τοῦτον
1337 4105 1472 4169 ὅλως
1528 4107 1732 4175 ἐνίσχε-

138 4198 273 4251 σθαι
298 4199 390 4250 καὶ
422 4199 531 4249 τῶν
552 4198 681 4267 περ).
707 4196 844 4250 Θεοῦ
871 4195 1196 4267 ἐκλελῆσθαι
1228 4198 1270 4227 ⁷⁷
1294 4212 1307 4227 ·
1334 4197 1402 4249 δι’
1425 4197 1454 4250 ὃ
1487 4201 1580 4251 καὶ
1600 4202 1725 4252 ναὸν

1819 3284 2111 3356 pra-stabat
2136 3283 2405 3338 beneficia
2426 3324 2441 3347 ,
2468 3284 2597 3337 dum
2630 3282 2861 3336 aedificia
2898 3281 3045 3334 varia
3072 3294 3174 3349 pro
3204 3280 3404 3333 invali-

1818 3380 1905 3433 dis
1935 3378 2163 3433 senibus
2210 3386 2375 3446 atque
2405 3378 2594 3446 egenis
2616 3374 2914 3436 curandis,
2958 3373 3207 3428 fovendis
3238 3383 3405 3443 atque

1818 3472 2031 3527 alendis
2061 3470 2478 3525 inslaurat.Nec
2510 3469 2601 3523 hic
2626 3466 3004 3531 substitit,sed
3028 3482 3213 3521 sacras
3234 3468 3407 3521 etiam

1818 3564 1965 3617 aedes
1988 3569 2261 3616 vetustate
2292 3561 2649 3615 labefactatas
2678 3559 2985 3620 renovavit,
3013 3559 3217 3612 additis
3239 3573 3407 3612 orna-

1822 3654 2024 3708 mentis
2054 3670 2068 3719 ;
2116 3654 2189 3707 ita
2218 3663 2277 3707 ut
2302 3668 2411 3707 non
2437 3654 2613 3708 solum
2638 3652 2891 3721 corporis
2930 3651 3159 3705 haberet
3192 3665 3405 3713 curam,

1822 3761 2013 3801 verum
2028 3746 2193 3800 etiam
2216 3746 2431 3800 animae.
2455 3745 2574 3799 Non
2597 3745 2763 3799 etiam
2787 3744 3022 3799 ducebat
3051 3742 3408 3806 conveniens,

1822 3838 2001 3892 forum
2026 3838 2173 3907 quod
2195 3837 2542 3893 Constantini
2568 3838 2793 3899 dicitur,
2824 3845 3077 3891 versante
3106 3835 3181 3888 ibi
3206 3836 3410 3904 populo

1824 3930 2140 4001 quisquiliis
2183 3932 2427 3985 materia:
2460 3938 2636 3985 totum
2679 3930 2854 3984 teneri
2882 3939 2935 3983 et
2966 3943 2996 3981 a
3037 3926 3210 3981 sacris
3241 3926 3412 3980 rebus

1824 4037 1945 4077 esse
1959 4022 2359 4078 abalienatum:
2385 4039 2556 4093 quare
2578 4023 2842 4091 templum
2867 4021 2939 4075 ibi
2962 4019 3200 4074 exstruit
3218 4018 3413 4072 honori

1837 4113 2084 4183 Deiparae
2113 4112 2447 4178 dedicatum,
2480 4111 2857 4182 magnitudine
2895 4109 3130 4175 modica,
3170 4110 3264 4165 sed
3294 4109 3417 4179 pul-

1838 4204 2157 4259 chritudine
2178 4205 2376 4259 mirum
2404 4206 2459 4259 in
2478 4204 2700 4260 modum
2718 4204 2950 4274 fulgens.

138 4293 205 4344 ἐν
226 4288 405 4361 ταύτῃ
426 4292 864 4361 προσπήγνυσιν,
887 4288 973 4359 ἐφ’
992 4283 1144 4361 ᾧπερ
1170 4289 1205 4361 ή
1230 4289 1535 4363 Θεομήτωρ
1598 4292 1836 4367 δημοσίᾳ
1866 4298 2182 4367 τετίμηται,
2242 4296 2451 4368 μετρίῳ
2503 4296 2723 4366 μεγάθει
2778 4294 2873 4347 καὶ.
2939 4292 3166 4363 ἀμέτρῳ
3196 4294 3209 4318 ³
3228 4292 3416 4345 κάλλει

138 4383 572 4457 διηυγασμένον.

199 4462 477 4538 ⁶Τοιοῦτος
506 4478 535 4529 δ
558 4476 932 4547 μιγαλουργδς
970 4473 1108 4540 ἄναξ
1147 4474 1445 4541 Βασίλειος,
1480 4476 1575 4528 καὶ
1607 4492 1704 4528 τοσ

1808 4474 1811 4504 ¹
1908 4477 2056 4531 Talis
2092 4485 2212 4531 erat
2237 4476 2328 4531 ille
2347 4474 2668 4546 magnificus
2702 4474 3002 4543 imperator
3029 4472 3264 4528 Basilius
3294 4482 3412 4527 tan-

144 4571 299 4625 αὖτα
321 4570 390 4621 τὰ
420 4570 634 4621 ἐκείνου
668 4568 1195 4638 μεγαλουργήματα.
1242 4567 1403 4620 Ἀλλὰ
1450 4583 1732 4637 προκατα-

149 4662 373 4734 σχεθεὶς
398 4661 511 4732 (56)
532 4661 781 4732 τηκεδόνι
808 4662 875 4732 τῇ
903 4662 969 4714 ἐκ
991 4659 1232 4731 διαροίας
1255 4660 1299 4691 ⁷⁸
1322 4660 1580 4731 γαστρὸς,
1608 4660 1732 4712 κατ’

148 4758 335 4827 ἄγραν
363 4755 426 4809 ἐκ
454 4772 597 4818 τινος
626 4753 1042 4825 περιπτώσεως,
1078 4752 1267 4805 ἔπειτα
1305 4753 1543 4825 πυρετοῦ
1599 4769 1733 4806 καυ-

154 4850 365 4913 σώδους
440 4848 841 4919 ἁναφλεγέντος
890 4846 1043 4918 αὐτῷ
1097 4845 1439 4917 ανικμῶντος
1495 4846 1733 4914 ζωτικὴν

1842 4581 2003 4641 taque
2058 4571 2179 4640 ejus
2207 4567 2491 4639 magnifica
2520 4582 2707 4637 opera.
2760 4567 3247 4621 Verumenimvero
3291 4580 3417 4617 cum

1841 4663 2131 4718 invasisset
2153 4677 2278 4716 eum
2303 4661 2555 4715 tabificus
2580 4661 2806 4715 morbus
2830 4675 2895 4712 ex
2922 4660 3190 4729 proﬂuvio
3211 4660 3420 4711 ventris

1840 4754 2135 4808 subsecuta
2183 4767 2371 4807 casum
2429 4750 2719 4820 quemdam
2774 4750 2826 4803 in
2870 4750 3183 4809 venatione,
3221 4749 3421 4803 deinde

1840 4845 2012 4900 febris
2039 4843 2240 4898 ardens
2270 4852 2459 4897 exorta
2494 4852 2640 4897 esset
2668 4856 2999 4896 consumens
3025 4855 3242 4893 onmem
3280 4841 3419 4893 vita-

1440 5006 1675 5062 "ARIAS
1718 5004 2127 5061 LECTIONES.

271 5132 377 5203 ’δή
405 5131 727 5203 καταχῶρον
755 5129 821 5186 L.
894 5128 941 5163 "
958 5126 1312 5198 ἐκπέπομφαι
1338 5126 1399 5182 ιι.
1476 5127 1524 5157 ⁷⁸
1553 5127 1834 5196 περιόντος
1866 5124 1997 5178 λαοῦ
2028 5125 2300 5195 συρμᾶσιν
2329 5122 2389 5176 L.
2465 5122 2509 5153 ⁷⁷
2550 5119 2871 5174 ἐκλελύσθαι
2914 5118 2974 5171 1,.

160 5204 288 5275 poi;
324 5202 385 5256 L.

3066 5118 3109 5146 "
3142 5119 3207 5185 τῇ
3237 5116 3421 5167 ἐκδια-

1352 5335 1598 5392 STEP".
1636 5334 1980 5391 BERGLERI
2012 5332 2239 5388 ΝΟΤτΕ.

239 5510 352 5583 (50)
394 5509 600 5583 Const._
623 5508 831 5583 Porph.
852 5524 909 5579 p.
940 5506 1059 5583 Ml.

242 5578 354 5651 (51)
386 5578 463 5635 Ita
496 5578 785 5651 scriptum,
816 5578 1160 5646 ἀποτετύχει.

238 5649 354 5724 (52)
386 5652 607 5724 Nullum
636 5649 792 5724 adest
826 5651 1075 5724 verbum.

241 5712 356 5792 (55)
387 5723 443 5775 ln
474 5720 857 5789 superioribus
893 5721 1056 5773 etiam
1096 5715 1203 5792 tale
1240 5714 1369 5783 quid
1429 5724 1616 5767 narrat
1675 5712 1743 5792 de
1786 5773 1791 5779 ,

172 5786 374 5849 Basilio
401 5786 642 5846 nondum
666 5792 1018 5860 imperatore,
1054 5788 1144 5841 ubi
1177 5795 1439 5860 auctores
1460 5786 1741 5860 annotavi.

180 5870 251 5919 ac
277 5873 499 5935 propter
529 5855 949 5918 similitudinem
1006 5860 1133 5914 licet
1173 5857 1286 5912 fere
1322 5855 1587 5927 suspicari
1638 5855 1745 5910 No-

1846 5509 2021 5555 strum
2054 5514 2216 5553 unam
2251 5511 2365 5549 rem
2395 5494 2631 5549 utaliam
2652 5500 2815 5559 atque
2846 5489 3012 5541 aliam
3033 5502 3281 5540 narrare.

1919 5570 2032 5637 (54)
2065 5570 2141 5623 lta
2174 5568 2463 5635 scriptum.
2485 5580 2593 5637 nun
2616 5562 2738 5637 γῇς.

1918 5627 2029 5707 (55)
2072 5627 2311 5692 Plurima
2354 5636 2553 5707 templa
2592 5627 2847 5707 aBasilio
2880 5630 2966 5707 vel
3006 5636 3284 5707 exstructa
3344 5627 3425 5675 vel

1845 5700 2150 5767 tttstaurata
2174 5700 2482 5764 enuutcraf
2523 5704 2711 5758 Const.
2767 5700 2967 5769 Porph.
3016 5716 3069 5767 p.
3110 5700 3210 5750 198
3270 5713 3425 5765 seqq.

1846 5784 1958 5837 vid.
1992 5782 2123 5835 Ζοιι.
2157 5796 2209 5848 p.
2266 5780 2384 5832 173.
2422 5776 2584 5848 Cedr.
2616 5772 2836 5848 "25:57.
2933 5841 2943 5848 _
2976 5839 2995 5848 _
3210 5839 3221 5848 _
3252 5838 3261 5848 _

1917 5853 2027 5922 (Siti)
2061 5839 2247 5905 (Zeust.
2288 5847 2487 5918 l’orpli.
2524 5862 2575 5915 ιι.
2605 5839 2730 5907 illi,
2764 5841 2945 5897 Nostri
2972 5839 3086 5895 fere
3110 5839 3319 5893 verbis.
